[
    {
        "productData": {
            "name": "Mother Kicked Apple 500ml",
            "productId": "mother-kicked-apple-500ml",
            "productShopPage": "https://gleneden.store.freshchoice.co.nz/lines/mother-kicked-apple-500ml",
            "productImageURL": "https://dtgxwmigmg3gc.cloudfront.net/imagery/assets/derivations/icon/512/512/true/eyJpZCI6IjNhZTlkYjkwYTM4MDFjMGEwYjUwYThhMDAwYjkyZjM0Iiwic3RvcmFnZSI6InB1YmxpY19zdG9yZSJ9?signature=c1a1db0a5d7b074c388cf08560fd44a4a2b6127821554198e54eeea8474325f6",
            "productDescription": ""
        },
        "priceData": {
            "bestPrice": "2.00",
            "price": "2.00",
            "pricePerLitre": 4.0,
            "bestPricePerLitre": 4.0
        },
        "store": {
            "id": "5d71a2f042cdd728db000b75",
            "name": "Glen Eden"
        },
        "timestamp": "2021-08-16T17:41:45.811492"
    },
    {
        "productData": {
            "name": "Monster Energy Ultra Paradise 500ml",
            "productId": "monster-energy-drink-ultra-paradise-500ml",
            "productShopPage": "https://gleneden.store.freshchoice.co.nz/lines/monster-energy-drink-ultra-paradise-500ml",
            "productImageURL": "https://dtgxwmigmg3gc.cloudfront.net/imagery/assets/derivations/icon/512/512/true/eyJpZCI6ImZiZDRkZTQxNzA0M2FiYTUyMjMwZWI0NTcyZGNmYTE1Iiwic3RvcmFnZSI6InB1YmxpY19zdG9yZSJ9?signature=8a439bf26b71114289dfea1720ed331b1e4784c534deade29db8ac38b1cc7c1a",
            "productDescription": ""
        },
        "priceData": {
            "bestPrice": "2.50",
            "price": "2.50",
            "pricePerLitre": 6.0,
            "bestPricePerLitre": 6.0
        },
        "store": {
            "id": "5d71a2f042cdd728db000b75",
            "name": "Glen Eden"
        },
        "timestamp": "2021-08-16T17:41:49.215694"
    },
    {
        "productData": {
            "name": "Monster Energy Ultra Zero 500ml",
            "productId": "monster-energy-ultra-zero-500ml",
            "productShopPage": "https://gleneden.store.freshchoice.co.nz/lines/monster-energy-ultra-zero-500ml",
            "productImageURL": "https://dtgxwmigmg3gc.cloudfront.net/imagery/assets/derivations/icon/512/512/true/eyJpZCI6IjdhN2FhYTUwZWU2NTYwYjBiNGY1NThhMTgwNmVlODI3Iiwic3RvcmFnZSI6InB1YmxpY19zdG9yZSJ9?signature=7907c49ba7d043175a426f84a71776de7dd51fa5c249237063aca9cb098abdbe",
            "productDescription": ""
        },
        "priceData": {
            "bestPrice": "2.50",
            "price": "2.50",
            "pricePerLitre": 6.0,
            "bestPricePerLitre": 6.0
        },
        "store": {
            "id": "5d71a2f042cdd728db000b75",
            "name": "Glen Eden"
        },
        "timestamp": "2021-08-16T17:41:51.716887"
    },
    {
        "productData": {
            "name": "Monster Energy Drink Can Green 500ml",
            "productId": "monster-energy-green-500ml",
            "productShopPage": "https://gleneden.store.freshchoice.co.nz/lines/monster-energy-green-500ml",
            "productImageURL": "https://dtgxwmigmg3gc.cloudfront.net/imagery/assets/derivations/icon/512/512/true/eyJpZCI6ImU3ZjNiNjJiNzI4Y2M0MTIxMjhiNjQ2ZmQ2OTQzMGEzIiwic3RvcmFnZSI6InB1YmxpY19zdG9yZSJ9?signature=637eac56411f57a79f345ea693f1418330d5742c3a04caddb460696dba06da06",
            "productDescription": ""
        },
        "priceData": {
            "bestPrice": "2.50",
            "price": "2.50",
            "pricePerLitre": 6.0,
            "bestPricePerLitre": 6.0
        },
        "store": {
            "id": "5d71a2f042cdd728db000b75",
            "name": "Glen Eden"
        },
        "timestamp": "2021-08-16T17:41:52.804722"
    },
    {
        "productData": {
            "name": "Monster Energy Drink Ultra Rosa 500ml",
            "productId": "monster-energy-drink-ultra-rosa-500ml",
            "productShopPage": "https://gleneden.store.freshchoice.co.nz/lines/monster-energy-drink-ultra-rosa-500ml",
            "productImageURL": "https://dtgxwmigmg3gc.cloudfront.net/imagery/assets/derivations/icon/512/512/true/eyJpZCI6IjZjYzFjMzcwYzM4Mzk4N2MyOTUzNWIyMTFjZTJlYjgxIiwic3RvcmFnZSI6InB1YmxpY19zdG9yZSJ9?signature=9cd08284785f9b24647ecc7d1dc08214d9d00318cc809bebdef1921d6b78bb95",
            "productDescription": ""
        },
        "priceData": {
            "bestPrice": "2.50",
            "price": "2.50",
            "pricePerLitre": 6.0,
            "bestPricePerLitre": 6.0
        },
        "store": {
            "id": "5d71a2f042cdd728db000b75",
            "name": "Glen Eden"
        },
        "timestamp": "2021-08-16T17:41:53.864724"
    },
    {
        "productData": {
            "name": "Mother Energy Drink Berry 500ml",
            "productId": "mother-energy-drink-berry-500ml",
            "productShopPage": "https://gleneden.store.freshchoice.co.nz/lines/mother-energy-drink-berry-500ml",
            "productImageURL": "https://dtgxwmigmg3gc.cloudfront.net/imagery/assets/derivations/icon/512/512/true/eyJpZCI6ImRhYTJlNjUzNzRjZjViNjI0ZDljNzUzNDA3YmE0ZDFkIiwic3RvcmFnZSI6InB1YmxpY19zdG9yZSJ9?signature=d9ffb465d71d599811c2ff7a788845bfe297eb3624ad7866a89cf0b3ece073f0",
            "productDescription": ""
        },
        "priceData": {
            "bestPrice": "2.00",
            "price": "2.00",
            "pricePerLitre": 4.0,
            "bestPricePerLitre": 4.0
        },
        "store": {
            "id": "5d71a2f042cdd728db000b75",
            "name": "Glen Eden"
        },
        "timestamp": "2021-08-16T17:41:56.863363"
    },
    {
        "productData": {
            "name": "Mother Energy Drink Black 500ml",
            "productId": "mother-energy-drink-black-500ml",
            "productShopPage": "https://gleneden.store.freshchoice.co.nz/lines/mother-energy-drink-black-500ml",
            "productImageURL": "https://dtgxwmigmg3gc.cloudfront.net/imagery/assets/derivations/icon/512/512/true/eyJpZCI6ImYyMzA5MjhkYjg3ODFhYmYzZDU3ZjE1YjNmYzU2MWFjIiwic3RvcmFnZSI6InB1YmxpY19zdG9yZSJ9?signature=d3dbddb83d3d457075cd5d8936bef0c5b48fce4fa3fe725995d8b6d57219ceb5",
            "productDescription": ""
        },
        "priceData": {
            "bestPrice": "2.00",
            "price": "2.00",
            "pricePerLitre": 4.0,
            "bestPricePerLitre": 4.0
        },
        "store": {
            "id": "5d71a2f042cdd728db000b75",
            "name": "Glen Eden"
        },
        "timestamp": "2021-08-16T17:41:58.082000"
    },
    {
        "productData": {
            "name": "Mother Energy Drink Passion 500ml",
            "productId": "mother-energy-drink-passion-500ml",
            "productShopPage": "https://gleneden.store.freshchoice.co.nz/lines/mother-energy-drink-passion-500ml",
            "productImageURL": "https://dtgxwmigmg3gc.cloudfront.net/imagery/assets/derivations/icon/512/512/true/eyJpZCI6ImQwODE2YTc4ZjBmNGU4NTU5Mzg1YjkxZmI5YjIzZjM0Iiwic3RvcmFnZSI6InB1YmxpY19zdG9yZSJ9?signature=713c495fef96a6427b917f0c7c7e855a963749ac5c1bf7dfd71e24ae08ea3123",
            "productDescription": ""
        },
        "priceData": {
            "bestPrice": "2.00",
            "price": "2.00",
            "pricePerLitre": 4.0,
            "bestPricePerLitre": 4.0
        },
        "store": {
            "id": "5d71a2f042cdd728db000b75",
            "name": "Glen Eden"
        },
        "timestamp": "2021-08-16T17:42:00.558590"
    },
    {
        "productData": {
            "name": "Mother Tropical Blast 500ml",
            "productId": "mother-tropical-blast-500ml",
            "productShopPage": "https://gleneden.store.freshchoice.co.nz/lines/mother-tropical-blast-500ml",
            "productImageURL": "https://dtgxwmigmg3gc.cloudfront.net/imagery/assets/derivations/icon/512/512/true/eyJpZCI6ImEyZmM1OTUwNDhlODM5YTRhMjQ2MTI1OGEyYzNlZWZhIiwic3RvcmFnZSI6InB1YmxpY19zdG9yZSJ9?signature=6c9470ee4067e8ec32b58eeac9d628404d3986058a9b1cdef46014d1bee50944",
            "productDescription": ""
        },
        "priceData": {
            "bestPrice": "2.00",
            "price": "2.00",
            "pricePerLitre": 4.0,
            "bestPricePerLitre": 4.0
        },
        "store": {
            "id": "5d71a2f042cdd728db000b75",
            "name": "Glen Eden"
        },
        "timestamp": "2021-08-16T17:42:01.740773"
    },
    {
        "productData": {
            "name": "Mother Epic Swell Energy Drink Twisted Apple 500ml",
            "productId": "mother-epic-swell-energy-drink-twisted-apple-500ml",
            "productShopPage": "https://gleneden.store.freshchoice.co.nz/lines/mother-epic-swell-energy-drink-twisted-apple-500ml",
            "productImageURL": "https://dtgxwmigmg3gc.cloudfront.net/imagery/assets/derivations/icon/512/512/true/eyJpZCI6ImE2ZjYxOGNhNjUyYzMxNzRhNjg2MDBhMGVjZmQ3MmJkIiwic3RvcmFnZSI6InB1YmxpY19zdG9yZSJ9?signature=954f74f8aba0fb24cb2a5248b1e93fe8a62fb8c7f902abbb08b7aed24bc44c80",
            "productDescription": ""
        },
        "priceData": {
            "bestPrice": "2.00",
            "price": "2.00",
            "pricePerLitre": 4.0,
            "bestPricePerLitre": 4.0
        },
        "store": {
            "id": "5d71a2f042cdd728db000b75",
            "name": "Glen Eden"
        },
        "timestamp": "2021-08-16T17:42:03.959732"
    },
    {
        "productData": {
            "name": "V Energy Drink Guarana 500ml",
            "productId": "v-energy-drink-guarana-500ml",
            "productShopPage": "https://gleneden.store.freshchoice.co.nz/lines/v-energy-drink-guarana-500ml",
            "productImageURL": "https://dtgxwmigmg3gc.cloudfront.net/imagery/assets/derivations/icon/512/512/true/eyJpZCI6IjgzZDAxMjhiMzg4NmEwZmE4YTE2ZjY2NWIzNmM2NzI2Iiwic3RvcmFnZSI6InB1YmxpY19zdG9yZSJ9?signature=f55ecc561066291a4e74a967db35ea2355f881bd1708bf400fd790032384ae4f",
            "productDescription": ""
        },
        "priceData": {
            "bestPrice": "2.50",
            "price": "2.50",
            "pricePerLitre": 7.6,
            "bestPricePerLitre": 7.6
        },
        "store": {
            "id": "5d71a2f042cdd728db000b75",
            "name": "Glen Eden"
        },
        "timestamp": "2021-08-16T17:42:07.380476"
    },
    {
        "productData": {
            "name": "V Energy Drink Sugarfree 500ml",
            "productId": "v-energy-drink-sugarfree-500ml",
            "productShopPage": "https://gleneden.store.freshchoice.co.nz/lines/v-energy-drink-sugarfree-500ml",
            "productImageURL": "https://dtgxwmigmg3gc.cloudfront.net/imagery/assets/derivations/icon/512/512/true/eyJpZCI6ImVkZTAxNTNmMDI1NmU1NDZjNWQ5MTc3MjE3ZTQ3YTQ0Iiwic3RvcmFnZSI6InB1YmxpY19zdG9yZSJ9?signature=abcf72d9faa9ee3044eaa3b7ee0bf9b4fd8f582379018d8727f2234b7d3f3c85",
            "productDescription": ""
        },
        "priceData": {
            "bestPrice": "2.50",
            "price": "2.50",
            "pricePerLitre": 7.6,
            "bestPricePerLitre": 7.6
        },
        "store": {
            "id": "5d71a2f042cdd728db000b75",
            "name": "Glen Eden"
        },
        "timestamp": "2021-08-16T17:42:08.702251"
    },
    {
        "productData": {
            "name": "V Energy Drink Sugar Free Guarana 250ml",
            "productId": "v-energy-drink-sugar-free-guarana-250ml",
            "productShopPage": "https://gleneden.store.freshchoice.co.nz/lines/v-energy-drink-sugar-free-guarana-250ml",
            "productImageURL": "https://dtgxwmigmg3gc.cloudfront.net/imagery/assets/derivations/icon/512/512/true/eyJpZCI6ImZiNzM1NmU4NTMyZDllODlkZTljZmNlOGY2MzQ5NGQwIiwic3RvcmFnZSI6InB1YmxpY19zdG9yZSJ9?signature=72b0ce0a48ca796717c115fe5e8b4564501470f63bf80ae865d26e9d131a2b8c",
            "productDescription": ""
        },
        "priceData": {
            "bestPrice": "2.20",
            "price": "2.20",
            "pricePerLitre": 8.8,
            "bestPricePerLitre": 8.8
        },
        "store": {
            "id": "5d71a2f042cdd728db000b75",
            "name": "Glen Eden"
        },
        "timestamp": "2021-08-16T17:42:09.865762"
    },
    {
        "productData": {
            "name": "V Energy Drink Blue Guarana Spritzed 350ml",
            "productId": "v-blue-energy-drink-blue-guarana-spritzed-350ml",
            "productShopPage": "https://gleneden.store.freshchoice.co.nz/lines/v-blue-energy-drink-blue-guarana-spritzed-350ml",
            "productImageURL": "https://dtgxwmigmg3gc.cloudfront.net/imagery/assets/derivations/icon/512/512/true/eyJpZCI6ImY2OTRlZGI4NjdlNWMzZDM5NzgzMDQ0ODFkMzUxZGZiIiwic3RvcmFnZSI6InB1YmxpY19zdG9yZSJ9?signature=591b3079cb9c2407a29b3bc348eaf42dc1d34daba5c9d7aba65be654725b6719",
            "productDescription": ""
        },
        "priceData": {
            "bestPrice": "3.50",
            "price": "3.50",
            "pricePerLitre": 10.0,
            "bestPricePerLitre": 10.0
        },
        "store": {
            "id": "5d71a2f042cdd728db000b75",
            "name": "Glen Eden"
        },
        "timestamp": "2021-08-16T17:42:12.024487"
    },
    {
        "productData": {
            "name": "V Energy Drink Green Guarana 350ml",
            "productId": "v-energy-drink-green-guarana-350ml",
            "productShopPage": "https://gleneden.store.freshchoice.co.nz/lines/v-energy-drink-green-guarana-350ml",
            "productImageURL": "https://dtgxwmigmg3gc.cloudfront.net/imagery/assets/derivations/icon/512/512/true/eyJpZCI6IjRiNjY4ZjYxOTQ2ODYyN2MzM2NiZWMyNGUyNmIyODk4Iiwic3RvcmFnZSI6InB1YmxpY19zdG9yZSJ9?signature=4cded9cb42349eef45a593461f311b1bb7fa881295733879671ad9fe9887d30c",
            "productDescription": ""
        },
        "priceData": {
            "bestPrice": "3.50",
            "price": "3.50",
            "pricePerLitre": 10.0,
            "bestPricePerLitre": 10.0
        },
        "store": {
            "id": "5d71a2f042cdd728db000b75",
            "name": "Glen Eden"
        },
        "timestamp": "2021-08-16T17:42:13.029549"
    },
    {
        "productData": {
            "name": "V Energy Drink Guarana Can 250ml",
            "productId": "v-energy-drink-guarana-can-250ml",
            "productShopPage": "https://gleneden.store.freshchoice.co.nz/lines/v-energy-drink-guarana-can-250ml",
            "productImageURL": "https://dtgxwmigmg3gc.cloudfront.net/imagery/assets/derivations/icon/512/512/true/eyJpZCI6Ijc3Nzk1NjE2ZDhhNmFiMThhYzEzODYzOTg2ZmNkNzgwIiwic3RvcmFnZSI6InB1YmxpY19zdG9yZSJ9?signature=f5de1854d43e19cc62bff86893d4a55615cd916f8425a4dccd170b52eba81255",
            "productDescription": ""
        },
        "priceData": {
            "bestPrice": "2.20",
            "price": "2.20",
            "pricePerLitre": 8.8,
            "bestPricePerLitre": 8.8
        },
        "store": {
            "id": "5d71a2f042cdd728db000b75",
            "name": "Glen Eden"
        },
        "timestamp": "2021-08-16T17:42:14.045176"
    },
    {
        "productData": {
            "name": "V Energy Drink Guarana Can 500ml",
            "productId": "v-energy-drink-guarana-can-500ml",
            "productShopPage": "https://gleneden.store.freshchoice.co.nz/lines/v-energy-drink-guarana-can-500ml",
            "productImageURL": "https://dtgxwmigmg3gc.cloudfront.net/imagery/assets/derivations/icon/512/512/true/eyJpZCI6ImI0NjgzNGZjNDRkMjU0MjgzYzJjZGNhMzA2NWIxYjA5Iiwic3RvcmFnZSI6InB1YmxpY19zdG9yZSJ9?signature=265e8273409849423466e7623cbbdf8352940707b8830803eec391e8f32c9c5f",
            "productDescription": ""
        },
        "priceData": {
            "bestPrice": "3.50",
            "price": "3.50",
            "pricePerLitre": 7.0,
            "bestPricePerLitre": 7.0
        },
        "store": {
            "id": "5d71a2f042cdd728db000b75",
            "name": "Glen Eden"
        },
        "timestamp": "2021-08-16T17:42:15.274930"
    },
    {
        "productData": {
            "name": "V Energy Drink Sugar Free Guarana 500ml",
            "productId": "v-energy-drink-sugar-free-guarana-500ml",
            "productShopPage": "https://gleneden.store.freshchoice.co.nz/lines/v-energy-drink-sugar-free-guarana-500ml",
            "productImageURL": "https://dtgxwmigmg3gc.cloudfront.net/imagery/assets/derivations/icon/512/512/true/eyJpZCI6Ijg4MGExMDYxOTY4NTJiYzM1ZTExMmU2MGE2OWYxNDE3Iiwic3RvcmFnZSI6InB1YmxpY19zdG9yZSJ9?signature=b0536d25b9da8158705e24c88e21fabbf85c1dabc19f18108c386e956ffd7045",
            "productDescription": ""
        },
        "priceData": {
            "bestPrice": "3.50",
            "price": "3.50",
            "pricePerLitre": 7.0,
            "bestPricePerLitre": 7.0
        },
        "store": {
            "id": "5d71a2f042cdd728db000b75",
            "name": "Glen Eden"
        },
        "timestamp": "2021-08-16T17:42:18.556459"
    },
    {
        "productData": {
            "name": "V Energy Drink Skills Cans 275ml 4 Pack",
            "productId": "v-energy-drink-skills-cans-275ml-4-pack",
            "productShopPage": "https://gleneden.store.freshchoice.co.nz/lines/v-energy-drink-skills-cans-275ml-4-pack",
            "productImageURL": "https://dtgxwmigmg3gc.cloudfront.net/imagery/assets/derivations/icon/512/512/true/eyJpZCI6ImZhMzA2N2NiM2YxMmVkM2ZhZjhhYmM4OGE1YTJhNzczIiwic3RvcmFnZSI6InB1YmxpY19zdG9yZSJ9?signature=34fcde8f5a021036c475a1dfff6748625e0747bb134ec737312b15bbe8e883eb",
            "productDescription": ""
        },
        "priceData": {
            "bestPrice": "7.10",
            "price": "7.10",
            "pricePerLitre": 8.5,
            "bestPricePerLitre": 8.5
        },
        "store": {
            "id": "5d71a2f042cdd728db000b75",
            "name": "Glen Eden"
        },
        "timestamp": "2021-08-16T17:42:19.685990"
    },
    {
        "productData": {
            "name": "V Blue Energy Drink Bottle 500ml",
            "productId": "v-blue-energy-drink-bottle-500ml",
            "productShopPage": "https://gleneden.store.freshchoice.co.nz/lines/v-blue-energy-drink-bottle-500ml",
            "productImageURL": "https://dtgxwmigmg3gc.cloudfront.net/imagery/assets/derivations/icon/512/512/true/eyJpZCI6IjgyYWYxYWY4MGI4MzUxODhiYmVhZGVhM2U2NzY0MzI5Iiwic3RvcmFnZSI6InB1YmxpY19zdG9yZSJ9?signature=7e70fc576864a528a1431734d680cbf177a11b419a692dbfd34800c31b8944ec",
            "productDescription": ""
        },
        "priceData": {
            "bestPrice": "2.50",
            "price": "2.50",
            "pricePerLitre": 7.6,
            "bestPricePerLitre": 7.6
        },
        "store": {
            "id": "5d71a2f042cdd728db000b75",
            "name": "Glen Eden"
        },
        "timestamp": "2021-08-16T17:42:21.829639"
    },
    {
        "productData": {
            "name": "V Blue Sugarfree Energy Drink 500ml",
            "productId": "v-blue-sugarfree-energy-drink-500ml",
            "productShopPage": "https://gleneden.store.freshchoice.co.nz/lines/v-blue-sugarfree-energy-drink-500ml",
            "productImageURL": "https://dtgxwmigmg3gc.cloudfront.net/imagery/assets/derivations/icon/512/512/true/eyJpZCI6ImVmYjQyOWRmM2JjZjc3NTY1ZDIwMTEyNTY0MDdmZjA1Iiwic3RvcmFnZSI6InB1YmxpY19zdG9yZSJ9?signature=2911d59474d8305039a3be3bef0f887c38d9ab84596314b13cc4b150101175ab",
            "productDescription": ""
        },
        "priceData": {
            "bestPrice": "3.50",
            "price": "3.50",
            "pricePerLitre": 7.0,
            "bestPricePerLitre": 7.0
        },
        "store": {
            "id": "5d71a2f042cdd728db000b75",
            "name": "Glen Eden"
        },
        "timestamp": "2021-08-16T17:42:22.817680"
    },
    {
        "productData": {
            "name": "V Raspberry Lemonade Energy Drink 500ml",
            "productId": "v-energy-drink-raspberry-lemonade-500ml-can",
            "productShopPage": "https://gleneden.store.freshchoice.co.nz/lines/v-energy-drink-raspberry-lemonade-500ml-can",
            "productImageURL": "https://dtgxwmigmg3gc.cloudfront.net/imagery/assets/derivations/icon/512/512/true/eyJpZCI6ImE3N2Y5NzBmY2FhOWZhYmZiOTc3MmYyMzE4MGRiOTcxIiwic3RvcmFnZSI6InB1YmxpY19zdG9yZSJ9?signature=2bb7890fe6d7b0c0c6a522be31c78077be0aa570ca4c8aa5549ccf80761262dc",
            "productDescription": ""
        },
        "priceData": {
            "bestPrice": "3.50",
            "price": "3.50",
            "pricePerLitre": 7.0,
            "bestPricePerLitre": 7.0
        },
        "store": {
            "id": "5d71a2f042cdd728db000b75",
            "name": "Glen Eden"
        },
        "timestamp": "2021-08-16T17:42:23.877335"
    },
    {
        "productData": {
            "name": "V Blue Energy Drink 275ml Cans 4 Pack",
            "productId": "v-blue-energy-drink-275ml-cans-4-pack",
            "productShopPage": "https://gleneden.store.freshchoice.co.nz/lines/v-blue-energy-drink-275ml-cans-4-pack",
            "productImageURL": "https://dtgxwmigmg3gc.cloudfront.net/imagery/assets/derivations/icon/512/512/true/eyJpZCI6IjcxMTc0MzEzN2QzNTUzODQwMmUyODZjMDJkNTM3OTk3Iiwic3RvcmFnZSI6InB1YmxpY19zdG9yZSJ9?signature=5697ef2f72e1e995472b76c19c7c6201b3deb266e060743ac9ae1219dbf2226c",
            "productDescription": ""
        },
        "priceData": {
            "bestPrice": "7.10",
            "price": "7.10",
            "pricePerLitre": 8.5,
            "bestPricePerLitre": 8.5
        },
        "store": {
            "id": "5d71a2f042cdd728db000b75",
            "name": "Glen Eden"
        },
        "timestamp": "2021-08-16T17:42:26.051948"
    },
    {
        "productData": {
            "name": "V Blue Energy Drink Blue Guarana Can 250ml",
            "productId": "v-blue-energy-drink-blue-guarana-can-250ml",
            "productShopPage": "https://gleneden.store.freshchoice.co.nz/lines/v-blue-energy-drink-blue-guarana-can-250ml",
            "productImageURL": "https://dtgxwmigmg3gc.cloudfront.net/imagery/assets/derivations/icon/512/512/true/eyJpZCI6IjBmZjQwNDEyZWQ2ZDk4YTg3YWQ2ZDUyMWZlNjM1YzJkIiwic3RvcmFnZSI6InB1YmxpY19zdG9yZSJ9?signature=8f745abe5614ec47b3d7a07f1a34ba529184a87b2a696211ba5a0f9f29c86bf0",
            "productDescription": ""
        },
        "priceData": {
            "bestPrice": "2.20",
            "price": "2.20",
            "pricePerLitre": 8.8,
            "bestPricePerLitre": 8.8
        },
        "store": {
            "id": "5d71a2f042cdd728db000b75",
            "name": "Glen Eden"
        },
        "timestamp": "2021-08-16T17:42:27.051487"
    },
    {
        "productData": {
            "name": "V Blue Energy Drink Blue Guarana Can 500ml",
            "productId": "v-blue-energy-drink-blue-guarana-can-500ml",
            "productShopPage": "https://gleneden.store.freshchoice.co.nz/lines/v-blue-energy-drink-blue-guarana-can-500ml",
            "productImageURL": "https://dtgxwmigmg3gc.cloudfront.net/imagery/assets/derivations/icon/512/512/true/eyJpZCI6ImFmYjEyYjVjYTU2YWI5ZDJhMTVmNGY2MDg2NWFlNzgxIiwic3RvcmFnZSI6InB1YmxpY19zdG9yZSJ9?signature=b537a8cc5a2c0f90f1702b2c541db44c3a740a0ec4a96e92ab2d6537f9320e8d",
            "productDescription": ""
        },
        "priceData": {
            "bestPrice": "3.50",
            "price": "3.50",
            "pricePerLitre": 7.0,
            "bestPricePerLitre": 7.0
        },
        "store": {
            "id": "5d71a2f042cdd728db000b75",
            "name": "Glen Eden"
        },
        "timestamp": "2021-08-16T17:42:28.023812"
    },
    {
        "productData": {
            "name": "V Energy Drink Sugar Free Guarana 275ml 4 Pack",
            "productId": "v-energy-drink-sugar-free-guarana-275ml-4-pack",
            "productShopPage": "https://gleneden.store.freshchoice.co.nz/lines/v-energy-drink-sugar-free-guarana-275ml-4-pack",
            "productImageURL": "https://dtgxwmigmg3gc.cloudfront.net/imagery/assets/derivations/icon/512/512/true/eyJpZCI6IjdiYzk4MzAyN2RlNTU0MjQ4NDZkZTEzOTYzMDhmZWY0Iiwic3RvcmFnZSI6InB1YmxpY19zdG9yZSJ9?signature=6fe2c0378a010de1a1a8a9b1ea9c06d97cf3e6fef4a86c66b9cdd5f4bab7bcd6",
            "productDescription": ""
        },
        "priceData": {
            "bestPrice": "7.10",
            "price": "7.10",
            "pricePerLitre": 8.5,
            "bestPricePerLitre": 8.5
        },
        "store": {
            "id": "5d71a2f042cdd728db000b75",
            "name": "Glen Eden"
        },
        "timestamp": "2021-08-16T17:42:31.481261"
    },
    {
        "productData": {
            "name": "V Energy Drink Sugar Free Guarana Bottle 350ml",
            "productId": "v-energy-drink-sugar-free-guarana-bottle-350ml",
            "productShopPage": "https://gleneden.store.freshchoice.co.nz/lines/v-energy-drink-sugar-free-guarana-bottle-350ml",
            "productImageURL": "https://dtgxwmigmg3gc.cloudfront.net/imagery/assets/derivations/icon/512/512/true/eyJpZCI6IjQzYmZlOTg1YzY2ZGQ0ZDI1YzUyZDk3MGJhMmJhMGM3Iiwic3RvcmFnZSI6InB1YmxpY19zdG9yZSJ9?signature=7a4bb3eb2264f52495ae9ba8fbf21b5a3e59e12c0d6208cfa1591261da333f55",
            "productDescription": ""
        },
        "priceData": {
            "bestPrice": "3.50",
            "price": "3.50",
            "pricePerLitre": 10.0,
            "bestPricePerLitre": 10.0
        },
        "store": {
            "id": "5d71a2f042cdd728db000b75",
            "name": "Glen Eden"
        },
        "timestamp": "2021-08-16T17:42:32.444963"
    },
    {
        "productData": {
            "name": "V Raspberry Lemonade Energy Drink 4x275ml",
            "productId": "v-energy-drink-raspberry-lemonade-4-x-275ml-cans",
            "productShopPage": "https://gleneden.store.freshchoice.co.nz/lines/v-energy-drink-raspberry-lemonade-4-x-275ml-cans",
            "productImageURL": "https://dtgxwmigmg3gc.cloudfront.net/imagery/assets/derivations/icon/512/512/true/eyJpZCI6IjQ2MzE5NTc1YTNlNDc2YWFlOWFmYzkzYjg5YTIzZmU3Iiwic3RvcmFnZSI6InB1YmxpY19zdG9yZSJ9?signature=9589191fe8e8372f03cc1eafaa844916cfe9f79df0af381c3fcba9ff575f2803",
            "productDescription": ""
        },
        "priceData": {
            "bestPrice": "7.10",
            "price": "7.10",
            "pricePerLitre": 8.5,
            "bestPricePerLitre": 8.5
        },
        "store": {
            "id": "5d71a2f042cdd728db000b75",
            "name": "Glen Eden"
        },
        "timestamp": "2021-08-16T17:42:34.413750"
    },
    {
        "productData": {
            "name": "V Green Energy Drink 355ml 6 Pack",
            "productId": "v-green-energy-drink-355ml-6-pack",
            "productShopPage": "https://gleneden.store.freshchoice.co.nz/lines/v-green-energy-drink-355ml-6-pack",
            "productImageURL": "https://dtgxwmigmg3gc.cloudfront.net/imagery/assets/derivations/icon/512/512/true/eyJpZCI6ImRiOTAxYjhjNGE3NzQyNTEyYTljM2M5YTI2ZmQ5MTE5Iiwic3RvcmFnZSI6InB1YmxpY19zdG9yZSJ9?signature=12de0554d72324a76472d930a39c587a4837a2f051666f744164725a96b2f104",
            "productDescription": ""
        },
        "priceData": {
            "bestPrice": "11.00",
            "price": "11.00",
            "pricePerLitre": 7.7,
            "bestPricePerLitre": 7.7
        },
        "store": {
            "id": "5d71a2f042cdd728db000b75",
            "name": "Glen Eden"
        },
        "timestamp": "2021-08-16T17:42:37.521119"
    },
    {
        "productData": {
            "name": "Monster Super Fuel Zero Sugar 550ml",
            "productId": "monster-super-fuel-zero-sugar-550ml",
            "productShopPage": "https://gleneden.store.freshchoice.co.nz/lines/monster-super-fuel-zero-sugar-550ml",
            "productImageURL": "https://dtgxwmigmg3gc.cloudfront.net/imagery/assets/derivations/icon/512/512/true/eyJpZCI6IjRkOTE3NzhmODIxNDI1ZDJjNDg3Yjc0M2YyMzEyYmYxIiwic3RvcmFnZSI6InB1YmxpY19zdG9yZSJ9?signature=4b9dbd15c40f85466e597873c567f989183b284947e8c8dc4df58667789214a2",
            "productDescription": ""
        },
        "priceData": {
            "bestPrice": "3.50",
            "price": "3.50",
            "pricePerLitre": 7.3,
            "bestPricePerLitre": 7.3
        },
        "store": {
            "id": "5d71a2f042cdd728db000b75",
            "name": "Glen Eden"
        },
        "timestamp": "2021-08-16T17:42:41.735169"
    },
    {
        "productData": {
            "name": "Monster Mule Ginger Brew 500ml",
            "productId": "monster-mule-ginger-brew-500ml",
            "productShopPage": "https://gleneden.store.freshchoice.co.nz/lines/monster-mule-ginger-brew-500ml",
            "productImageURL": "https://dtgxwmigmg3gc.cloudfront.net/imagery/assets/derivations/icon/512/512/true/eyJpZCI6ImM1OTM5MTIyZTRlNmNhNzk0ODFlMDE4ZWVmMWE2Y2ZlIiwic3RvcmFnZSI6InB1YmxpY19zdG9yZSJ9?signature=5d11287f30ef58c148e37382d61c0d83097d5461683a9aa5dd9456941c1f32e5",
            "productDescription": ""
        },
        "priceData": {
            "bestPrice": "2.50",
            "price": "2.50",
            "pricePerLitre": 6.0,
            "bestPricePerLitre": 6.0
        },
        "store": {
            "id": "5d71a2f042cdd728db000b75",
            "name": "Glen Eden"
        },
        "timestamp": "2021-08-16T17:42:42.894173"
    },
    {
        "productData": {
            "name": "Monster Super Fuel Purple Passion 550ml",
            "productId": "monster-super-fuel-purple-passion-550ml",
            "productShopPage": "https://gleneden.store.freshchoice.co.nz/lines/monster-super-fuel-purple-passion-550ml",
            "productImageURL": "https://dtgxwmigmg3gc.cloudfront.net/imagery/assets/derivations/icon/512/512/true/eyJpZCI6IjNkMTY1OTQwMzgyOTZjZjVlMjNlNjBjMDQ3NTE1YWM0Iiwic3RvcmFnZSI6InB1YmxpY19zdG9yZSJ9?signature=4d4ccd77dab941d955a8037242a41833afdc7251d3bd5b5c4b99705770273998",
            "productDescription": ""
        },
        "priceData": {
            "bestPrice": "3.50",
            "price": "3.50",
            "pricePerLitre": 7.3,
            "bestPricePerLitre": 7.3
        },
        "store": {
            "id": "5d71a2f042cdd728db000b75",
            "name": "Glen Eden"
        },
        "timestamp": "2021-08-16T17:42:45.861700"
    },
    {
        "productData": {
            "name": "Monster Energy Pipeline Punch 500ml",
            "productId": "monster-energy-pipeline-punch-500ml",
            "productShopPage": "https://gleneden.store.freshchoice.co.nz/lines/monster-energy-pipeline-punch-500ml",
            "productImageURL": "https://dtgxwmigmg3gc.cloudfront.net/imagery/assets/derivations/icon/512/512/true/eyJpZCI6IjM3ZWY2OTY5OWFlNTJlZTRjNTY1ZmFmYWIwOTIxMjg4Iiwic3RvcmFnZSI6InB1YmxpY19zdG9yZSJ9?signature=79ed6699c35bd716a9d5d9457c39ce62c523edaa4059b6b45d4dcc7caf65cef9",
            "productDescription": ""
        },
        "priceData": {
            "bestPrice": "2.50",
            "price": "2.50",
            "pricePerLitre": 6.0,
            "bestPricePerLitre": 6.0
        },
        "store": {
            "id": "5d71a2f042cdd728db000b75",
            "name": "Glen Eden"
        },
        "timestamp": "2021-08-16T17:42:47.009234"
    },
    {
        "productData": {
            "name": "Live Plus Energy Drink Citrus Flavour 500ml",
            "productId": "live-plus-persist-500ml",
            "productShopPage": "https://gleneden.store.freshchoice.co.nz/lines/live-plus-persist-500ml",
            "productImageURL": "https://dtgxwmigmg3gc.cloudfront.net/imagery/assets/derivations/icon/512/512/true/eyJpZCI6IjFlNWQ5YzI4OWM1N2UzNmYzZmI2NThlMDQzZTI3ZjE4Iiwic3RvcmFnZSI6InB1YmxpY19zdG9yZSJ9?signature=756b17fefe47174b90e7dbec8cd09db27f9f59f4994bc750b71256ae93ba9fa8",
            "productDescription": ""
        },
        "priceData": {
            "bestPrice": "2.00",
            "price": "2.00",
            "pricePerLitre": 6.0,
            "bestPricePerLitre": 6.0
        },
        "store": {
            "id": "5d71a2f042cdd728db000b75",
            "name": "Glen Eden"
        },
        "timestamp": "2021-08-16T17:42:48.186772"
    },
    {
        "productData": {
            "name": "Live Plus Energy Drink Tart Apple Apple Flavour 500ml",
            "productId": "live-plus-ignite-500ml",
            "productShopPage": "https://gleneden.store.freshchoice.co.nz/lines/live-plus-ignite-500ml",
            "productImageURL": "https://dtgxwmigmg3gc.cloudfront.net/imagery/assets/derivations/icon/512/512/true/eyJpZCI6IjViOGViZjhmZTQzYjFlYTMzNDM5YjJjMjg3ZDRmY2YyIiwic3RvcmFnZSI6InB1YmxpY19zdG9yZSJ9?signature=140ae19352cd0dcec7e77f90fa4dfaa9fa17086439f730510afc5d906e1415bf",
            "productDescription": ""
        },
        "priceData": {
            "bestPrice": "2.00",
            "price": "2.00",
            "pricePerLitre": 4.0,
            "bestPricePerLitre": 4.0
        },
        "store": {
            "id": "5d71a2f042cdd728db000b75",
            "name": "Glen Eden"
        },
        "timestamp": "2021-08-16T17:42:49.669786"
    },
    {
        "productData": {
            "name": "V Guarana Energy Drink Blue Sugarfree 250ml",
            "productId": "v-blue-sugarfree-energy-drink-250ml",
            "productShopPage": "https://gleneden.store.freshchoice.co.nz/lines/v-blue-sugarfree-energy-drink-250ml",
            "productImageURL": "https://dtgxwmigmg3gc.cloudfront.net/imagery/assets/derivations/icon/512/512/true/eyJpZCI6IjI3YWJiOTVhYjNhMjEwMDU2MWJhMmRhNTM3YjRhZjVmIiwic3RvcmFnZSI6InB1YmxpY19zdG9yZSJ9?signature=66769306ca1d0ba674603954d338186dc999f6d1839090d49fde9416b3252365",
            "productDescription": ""
        },
        "priceData": {
            "bestPrice": "2.20",
            "price": "2.20",
            "pricePerLitre": 8.8,
            "bestPricePerLitre": 8.8
        },
        "store": {
            "id": "5d71a2f042cdd728db000b75",
            "name": "Glen Eden"
        },
        "timestamp": "2021-08-16T17:42:50.816682"
    },
    {
        "productData": {
            "name": "Rockstar Punched Energy Guava 500ml",
            "productId": "rockstar-punched-energy-guava-500ml",
            "productShopPage": "https://gleneden.store.freshchoice.co.nz/lines/rockstar-punched-energy-guava-500ml",
            "productImageURL": "https://dtgxwmigmg3gc.cloudfront.net/imagery/assets/derivations/icon/512/512/true/eyJpZCI6IjBmNGEyNjU2MGQwM2Y4OGI4MWE3ZTMyODUzYTRlN2QyIiwic3RvcmFnZSI6InB1YmxpY19zdG9yZSJ9?signature=fab45ac774e74d87cf7a79de075f47290676fd6d4afcf212198c745670d5ce29",
            "productDescription": ""
        },
        "priceData": {
            "bestPrice": "2.00",
            "price": "2.00",
            "pricePerLitre": 4.0,
            "bestPricePerLitre": 4.0
        },
        "store": {
            "id": "5d71a2f042cdd728db000b75",
            "name": "Glen Eden"
        },
        "timestamp": "2021-08-16T17:42:58.594411"
    },
    {
        "productData": {
            "name": "Monster Energy Ultra Paradise 500ml",
            "productId": "monster-energy-drink-ultra-paradise-500ml",
            "productShopPage": "https://greytown.store.freshchoice.co.nz/lines/monster-energy-drink-ultra-paradise-500ml",
            "productImageURL": "https://dtgxwmigmg3gc.cloudfront.net/imagery/assets/derivations/icon/512/512/true/eyJpZCI6ImZiZDRkZTQxNzA0M2FiYTUyMjMwZWI0NTcyZGNmYTE1Iiwic3RvcmFnZSI6InB1YmxpY19zdG9yZSJ9?signature=8a439bf26b71114289dfea1720ed331b1e4784c534deade29db8ac38b1cc7c1a",
            "productDescription": ""
        },
        "priceData": {
            "bestPrice": "2.50",
            "price": "2.50",
            "pricePerLitre": 6.0,
            "bestPricePerLitre": 6.0
        },
        "store": {
            "id": "5c8f2abb777a4233c400918b",
            "name": "Greytown"
        },
        "timestamp": "2021-08-16T17:43:04.963269"
    },
    {
        "productData": {
            "name": "Monster Energy Ultra Zero 500ml",
            "productId": "monster-energy-ultra-zero-500ml",
            "productShopPage": "https://greytown.store.freshchoice.co.nz/lines/monster-energy-ultra-zero-500ml",
            "productImageURL": "https://dtgxwmigmg3gc.cloudfront.net/imagery/assets/derivations/icon/512/512/true/eyJpZCI6IjdhN2FhYTUwZWU2NTYwYjBiNGY1NThhMTgwNmVlODI3Iiwic3RvcmFnZSI6InB1YmxpY19zdG9yZSJ9?signature=7907c49ba7d043175a426f84a71776de7dd51fa5c249237063aca9cb098abdbe",
            "productDescription": ""
        },
        "priceData": {
            "bestPrice": "2.50",
            "price": "2.50",
            "pricePerLitre": 6.0,
            "bestPricePerLitre": 6.0
        },
        "store": {
            "id": "5c8f2abb777a4233c400918b",
            "name": "Greytown"
        },
        "timestamp": "2021-08-16T17:43:07.198188"
    },
    {
        "productData": {
            "name": "Monster Energy Green 500ml",
            "productId": "monster-energy-green-500ml",
            "productShopPage": "https://greytown.store.freshchoice.co.nz/lines/monster-energy-green-500ml",
            "productImageURL": "https://dtgxwmigmg3gc.cloudfront.net/imagery/assets/derivations/icon/512/512/true/eyJpZCI6ImU3ZjNiNjJiNzI4Y2M0MTIxMjhiNjQ2ZmQ2OTQzMGEzIiwic3RvcmFnZSI6InB1YmxpY19zdG9yZSJ9?signature=637eac56411f57a79f345ea693f1418330d5742c3a04caddb460696dba06da06",
            "productDescription": ""
        },
        "priceData": {
            "bestPrice": "2.50",
            "price": "2.50",
            "pricePerLitre": 6.0,
            "bestPricePerLitre": 6.0
        },
        "store": {
            "id": "5c8f2abb777a4233c400918b",
            "name": "Greytown"
        },
        "timestamp": "2021-08-16T17:43:08.283649"
    },
    {
        "productData": {
            "name": "Monster Energy Drink Ultra Rosa 500ml",
            "productId": "monster-energy-drink-ultra-rosa-500ml",
            "productShopPage": "https://greytown.store.freshchoice.co.nz/lines/monster-energy-drink-ultra-rosa-500ml",
            "productImageURL": "https://dtgxwmigmg3gc.cloudfront.net/imagery/assets/derivations/icon/512/512/true/eyJpZCI6IjZjYzFjMzcwYzM4Mzk4N2MyOTUzNWIyMTFjZTJlYjgxIiwic3RvcmFnZSI6InB1YmxpY19zdG9yZSJ9?signature=9cd08284785f9b24647ecc7d1dc08214d9d00318cc809bebdef1921d6b78bb95",
            "productDescription": ""
        },
        "priceData": {
            "bestPrice": "2.50",
            "price": "2.50",
            "pricePerLitre": 6.0,
            "bestPricePerLitre": 6.0
        },
        "store": {
            "id": "5c8f2abb777a4233c400918b",
            "name": "Greytown"
        },
        "timestamp": "2021-08-16T17:43:09.364771"
    },
    {
        "productData": {
            "name": "Mother Energy Drink Berry 500ml",
            "productId": "mother-energy-drink-berry-500ml",
            "productShopPage": "https://greytown.store.freshchoice.co.nz/lines/mother-energy-drink-berry-500ml",
            "productImageURL": "https://dtgxwmigmg3gc.cloudfront.net/imagery/assets/derivations/icon/512/512/true/eyJpZCI6ImRhYTJlNjUzNzRjZjViNjI0ZDljNzUzNDA3YmE0ZDFkIiwic3RvcmFnZSI6InB1YmxpY19zdG9yZSJ9?signature=d9ffb465d71d599811c2ff7a788845bfe297eb3624ad7866a89cf0b3ece073f0",
            "productDescription": ""
        },
        "priceData": {
            "bestPrice": "2.00",
            "price": "2.00",
            "pricePerLitre": 4.0,
            "bestPricePerLitre": 4.0
        },
        "store": {
            "id": "5c8f2abb777a4233c400918b",
            "name": "Greytown"
        },
        "timestamp": "2021-08-16T17:43:12.859377"
    },
    {
        "productData": {
            "name": "Mother Energy Drink Black 500ml",
            "productId": "mother-energy-drink-black-500ml",
            "productShopPage": "https://greytown.store.freshchoice.co.nz/lines/mother-energy-drink-black-500ml",
            "productImageURL": "https://dtgxwmigmg3gc.cloudfront.net/imagery/assets/derivations/icon/512/512/true/eyJpZCI6ImYyMzA5MjhkYjg3ODFhYmYzZDU3ZjE1YjNmYzU2MWFjIiwic3RvcmFnZSI6InB1YmxpY19zdG9yZSJ9?signature=d3dbddb83d3d457075cd5d8936bef0c5b48fce4fa3fe725995d8b6d57219ceb5",
            "productDescription": ""
        },
        "priceData": {
            "bestPrice": "2.00",
            "price": "2.00",
            "pricePerLitre": 4.0,
            "bestPricePerLitre": 4.0
        },
        "store": {
            "id": "5c8f2abb777a4233c400918b",
            "name": "Greytown"
        },
        "timestamp": "2021-08-16T17:43:14.116856"
    },
    {
        "productData": {
            "name": "Mother Energy Drink Passion 500ml",
            "productId": "mother-energy-drink-passion-500ml",
            "productShopPage": "https://greytown.store.freshchoice.co.nz/lines/mother-energy-drink-passion-500ml",
            "productImageURL": "https://dtgxwmigmg3gc.cloudfront.net/imagery/assets/derivations/icon/512/512/true/eyJpZCI6ImQwODE2YTc4ZjBmNGU4NTU5Mzg1YjkxZmI5YjIzZjM0Iiwic3RvcmFnZSI6InB1YmxpY19zdG9yZSJ9?signature=713c495fef96a6427b917f0c7c7e855a963749ac5c1bf7dfd71e24ae08ea3123",
            "productDescription": ""
        },
        "priceData": {
            "bestPrice": "2.00",
            "price": "2.00",
            "pricePerLitre": 4.0,
            "bestPricePerLitre": 4.0
        },
        "store": {
            "id": "5c8f2abb777a4233c400918b",
            "name": "Greytown"
        },
        "timestamp": "2021-08-16T17:43:16.234670"
    },
    {
        "productData": {
            "name": "Mother Tropical Blast 500ml",
            "productId": "mother-tropical-blast-500ml",
            "productShopPage": "https://greytown.store.freshchoice.co.nz/lines/mother-tropical-blast-500ml",
            "productImageURL": "https://dtgxwmigmg3gc.cloudfront.net/imagery/assets/derivations/icon/512/512/true/eyJpZCI6ImEyZmM1OTUwNDhlODM5YTRhMjQ2MTI1OGEyYzNlZWZhIiwic3RvcmFnZSI6InB1YmxpY19zdG9yZSJ9?signature=6c9470ee4067e8ec32b58eeac9d628404d3986058a9b1cdef46014d1bee50944",
            "productDescription": ""
        },
        "priceData": {
            "bestPrice": "2.00",
            "price": "2.00",
            "pricePerLitre": 4.0,
            "bestPricePerLitre": 4.0
        },
        "store": {
            "id": "5c8f2abb777a4233c400918b",
            "name": "Greytown"
        },
        "timestamp": "2021-08-16T17:43:17.313462"
    },
    {
        "productData": {
            "name": "Mother Epic Swell Energy Drink Twisted Apple 500ml",
            "productId": "mother-epic-swell-energy-drink-twisted-apple-500ml",
            "productShopPage": "https://greytown.store.freshchoice.co.nz/lines/mother-epic-swell-energy-drink-twisted-apple-500ml",
            "productImageURL": "https://dtgxwmigmg3gc.cloudfront.net/imagery/assets/derivations/icon/512/512/true/eyJpZCI6ImE2ZjYxOGNhNjUyYzMxNzRhNjg2MDBhMGVjZmQ3MmJkIiwic3RvcmFnZSI6InB1YmxpY19zdG9yZSJ9?signature=954f74f8aba0fb24cb2a5248b1e93fe8a62fb8c7f902abbb08b7aed24bc44c80",
            "productDescription": ""
        },
        "priceData": {
            "bestPrice": "2.00",
            "price": "2.00",
            "pricePerLitre": 6.0,
            "bestPricePerLitre": 6.0
        },
        "store": {
            "id": "5c8f2abb777a4233c400918b",
            "name": "Greytown"
        },
        "timestamp": "2021-08-16T17:43:19.430812"
    },
    {
        "productData": {
            "name": "V Energy Drink Guarana 500ml",
            "productId": "v-energy-drink-guarana-500ml",
            "productShopPage": "https://greytown.store.freshchoice.co.nz/lines/v-energy-drink-guarana-500ml",
            "productImageURL": "https://dtgxwmigmg3gc.cloudfront.net/imagery/assets/derivations/icon/512/512/true/eyJpZCI6IjgzZDAxMjhiMzg4NmEwZmE4YTE2ZjY2NWIzNmM2NzI2Iiwic3RvcmFnZSI6InB1YmxpY19zdG9yZSJ9?signature=f55ecc561066291a4e74a967db35ea2355f881bd1708bf400fd790032384ae4f",
            "productDescription": ""
        },
        "priceData": {
            "bestPrice": "2.50",
            "price": "2.50",
            "pricePerLitre": 7.6,
            "bestPricePerLitre": 7.6
        },
        "store": {
            "id": "5c8f2abb777a4233c400918b",
            "name": "Greytown"
        },
        "timestamp": "2021-08-16T17:43:22.625135"
    },
    {
        "productData": {
            "name": "V Energy Drink Sugarfree 500ml",
            "productId": "v-energy-drink-sugarfree-500ml",
            "productShopPage": "https://greytown.store.freshchoice.co.nz/lines/v-energy-drink-sugarfree-500ml",
            "productImageURL": "https://dtgxwmigmg3gc.cloudfront.net/imagery/assets/derivations/icon/512/512/true/eyJpZCI6ImVkZTAxNTNmMDI1NmU1NDZjNWQ5MTc3MjE3ZTQ3YTQ0Iiwic3RvcmFnZSI6InB1YmxpY19zdG9yZSJ9?signature=abcf72d9faa9ee3044eaa3b7ee0bf9b4fd8f582379018d8727f2234b7d3f3c85",
            "productDescription": ""
        },
        "priceData": {
            "bestPrice": "2.50",
            "price": "2.50",
            "pricePerLitre": 7.6,
            "bestPricePerLitre": 7.6
        },
        "store": {
            "id": "5c8f2abb777a4233c400918b",
            "name": "Greytown"
        },
        "timestamp": "2021-08-16T17:43:23.710300"
    },
    {
        "productData": {
            "name": "V Energy Drink Blue Guarana Spritzed 350ml",
            "productId": "v-blue-energy-drink-blue-guarana-spritzed-350ml",
            "productShopPage": "https://greytown.store.freshchoice.co.nz/lines/v-blue-energy-drink-blue-guarana-spritzed-350ml",
            "productImageURL": "https://dtgxwmigmg3gc.cloudfront.net/imagery/assets/derivations/icon/512/512/true/eyJpZCI6ImY2OTRlZGI4NjdlNWMzZDM5NzgzMDQ0ODFkMzUxZGZiIiwic3RvcmFnZSI6InB1YmxpY19zdG9yZSJ9?signature=591b3079cb9c2407a29b3bc348eaf42dc1d34daba5c9d7aba65be654725b6719",
            "productDescription": ""
        },
        "priceData": {
            "bestPrice": "3.50",
            "price": "3.50",
            "pricePerLitre": 10.0,
            "bestPricePerLitre": 10.0
        },
        "store": {
            "id": "5c8f2abb777a4233c400918b",
            "name": "Greytown"
        },
        "timestamp": "2021-08-16T17:43:26.762507"
    },
    {
        "productData": {
            "name": "V Energy Drink Green Guarana 350ml",
            "productId": "v-energy-drink-green-guarana-350ml",
            "productShopPage": "https://greytown.store.freshchoice.co.nz/lines/v-energy-drink-green-guarana-350ml",
            "productImageURL": "https://dtgxwmigmg3gc.cloudfront.net/imagery/assets/derivations/icon/512/512/true/eyJpZCI6IjRiNjY4ZjYxOTQ2ODYyN2MzM2NiZWMyNGUyNmIyODk4Iiwic3RvcmFnZSI6InB1YmxpY19zdG9yZSJ9?signature=4cded9cb42349eef45a593461f311b1bb7fa881295733879671ad9fe9887d30c",
            "productDescription": ""
        },
        "priceData": {
            "bestPrice": "3.50",
            "price": "3.50",
            "pricePerLitre": 10.0,
            "bestPricePerLitre": 10.0
        },
        "store": {
            "id": "5c8f2abb777a4233c400918b",
            "name": "Greytown"
        },
        "timestamp": "2021-08-16T17:43:27.967323"
    },
    {
        "productData": {
            "name": "V Energy Drink Guarana Can 250ml",
            "productId": "v-energy-drink-guarana-can-250ml",
            "productShopPage": "https://greytown.store.freshchoice.co.nz/lines/v-energy-drink-guarana-can-250ml",
            "productImageURL": "https://dtgxwmigmg3gc.cloudfront.net/imagery/assets/derivations/icon/512/512/true/eyJpZCI6Ijc3Nzk1NjE2ZDhhNmFiMThhYzEzODYzOTg2ZmNkNzgwIiwic3RvcmFnZSI6InB1YmxpY19zdG9yZSJ9?signature=f5de1854d43e19cc62bff86893d4a55615cd916f8425a4dccd170b52eba81255",
            "productDescription": ""
        },
        "priceData": {
            "bestPrice": "2.20",
            "price": "2.20",
            "pricePerLitre": 8.8,
            "bestPricePerLitre": 8.8
        },
        "store": {
            "id": "5c8f2abb777a4233c400918b",
            "name": "Greytown"
        },
        "timestamp": "2021-08-16T17:43:29.039083"
    },
    {
        "productData": {
            "name": "V Energy Drink Guarana Can 500ml",
            "productId": "v-energy-drink-guarana-can-500ml",
            "productShopPage": "https://greytown.store.freshchoice.co.nz/lines/v-energy-drink-guarana-can-500ml",
            "productImageURL": "https://dtgxwmigmg3gc.cloudfront.net/imagery/assets/derivations/icon/512/512/true/eyJpZCI6ImI0NjgzNGZjNDRkMjU0MjgzYzJjZGNhMzA2NWIxYjA5Iiwic3RvcmFnZSI6InB1YmxpY19zdG9yZSJ9?signature=265e8273409849423466e7623cbbdf8352940707b8830803eec391e8f32c9c5f",
            "productDescription": ""
        },
        "priceData": {
            "bestPrice": "3.50",
            "price": "3.50",
            "pricePerLitre": 7.0,
            "bestPricePerLitre": 7.0
        },
        "store": {
            "id": "5c8f2abb777a4233c400918b",
            "name": "Greytown"
        },
        "timestamp": "2021-08-16T17:43:30.202082"
    },
    {
        "productData": {
            "name": "V Energy Drink Raspberry Lemonade 350ml",
            "productId": "v-energy-drink-raspberry-lemonade-350ml",
            "productShopPage": "https://greytown.store.freshchoice.co.nz/lines/v-energy-drink-raspberry-lemonade-350ml",
            "productImageURL": "https://dtgxwmigmg3gc.cloudfront.net/imagery/assets/derivations/icon/512/512/true/eyJpZCI6IjliNWMwMGJkN2IxYWRhY2UxNzU5NzY1ZTI4MjUzZDgyIiwic3RvcmFnZSI6InB1YmxpY19zdG9yZSJ9?signature=1813e587f3636e394a15aa9e19234f9343024a6880220b0dda0a5d69b1f1c010",
            "productDescription": ""
        },
        "priceData": {
            "bestPrice": "3.50",
            "price": "3.50",
            "pricePerLitre": 10.0,
            "bestPricePerLitre": 10.0
        },
        "store": {
            "id": "5c8f2abb777a4233c400918b",
            "name": "Greytown"
        },
        "timestamp": "2021-08-16T17:43:32.835331"
    },
    {
        "productData": {
            "name": "V Energy Drink Skills Cans 275ml 4 Pack",
            "productId": "v-energy-drink-skills-cans-275ml-4-pack",
            "productShopPage": "https://greytown.store.freshchoice.co.nz/lines/v-energy-drink-skills-cans-275ml-4-pack",
            "productImageURL": "https://dtgxwmigmg3gc.cloudfront.net/imagery/assets/derivations/icon/512/512/true/eyJpZCI6ImZhMzA2N2NiM2YxMmVkM2ZhZjhhYmM4OGE1YTJhNzczIiwic3RvcmFnZSI6InB1YmxpY19zdG9yZSJ9?signature=34fcde8f5a021036c475a1dfff6748625e0747bb134ec737312b15bbe8e883eb",
            "productDescription": ""
        },
        "priceData": {
            "bestPrice": "7.10",
            "price": "7.10",
            "pricePerLitre": 8.5,
            "bestPricePerLitre": 8.5
        },
        "store": {
            "id": "5c8f2abb777a4233c400918b",
            "name": "Greytown"
        },
        "timestamp": "2021-08-16T17:43:34.856609"
    },
    {
        "productData": {
            "name": "V Blue Energy Drink Bottle 500ml",
            "productId": "v-blue-energy-drink-bottle-500ml",
            "productShopPage": "https://greytown.store.freshchoice.co.nz/lines/v-blue-energy-drink-bottle-500ml",
            "productImageURL": "https://dtgxwmigmg3gc.cloudfront.net/imagery/assets/derivations/icon/512/512/true/eyJpZCI6IjgyYWYxYWY4MGI4MzUxODhiYmVhZGVhM2U2NzY0MzI5Iiwic3RvcmFnZSI6InB1YmxpY19zdG9yZSJ9?signature=7e70fc576864a528a1431734d680cbf177a11b419a692dbfd34800c31b8944ec",
            "productDescription": ""
        },
        "priceData": {
            "bestPrice": "2.50",
            "price": "2.50",
            "pricePerLitre": 7.6,
            "bestPricePerLitre": 7.6
        },
        "store": {
            "id": "5c8f2abb777a4233c400918b",
            "name": "Greytown"
        },
        "timestamp": "2021-08-16T17:43:36.935205"
    },
    {
        "productData": {
            "name": "V Blue Sugarfree Energy Drink 500ml",
            "productId": "v-blue-sugarfree-energy-drink-500ml",
            "productShopPage": "https://greytown.store.freshchoice.co.nz/lines/v-blue-sugarfree-energy-drink-500ml",
            "productImageURL": "https://dtgxwmigmg3gc.cloudfront.net/imagery/assets/derivations/icon/512/512/true/eyJpZCI6ImVmYjQyOWRmM2JjZjc3NTY1ZDIwMTEyNTY0MDdmZjA1Iiwic3RvcmFnZSI6InB1YmxpY19zdG9yZSJ9?signature=2911d59474d8305039a3be3bef0f887c38d9ab84596314b13cc4b150101175ab",
            "productDescription": ""
        },
        "priceData": {
            "bestPrice": "3.50",
            "price": "3.50",
            "pricePerLitre": 7.0,
            "bestPricePerLitre": 7.0
        },
        "store": {
            "id": "5c8f2abb777a4233c400918b",
            "name": "Greytown"
        },
        "timestamp": "2021-08-16T17:43:38.015998"
    },
    {
        "productData": {
            "name": "V Raspberry Lemonade Energy Drink 500ml",
            "productId": "v-energy-drink-raspberry-lemonade-500ml-can",
            "productShopPage": "https://greytown.store.freshchoice.co.nz/lines/v-energy-drink-raspberry-lemonade-500ml-can",
            "productImageURL": "https://dtgxwmigmg3gc.cloudfront.net/imagery/assets/derivations/icon/512/512/true/eyJpZCI6ImE3N2Y5NzBmY2FhOWZhYmZiOTc3MmYyMzE4MGRiOTcxIiwic3RvcmFnZSI6InB1YmxpY19zdG9yZSJ9?signature=2bb7890fe6d7b0c0c6a522be31c78077be0aa570ca4c8aa5549ccf80761262dc",
            "productDescription": ""
        },
        "priceData": {
            "bestPrice": "3.50",
            "price": "3.50",
            "pricePerLitre": 7.0,
            "bestPricePerLitre": 7.0
        },
        "store": {
            "id": "5c8f2abb777a4233c400918b",
            "name": "Greytown"
        },
        "timestamp": "2021-08-16T17:43:39.170052"
    },
    {
        "productData": {
            "name": "V Blue Energy Drink 275ml Cans 4 Pack",
            "productId": "v-blue-energy-drink-275ml-cans-4-pack",
            "productShopPage": "https://greytown.store.freshchoice.co.nz/lines/v-blue-energy-drink-275ml-cans-4-pack",
            "productImageURL": "https://dtgxwmigmg3gc.cloudfront.net/imagery/assets/derivations/icon/512/512/true/eyJpZCI6IjcxMTc0MzEzN2QzNTUzODQwMmUyODZjMDJkNTM3OTk3Iiwic3RvcmFnZSI6InB1YmxpY19zdG9yZSJ9?signature=5697ef2f72e1e995472b76c19c7c6201b3deb266e060743ac9ae1219dbf2226c",
            "productDescription": ""
        },
        "priceData": {
            "bestPrice": "7.10",
            "price": "7.10",
            "pricePerLitre": 8.5,
            "bestPricePerLitre": 8.5
        },
        "store": {
            "id": "5c8f2abb777a4233c400918b",
            "name": "Greytown"
        },
        "timestamp": "2021-08-16T17:43:41.649943"
    },
    {
        "productData": {
            "name": "V Blue Energy Drink Blue Guarana Can 250ml",
            "productId": "v-blue-energy-drink-blue-guarana-can-250ml",
            "productShopPage": "https://greytown.store.freshchoice.co.nz/lines/v-blue-energy-drink-blue-guarana-can-250ml",
            "productImageURL": "https://dtgxwmigmg3gc.cloudfront.net/imagery/assets/derivations/icon/512/512/true/eyJpZCI6IjBmZjQwNDEyZWQ2ZDk4YTg3YWQ2ZDUyMWZlNjM1YzJkIiwic3RvcmFnZSI6InB1YmxpY19zdG9yZSJ9?signature=8f745abe5614ec47b3d7a07f1a34ba529184a87b2a696211ba5a0f9f29c86bf0",
            "productDescription": ""
        },
        "priceData": {
            "bestPrice": "2.20",
            "price": "2.20",
            "pricePerLitre": 8.8,
            "bestPricePerLitre": 8.8
        },
        "store": {
            "id": "5c8f2abb777a4233c400918b",
            "name": "Greytown"
        },
        "timestamp": "2021-08-16T17:43:42.981645"
    },
    {
        "productData": {
            "name": "V Blue Energy Drink Blue Guarana Can 500ml",
            "productId": "v-blue-energy-drink-blue-guarana-can-500ml",
            "productShopPage": "https://greytown.store.freshchoice.co.nz/lines/v-blue-energy-drink-blue-guarana-can-500ml",
            "productImageURL": "https://dtgxwmigmg3gc.cloudfront.net/imagery/assets/derivations/icon/512/512/true/eyJpZCI6ImFmYjEyYjVjYTU2YWI5ZDJhMTVmNGY2MDg2NWFlNzgxIiwic3RvcmFnZSI6InB1YmxpY19zdG9yZSJ9?signature=b537a8cc5a2c0f90f1702b2c541db44c3a740a0ec4a96e92ab2d6537f9320e8d",
            "productDescription": ""
        },
        "priceData": {
            "bestPrice": "3.50",
            "price": "3.50",
            "pricePerLitre": 7.0,
            "bestPricePerLitre": 7.0
        },
        "store": {
            "id": "5c8f2abb777a4233c400918b",
            "name": "Greytown"
        },
        "timestamp": "2021-08-16T17:43:44.265780"
    },
    {
        "productData": {
            "name": "V Iced Mocha Guarana Energy 500ml",
            "productId": "v-iced-mocha-guarana-energy-500ml",
            "productShopPage": "https://greytown.store.freshchoice.co.nz/lines/v-iced-mocha-guarana-energy-500ml",
            "productImageURL": "https://dtgxwmigmg3gc.cloudfront.net/imagery/assets/derivations/icon/512/512/true/eyJpZCI6ImNiMDRkODVlZmQ2YjhiZGMxMWU4Zjk5OGEwOTczODg1Iiwic3RvcmFnZSI6InB1YmxpY19zdG9yZSJ9?signature=3e63d4ec34ef65794a07ea00749a785cb88ce90997e6e7d12629c3c0f205de6d",
            "productDescription": ""
        },
        "priceData": {
            "bestPrice": "3.50",
            "price": "3.50"
        },
        "store": {
            "id": "5c8f2abb777a4233c400918b",
            "name": "Greytown"
        },
        "timestamp": "2021-08-16T17:43:46.422842"
    },
    {
        "productData": {
            "name": "V Pure Energy Drink Bottle 330ml",
            "productId": "v-pure-330ml-bottle",
            "productShopPage": "https://greytown.store.freshchoice.co.nz/lines/v-pure-330ml-bottle",
            "productImageURL": "https://dtgxwmigmg3gc.cloudfront.net/imagery/assets/derivations/icon/512/512/true/eyJpZCI6ImFjZmFlNGE1MmQ1ZmNhOTVhN2IyNzdhOGQ3ZTBjNTY0Iiwic3RvcmFnZSI6InB1YmxpY19zdG9yZSJ9?signature=ff03797de044ef70d02854192249a79b3cd819353c7171ef7358378e76bfc089",
            "productDescription": ""
        },
        "priceData": {
            "bestPrice": "3.50",
            "price": "3.50",
            "pricePerLitre": 10.600000000000001,
            "bestPricePerLitre": 10.600000000000001
        },
        "store": {
            "id": "5c8f2abb777a4233c400918b",
            "name": "Greytown"
        },
        "timestamp": "2021-08-16T17:43:52.902021"
    },
    {
        "productData": {
            "name": "V Green Energy Drink 355ml 6 Pack",
            "productId": "v-green-energy-drink-355ml-6-pack",
            "productShopPage": "https://greytown.store.freshchoice.co.nz/lines/v-green-energy-drink-355ml-6-pack",
            "productImageURL": "https://dtgxwmigmg3gc.cloudfront.net/imagery/assets/derivations/icon/512/512/true/eyJpZCI6ImRiOTAxYjhjNGE3NzQyNTEyYTljM2M5YTI2ZmQ5MTE5Iiwic3RvcmFnZSI6InB1YmxpY19zdG9yZSJ9?signature=12de0554d72324a76472d930a39c587a4837a2f051666f744164725a96b2f104",
            "productDescription": ""
        },
        "priceData": {
            "bestPrice": "11.00",
            "price": "11.00",
            "pricePerLitre": 7.7,
            "bestPricePerLitre": 7.7
        },
        "store": {
            "id": "5c8f2abb777a4233c400918b",
            "name": "Greytown"
        },
        "timestamp": "2021-08-16T17:43:54.144140"
    },
    {
        "productData": {
            "name": "Monster Energy Ultra Sunrise 500ml",
            "productId": "monster-energy-ultra-sunrise-500ml-can",
            "productShopPage": "https://greytown.store.freshchoice.co.nz/lines/monster-energy-ultra-sunrise-500ml-can",
            "productImageURL": "https://dtgxwmigmg3gc.cloudfront.net/imagery/assets/derivations/icon/512/512/true/eyJpZCI6ImFlNTVkY2RiZTZiZjg3OGZjZTdlOTU1OTFhMDE4YTdiIiwic3RvcmFnZSI6InB1YmxpY19zdG9yZSJ9?signature=b98350feca08b6ab128cc925fef23a58f65a36f94ede15cb2174f6f88a0f8a0f",
            "productDescription": ""
        },
        "priceData": {
            "bestPrice": "2.50",
            "price": "2.50",
            "pricePerLitre": 6.0,
            "bestPricePerLitre": 6.0
        },
        "store": {
            "id": "5c8f2abb777a4233c400918b",
            "name": "Greytown"
        },
        "timestamp": "2021-08-16T17:43:57.880112"
    },
    {
        "productData": {
            "name": "Monster Super Fuel Zero Sugar 550ml",
            "productId": "monster-super-fuel-zero-sugar-550ml",
            "productShopPage": "https://greytown.store.freshchoice.co.nz/lines/monster-super-fuel-zero-sugar-550ml",
            "productImageURL": "https://dtgxwmigmg3gc.cloudfront.net/imagery/assets/derivations/icon/512/512/true/eyJpZCI6IjRkOTE3NzhmODIxNDI1ZDJjNDg3Yjc0M2YyMzEyYmYxIiwic3RvcmFnZSI6InB1YmxpY19zdG9yZSJ9?signature=4b9dbd15c40f85466e597873c567f989183b284947e8c8dc4df58667789214a2",
            "productDescription": ""
        },
        "priceData": {
            "bestPrice": "3.50",
            "price": "3.50",
            "pricePerLitre": 7.3,
            "bestPricePerLitre": 7.3
        },
        "store": {
            "id": "5c8f2abb777a4233c400918b",
            "name": "Greytown"
        },
        "timestamp": "2021-08-16T17:43:58.989061"
    },
    {
        "productData": {
            "name": "Monster Mule Ginger Brew 500ml",
            "productId": "monster-mule-ginger-brew-500ml",
            "productShopPage": "https://greytown.store.freshchoice.co.nz/lines/monster-mule-ginger-brew-500ml",
            "productImageURL": "https://dtgxwmigmg3gc.cloudfront.net/imagery/assets/derivations/icon/512/512/true/eyJpZCI6ImM1OTM5MTIyZTRlNmNhNzk0ODFlMDE4ZWVmMWE2Y2ZlIiwic3RvcmFnZSI6InB1YmxpY19zdG9yZSJ9?signature=5d11287f30ef58c148e37382d61c0d83097d5461683a9aa5dd9456941c1f32e5",
            "productDescription": ""
        },
        "priceData": {
            "bestPrice": "2.50",
            "price": "2.50",
            "pricePerLitre": 6.0,
            "bestPricePerLitre": 6.0
        },
        "store": {
            "id": "5c8f2abb777a4233c400918b",
            "name": "Greytown"
        },
        "timestamp": "2021-08-16T17:44:00.146295"
    },
    {
        "productData": {
            "name": "Monster Super Fuel Purple Passion 550ml",
            "productId": "monster-super-fuel-purple-passion-550ml",
            "productShopPage": "https://greytown.store.freshchoice.co.nz/lines/monster-super-fuel-purple-passion-550ml",
            "productImageURL": "https://dtgxwmigmg3gc.cloudfront.net/imagery/assets/derivations/icon/512/512/true/eyJpZCI6IjNkMTY1OTQwMzgyOTZjZjVlMjNlNjBjMDQ3NTE1YWM0Iiwic3RvcmFnZSI6InB1YmxpY19zdG9yZSJ9?signature=4d4ccd77dab941d955a8037242a41833afdc7251d3bd5b5c4b99705770273998",
            "productDescription": ""
        },
        "priceData": {
            "bestPrice": "3.50",
            "price": "3.50",
            "pricePerLitre": 7.3,
            "bestPricePerLitre": 7.3
        },
        "store": {
            "id": "5c8f2abb777a4233c400918b",
            "name": "Greytown"
        },
        "timestamp": "2021-08-16T17:44:03.562704"
    },
    {
        "productData": {
            "name": "Live Plus Energy Drink Citrus Flavour 500ml",
            "productId": "live-plus-persist-500ml",
            "productShopPage": "https://greytown.store.freshchoice.co.nz/lines/live-plus-persist-500ml",
            "productImageURL": "https://dtgxwmigmg3gc.cloudfront.net/imagery/assets/derivations/icon/512/512/true/eyJpZCI6IjFlNWQ5YzI4OWM1N2UzNmYzZmI2NThlMDQzZTI3ZjE4Iiwic3RvcmFnZSI6InB1YmxpY19zdG9yZSJ9?signature=756b17fefe47174b90e7dbec8cd09db27f9f59f4994bc750b71256ae93ba9fa8",
            "productDescription": ""
        },
        "priceData": {
            "bestPrice": "2.00",
            "price": "2.00",
            "pricePerLitre": 4.0,
            "bestPricePerLitre": 4.0
        },
        "store": {
            "id": "5c8f2abb777a4233c400918b",
            "name": "Greytown"
        },
        "timestamp": "2021-08-16T17:44:05.962246"
    },
    {
        "productData": {
            "name": "Live Plus Energy Drink Tart Apple Apple Flavour 500ml",
            "productId": "live-plus-ignite-500ml",
            "productShopPage": "https://greytown.store.freshchoice.co.nz/lines/live-plus-ignite-500ml",
            "productImageURL": "https://dtgxwmigmg3gc.cloudfront.net/imagery/assets/derivations/icon/512/512/true/eyJpZCI6IjViOGViZjhmZTQzYjFlYTMzNDM5YjJjMjg3ZDRmY2YyIiwic3RvcmFnZSI6InB1YmxpY19zdG9yZSJ9?signature=140ae19352cd0dcec7e77f90fa4dfaa9fa17086439f730510afc5d906e1415bf",
            "productDescription": ""
        },
        "priceData": {
            "bestPrice": "2.00",
            "price": "2.00",
            "pricePerLitre": 4.0,
            "bestPricePerLitre": 4.0
        },
        "store": {
            "id": "5c8f2abb777a4233c400918b",
            "name": "Greytown"
        },
        "timestamp": "2021-08-16T17:44:07.552195"
    },
    {
        "productData": {
            "name": "V Guarana Energy Drink Blue Sugarfree 250ml",
            "productId": "v-blue-sugarfree-energy-drink-250ml",
            "productShopPage": "https://greytown.store.freshchoice.co.nz/lines/v-blue-sugarfree-energy-drink-250ml",
            "productImageURL": "https://dtgxwmigmg3gc.cloudfront.net/imagery/assets/derivations/icon/512/512/true/eyJpZCI6IjI3YWJiOTVhYjNhMjEwMDU2MWJhMmRhNTM3YjRhZjVmIiwic3RvcmFnZSI6InB1YmxpY19zdG9yZSJ9?signature=66769306ca1d0ba674603954d338186dc999f6d1839090d49fde9416b3252365",
            "productDescription": ""
        },
        "priceData": {
            "bestPrice": "2.20",
            "price": "2.20",
            "pricePerLitre": 8.8,
            "bestPricePerLitre": 8.8
        },
        "store": {
            "id": "5c8f2abb777a4233c400918b",
            "name": "Greytown"
        },
        "timestamp": "2021-08-16T17:44:08.755982"
    },
    {
        "productData": {
            "name": "Live Plus Energy Drink Original Citrus Flavour 355ml",
            "productId": "live-plus-persist-glass-355ml",
            "productShopPage": "https://greytown.store.freshchoice.co.nz/lines/live-plus-persist-glass-355ml",
            "productImageURL": "https://dtgxwmigmg3gc.cloudfront.net/imagery/assets/derivations/icon/512/512/true/eyJpZCI6ImYzMjZlMTdmMmI5ZGRjZGYzYmFmNzNiMWQzN2Y5NDI4Iiwic3RvcmFnZSI6InB1YmxpY19zdG9yZSJ9?signature=8fa31eb2b309e9c7a293ba2e7a7541e3cdc686b1d3f519044aa97c666ae5f630",
            "productDescription": ""
        },
        "priceData": {
            "bestPrice": "2.00",
            "price": "2.00",
            "pricePerLitre": 7.9,
            "bestPricePerLitre": 7.9
        },
        "store": {
            "id": "5c8f2abb777a4233c400918b",
            "name": "Greytown"
        },
        "timestamp": "2021-08-16T17:44:10.946596"
    },
    {
        "productData": {
            "name": "Live Plus Energy Drink Original Citrus Flavour 6x250ml",
            "productId": "live-plus-persist-250ml-6pack",
            "productShopPage": "https://greytown.store.freshchoice.co.nz/lines/live-plus-persist-250ml-6pack",
            "productImageURL": "https://dtgxwmigmg3gc.cloudfront.net/imagery/assets/derivations/icon/512/512/true/eyJpZCI6IjNmODNiNGI4MzI4MzJmNzhjZmJhNDA1OGUyZWFlM2ZhIiwic3RvcmFnZSI6InB1YmxpY19zdG9yZSJ9?signature=0257f943d0c41562773e51cbd42327ad911228832e33494e9c30381e20305337",
            "productDescription": ""
        },
        "priceData": {
            "bestPrice": "7.70",
            "price": "7.70",
            "pricePerLitre": 5.1,
            "bestPricePerLitre": 5.1
        },
        "store": {
            "id": "5c8f2abb777a4233c400918b",
            "name": "Greytown"
        },
        "timestamp": "2021-08-16T17:44:12.061320"
    },
    {
        "productData": {
            "name": "Mother Kicked Apple 500ml",
            "productId": "mother-kicked-apple-500ml",
            "productShopPage": "https://halfmoonbay.store.freshchoice.co.nz/lines/mother-kicked-apple-500ml",
            "productImageURL": "https://dtgxwmigmg3gc.cloudfront.net/imagery/assets/derivations/icon/512/512/true/eyJpZCI6IjNhZTlkYjkwYTM4MDFjMGEwYjUwYThhMDAwYjkyZjM0Iiwic3RvcmFnZSI6InB1YmxpY19zdG9yZSJ9?signature=c1a1db0a5d7b074c388cf08560fd44a4a2b6127821554198e54eeea8474325f6",
            "productDescription": ""
        },
        "priceData": {
            "bestPrice": "2.00",
            "price": "2.00",
            "pricePerLitre": 4.0,
            "bestPricePerLitre": 4.0
        },
        "store": {
            "id": "5e7371b4fbe98b620608bb56",
            "name": "Half Moon Bay"
        },
        "timestamp": "2021-08-16T17:44:19.878995"
    },
    {
        "productData": {
            "name": "Monster Energy Ultra Paradise 500ml",
            "productId": "monster-energy-drink-ultra-paradise-500ml",
            "productShopPage": "https://halfmoonbay.store.freshchoice.co.nz/lines/monster-energy-drink-ultra-paradise-500ml",
            "productImageURL": "https://dtgxwmigmg3gc.cloudfront.net/imagery/assets/derivations/icon/512/512/true/eyJpZCI6ImZiZDRkZTQxNzA0M2FiYTUyMjMwZWI0NTcyZGNmYTE1Iiwic3RvcmFnZSI6InB1YmxpY19zdG9yZSJ9?signature=8a439bf26b71114289dfea1720ed331b1e4784c534deade29db8ac38b1cc7c1a",
            "productDescription": ""
        },
        "priceData": {
            "bestPrice": "2.50",
            "price": "2.50",
            "pricePerLitre": 6.0,
            "bestPricePerLitre": 6.0
        },
        "store": {
            "id": "5e7371b4fbe98b620608bb56",
            "name": "Half Moon Bay"
        },
        "timestamp": "2021-08-16T17:44:23.368456"
    },
    {
        "productData": {
            "name": "Monster Energy Ultra Sunrise 500ml",
            "productId": "monster-energy-ultra-sunrise-500ml",
            "productShopPage": "https://halfmoonbay.store.freshchoice.co.nz/lines/monster-energy-ultra-sunrise-500ml",
            "productImageURL": "https://dtgxwmigmg3gc.cloudfront.net/imagery/assets/derivations/icon/512/512/true/eyJpZCI6ImFlNTVkY2RiZTZiZjg3OGZjZTdlOTU1OTFhMDE4YTdiIiwic3RvcmFnZSI6InB1YmxpY19zdG9yZSJ9?signature=b98350feca08b6ab128cc925fef23a58f65a36f94ede15cb2174f6f88a0f8a0f",
            "productDescription": ""
        },
        "priceData": {
            "bestPrice": "2.50",
            "price": "2.50",
            "pricePerLitre": 6.0,
            "bestPricePerLitre": 6.0
        },
        "store": {
            "id": "5e7371b4fbe98b620608bb56",
            "name": "Half Moon Bay"
        },
        "timestamp": "2021-08-16T17:44:24.542535"
    },
    {
        "productData": {
            "name": "Monster Energy Ultra Zero 500ml",
            "productId": "monster-energy-ultra-zero-500ml",
            "productShopPage": "https://halfmoonbay.store.freshchoice.co.nz/lines/monster-energy-ultra-zero-500ml",
            "productImageURL": "https://dtgxwmigmg3gc.cloudfront.net/imagery/assets/derivations/icon/512/512/true/eyJpZCI6IjdhN2FhYTUwZWU2NTYwYjBiNGY1NThhMTgwNmVlODI3Iiwic3RvcmFnZSI6InB1YmxpY19zdG9yZSJ9?signature=7907c49ba7d043175a426f84a71776de7dd51fa5c249237063aca9cb098abdbe",
            "productDescription": ""
        },
        "priceData": {
            "bestPrice": "2.50",
            "price": "2.50",
            "pricePerLitre": 6.0,
            "bestPricePerLitre": 6.0
        },
        "store": {
            "id": "5e7371b4fbe98b620608bb56",
            "name": "Half Moon Bay"
        },
        "timestamp": "2021-08-16T17:44:25.620892"
    },
    {
        "productData": {
            "name": "Monster Energy Drink Ultra Rosa 500ml",
            "productId": "monster-energy-drink-ultra-rosa-500ml",
            "productShopPage": "https://halfmoonbay.store.freshchoice.co.nz/lines/monster-energy-drink-ultra-rosa-500ml",
            "productImageURL": "https://dtgxwmigmg3gc.cloudfront.net/imagery/assets/derivations/icon/512/512/true/eyJpZCI6IjZjYzFjMzcwYzM4Mzk4N2MyOTUzNWIyMTFjZTJlYjgxIiwic3RvcmFnZSI6InB1YmxpY19zdG9yZSJ9?signature=9cd08284785f9b24647ecc7d1dc08214d9d00318cc809bebdef1921d6b78bb95",
            "productDescription": ""
        },
        "priceData": {
            "bestPrice": "2.50",
            "price": "2.50",
            "pricePerLitre": 6.0,
            "bestPricePerLitre": 6.0
        },
        "store": {
            "id": "5e7371b4fbe98b620608bb56",
            "name": "Half Moon Bay"
        },
        "timestamp": "2021-08-16T17:44:27.637328"
    },
    {
        "productData": {
            "name": "Mother Energy Drink Passion 500ml",
            "productId": "mother-energy-drink-passion-500ml",
            "productShopPage": "https://halfmoonbay.store.freshchoice.co.nz/lines/mother-energy-drink-passion-500ml",
            "productImageURL": "https://dtgxwmigmg3gc.cloudfront.net/imagery/assets/derivations/icon/512/512/true/eyJpZCI6ImQwODE2YTc4ZjBmNGU4NTU5Mzg1YjkxZmI5YjIzZjM0Iiwic3RvcmFnZSI6InB1YmxpY19zdG9yZSJ9?signature=713c495fef96a6427b917f0c7c7e855a963749ac5c1bf7dfd71e24ae08ea3123",
            "productDescription": ""
        },
        "priceData": {
            "bestPrice": "2.00",
            "price": "2.00",
            "pricePerLitre": 4.0,
            "bestPricePerLitre": 4.0
        },
        "store": {
            "id": "5e7371b4fbe98b620608bb56",
            "name": "Half Moon Bay"
        },
        "timestamp": "2021-08-16T17:44:34.132201"
    },
    {
        "productData": {
            "name": "Mother Tropical Blast 500ml",
            "productId": "mother-tropical-blast-500ml",
            "productShopPage": "https://halfmoonbay.store.freshchoice.co.nz/lines/mother-tropical-blast-500ml",
            "productImageURL": "https://dtgxwmigmg3gc.cloudfront.net/imagery/assets/derivations/icon/512/512/true/eyJpZCI6ImEyZmM1OTUwNDhlODM5YTRhMjQ2MTI1OGEyYzNlZWZhIiwic3RvcmFnZSI6InB1YmxpY19zdG9yZSJ9?signature=6c9470ee4067e8ec32b58eeac9d628404d3986058a9b1cdef46014d1bee50944",
            "productDescription": ""
        },
        "priceData": {
            "bestPrice": "2.00",
            "price": "2.00",
            "pricePerLitre": 4.0,
            "bestPricePerLitre": 4.0
        },
        "store": {
            "id": "5e7371b4fbe98b620608bb56",
            "name": "Half Moon Bay"
        },
        "timestamp": "2021-08-16T17:44:35.150309"
    },
    {
        "productData": {
            "name": "Mother Epic Swell Energy Drink Twisted Apple 500ml",
            "productId": "mother-epic-swell-energy-drink-twisted-apple-500ml",
            "productShopPage": "https://halfmoonbay.store.freshchoice.co.nz/lines/mother-epic-swell-energy-drink-twisted-apple-500ml",
            "productImageURL": "https://dtgxwmigmg3gc.cloudfront.net/imagery/assets/derivations/icon/512/512/true/eyJpZCI6ImE2ZjYxOGNhNjUyYzMxNzRhNjg2MDBhMGVjZmQ3MmJkIiwic3RvcmFnZSI6InB1YmxpY19zdG9yZSJ9?signature=954f74f8aba0fb24cb2a5248b1e93fe8a62fb8c7f902abbb08b7aed24bc44c80",
            "productDescription": ""
        },
        "priceData": {
            "bestPrice": "2.00",
            "price": "2.00",
            "pricePerLitre": 4.0,
            "bestPricePerLitre": 4.0
        },
        "store": {
            "id": "5e7371b4fbe98b620608bb56",
            "name": "Half Moon Bay"
        },
        "timestamp": "2021-08-16T17:44:37.226678"
    },
    {
        "productData": {
            "name": "V Energy Drink 710ml Can",
            "productId": "v-energy-drink-710ml-can",
            "productShopPage": "https://halfmoonbay.store.freshchoice.co.nz/lines/v-energy-drink-710ml-can",
            "productImageURL": "https://dtgxwmigmg3gc.cloudfront.net/imagery/assets/derivations/icon/512/512/true/eyJpZCI6ImU1Mjg5NDIyNDI0MzhlNGM0N2IxY2FmMmExOWQ0OGI0Iiwic3RvcmFnZSI6InB1YmxpY19zdG9yZSJ9?signature=875386458f8ad66eb59967a1ca6ad24a19d1592f97a894e439af7d9be1852340",
            "productDescription": ""
        },
        "priceData": {
            "bestPrice": "3.20",
            "price": "3.20",
            "pricePerLitre": 5.6000000000000005,
            "bestPricePerLitre": 5.6000000000000005
        },
        "store": {
            "id": "5e7371b4fbe98b620608bb56",
            "name": "Half Moon Bay"
        },
        "timestamp": "2021-08-16T17:44:39.457073"
    },
    {
        "productData": {
            "name": "V Energy Drink Guarana 500ml",
            "productId": "v-energy-drink-guarana-500ml",
            "productShopPage": "https://halfmoonbay.store.freshchoice.co.nz/lines/v-energy-drink-guarana-500ml",
            "productImageURL": "https://dtgxwmigmg3gc.cloudfront.net/imagery/assets/derivations/icon/512/512/true/eyJpZCI6IjgzZDAxMjhiMzg4NmEwZmE4YTE2ZjY2NWIzNmM2NzI2Iiwic3RvcmFnZSI6InB1YmxpY19zdG9yZSJ9?signature=f55ecc561066291a4e74a967db35ea2355f881bd1708bf400fd790032384ae4f",
            "productDescription": ""
        },
        "priceData": {
            "bestPrice": "2.50",
            "price": "2.50",
            "pricePerLitre": 7.6,
            "bestPricePerLitre": 7.6
        },
        "store": {
            "id": "5e7371b4fbe98b620608bb56",
            "name": "Half Moon Bay"
        },
        "timestamp": "2021-08-16T17:44:40.472344"
    },
    {
        "productData": {
            "name": "V Energy Drink Sugarfree 500ml",
            "productId": "v-energy-drink-sugarfree-500ml",
            "productShopPage": "https://halfmoonbay.store.freshchoice.co.nz/lines/v-energy-drink-sugarfree-500ml",
            "productImageURL": "https://dtgxwmigmg3gc.cloudfront.net/imagery/assets/derivations/icon/512/512/true/eyJpZCI6ImVkZTAxNTNmMDI1NmU1NDZjNWQ5MTc3MjE3ZTQ3YTQ0Iiwic3RvcmFnZSI6InB1YmxpY19zdG9yZSJ9?signature=abcf72d9faa9ee3044eaa3b7ee0bf9b4fd8f582379018d8727f2234b7d3f3c85",
            "productDescription": ""
        },
        "priceData": {
            "bestPrice": "2.50",
            "price": "2.50",
            "pricePerLitre": 7.6,
            "bestPricePerLitre": 7.6
        },
        "store": {
            "id": "5e7371b4fbe98b620608bb56",
            "name": "Half Moon Bay"
        },
        "timestamp": "2021-08-16T17:44:41.664372"
    },
    {
        "productData": {
            "name": "V Energy Drink Sugar Free Guarana 250ml",
            "productId": "v-energy-drink-sugar-free-guarana-250ml",
            "productShopPage": "https://halfmoonbay.store.freshchoice.co.nz/lines/v-energy-drink-sugar-free-guarana-250ml",
            "productImageURL": "https://dtgxwmigmg3gc.cloudfront.net/imagery/assets/derivations/icon/512/512/true/eyJpZCI6ImZiNzM1NmU4NTMyZDllODlkZTljZmNlOGY2MzQ5NGQwIiwic3RvcmFnZSI6InB1YmxpY19zdG9yZSJ9?signature=72b0ce0a48ca796717c115fe5e8b4564501470f63bf80ae865d26e9d131a2b8c",
            "productDescription": ""
        },
        "priceData": {
            "bestPrice": "2.20",
            "price": "2.20",
            "pricePerLitre": 8.8,
            "bestPricePerLitre": 8.8
        },
        "store": {
            "id": "5e7371b4fbe98b620608bb56",
            "name": "Half Moon Bay"
        },
        "timestamp": "2021-08-16T17:44:42.701719"
    },
    {
        "productData": {
            "name": "V Energy Drink Blue Guarana Spritzed 350ml",
            "productId": "v-blue-energy-drink-blue-guarana-spritzed-350ml",
            "productShopPage": "https://halfmoonbay.store.freshchoice.co.nz/lines/v-blue-energy-drink-blue-guarana-spritzed-350ml",
            "productImageURL": "https://dtgxwmigmg3gc.cloudfront.net/imagery/assets/derivations/icon/512/512/true/eyJpZCI6ImY2OTRlZGI4NjdlNWMzZDM5NzgzMDQ0ODFkMzUxZGZiIiwic3RvcmFnZSI6InB1YmxpY19zdG9yZSJ9?signature=591b3079cb9c2407a29b3bc348eaf42dc1d34daba5c9d7aba65be654725b6719",
            "productDescription": ""
        },
        "priceData": {
            "bestPrice": "3.50",
            "price": "3.50",
            "pricePerLitre": 10.0,
            "bestPricePerLitre": 10.0
        },
        "store": {
            "id": "5e7371b4fbe98b620608bb56",
            "name": "Half Moon Bay"
        },
        "timestamp": "2021-08-16T17:44:45.183673"
    },
    {
        "productData": {
            "name": "V Energy Drink Green Guarana 350ml",
            "productId": "v-energy-drink-green-guarana-350ml",
            "productShopPage": "https://halfmoonbay.store.freshchoice.co.nz/lines/v-energy-drink-green-guarana-350ml",
            "productImageURL": "https://dtgxwmigmg3gc.cloudfront.net/imagery/assets/derivations/icon/512/512/true/eyJpZCI6IjRiNjY4ZjYxOTQ2ODYyN2MzM2NiZWMyNGUyNmIyODk4Iiwic3RvcmFnZSI6InB1YmxpY19zdG9yZSJ9?signature=4cded9cb42349eef45a593461f311b1bb7fa881295733879671ad9fe9887d30c",
            "productDescription": ""
        },
        "priceData": {
            "bestPrice": "3.50",
            "price": "3.50",
            "pricePerLitre": 10.0,
            "bestPricePerLitre": 10.0
        },
        "store": {
            "id": "5e7371b4fbe98b620608bb56",
            "name": "Half Moon Bay"
        },
        "timestamp": "2021-08-16T17:44:46.341107"
    },
    {
        "productData": {
            "name": "V Energy Drink Guarana Can 250ml",
            "productId": "v-energy-drink-guarana-can-250ml",
            "productShopPage": "https://halfmoonbay.store.freshchoice.co.nz/lines/v-energy-drink-guarana-can-250ml",
            "productImageURL": "https://dtgxwmigmg3gc.cloudfront.net/imagery/assets/derivations/icon/512/512/true/eyJpZCI6Ijc3Nzk1NjE2ZDhhNmFiMThhYzEzODYzOTg2ZmNkNzgwIiwic3RvcmFnZSI6InB1YmxpY19zdG9yZSJ9?signature=f5de1854d43e19cc62bff86893d4a55615cd916f8425a4dccd170b52eba81255",
            "productDescription": ""
        },
        "priceData": {
            "bestPrice": "2.20",
            "price": "2.20",
            "pricePerLitre": 8.8,
            "bestPricePerLitre": 8.8
        },
        "store": {
            "id": "5e7371b4fbe98b620608bb56",
            "name": "Half Moon Bay"
        },
        "timestamp": "2021-08-16T17:44:47.543778"
    },
    {
        "productData": {
            "name": "V Energy Drink Guarana Can 500ml",
            "productId": "v-energy-drink-guarana-can-500ml",
            "productShopPage": "https://halfmoonbay.store.freshchoice.co.nz/lines/v-energy-drink-guarana-can-500ml",
            "productImageURL": "https://dtgxwmigmg3gc.cloudfront.net/imagery/assets/derivations/icon/512/512/true/eyJpZCI6ImI0NjgzNGZjNDRkMjU0MjgzYzJjZGNhMzA2NWIxYjA5Iiwic3RvcmFnZSI6InB1YmxpY19zdG9yZSJ9?signature=265e8273409849423466e7623cbbdf8352940707b8830803eec391e8f32c9c5f",
            "productDescription": ""
        },
        "priceData": {
            "bestPrice": "3.50",
            "price": "3.50",
            "pricePerLitre": 7.0,
            "bestPricePerLitre": 7.0
        },
        "store": {
            "id": "5e7371b4fbe98b620608bb56",
            "name": "Half Moon Bay"
        },
        "timestamp": "2021-08-16T17:44:48.713192"
    },
    {
        "productData": {
            "name": "V Energy Drink Sugar Free Guarana 500ml",
            "productId": "v-energy-drink-sugar-free-guarana-500ml",
            "productShopPage": "https://halfmoonbay.store.freshchoice.co.nz/lines/v-energy-drink-sugar-free-guarana-500ml",
            "productImageURL": "https://dtgxwmigmg3gc.cloudfront.net/imagery/assets/derivations/icon/512/512/true/eyJpZCI6Ijg4MGExMDYxOTY4NTJiYzM1ZTExMmU2MGE2OWYxNDE3Iiwic3RvcmFnZSI6InB1YmxpY19zdG9yZSJ9?signature=b0536d25b9da8158705e24c88e21fabbf85c1dabc19f18108c386e956ffd7045",
            "productDescription": ""
        },
        "priceData": {
            "bestPrice": "3.50",
            "price": "3.50",
            "pricePerLitre": 7.0,
            "bestPricePerLitre": 7.0
        },
        "store": {
            "id": "5e7371b4fbe98b620608bb56",
            "name": "Half Moon Bay"
        },
        "timestamp": "2021-08-16T17:44:52.019563"
    },
    {
        "productData": {
            "name": "V Energy Drink Skills Cans 275ml 4 Pack",
            "productId": "v-energy-drink-skills-cans-275ml-4-pack",
            "productShopPage": "https://halfmoonbay.store.freshchoice.co.nz/lines/v-energy-drink-skills-cans-275ml-4-pack",
            "productImageURL": "https://dtgxwmigmg3gc.cloudfront.net/imagery/assets/derivations/icon/512/512/true/eyJpZCI6ImZhMzA2N2NiM2YxMmVkM2ZhZjhhYmM4OGE1YTJhNzczIiwic3RvcmFnZSI6InB1YmxpY19zdG9yZSJ9?signature=34fcde8f5a021036c475a1dfff6748625e0747bb134ec737312b15bbe8e883eb",
            "productDescription": ""
        },
        "priceData": {
            "bestPrice": "7.10",
            "price": "7.10",
            "pricePerLitre": 8.5,
            "bestPricePerLitre": 8.5
        },
        "store": {
            "id": "5e7371b4fbe98b620608bb56",
            "name": "Half Moon Bay"
        },
        "timestamp": "2021-08-16T17:44:53.127806"
    },
    {
        "productData": {
            "name": "V Blue Energy Drink Bottle 500ml",
            "productId": "v-blue-energy-drink-bottle-500ml",
            "productShopPage": "https://halfmoonbay.store.freshchoice.co.nz/lines/v-blue-energy-drink-bottle-500ml",
            "productImageURL": "https://dtgxwmigmg3gc.cloudfront.net/imagery/assets/derivations/icon/512/512/true/eyJpZCI6IjgyYWYxYWY4MGI4MzUxODhiYmVhZGVhM2U2NzY0MzI5Iiwic3RvcmFnZSI6InB1YmxpY19zdG9yZSJ9?signature=7e70fc576864a528a1431734d680cbf177a11b419a692dbfd34800c31b8944ec",
            "productDescription": ""
        },
        "priceData": {
            "bestPrice": "2.50",
            "price": "2.50",
            "pricePerLitre": 7.6,
            "bestPricePerLitre": 7.6
        },
        "store": {
            "id": "5e7371b4fbe98b620608bb56",
            "name": "Half Moon Bay"
        },
        "timestamp": "2021-08-16T17:44:55.566613"
    },
    {
        "productData": {
            "name": "V Blue Sugarfree Energy Drink 500ml",
            "productId": "v-blue-sugarfree-energy-drink-500ml",
            "productShopPage": "https://halfmoonbay.store.freshchoice.co.nz/lines/v-blue-sugarfree-energy-drink-500ml",
            "productImageURL": "https://dtgxwmigmg3gc.cloudfront.net/imagery/assets/derivations/icon/512/512/true/eyJpZCI6ImVmYjQyOWRmM2JjZjc3NTY1ZDIwMTEyNTY0MDdmZjA1Iiwic3RvcmFnZSI6InB1YmxpY19zdG9yZSJ9?signature=2911d59474d8305039a3be3bef0f887c38d9ab84596314b13cc4b150101175ab",
            "productDescription": ""
        },
        "priceData": {
            "bestPrice": "3.50",
            "price": "3.50",
            "pricePerLitre": 7.0,
            "bestPricePerLitre": 7.0
        },
        "store": {
            "id": "5e7371b4fbe98b620608bb56",
            "name": "Half Moon Bay"
        },
        "timestamp": "2021-08-16T17:44:56.622468"
    },
    {
        "productData": {
            "name": "V Blue Energy Drink Blue Guarana Can 250ml",
            "productId": "v-blue-energy-drink-blue-guarana-can-250ml",
            "productShopPage": "https://halfmoonbay.store.freshchoice.co.nz/lines/v-blue-energy-drink-blue-guarana-can-250ml",
            "productImageURL": "https://dtgxwmigmg3gc.cloudfront.net/imagery/assets/derivations/icon/512/512/true/eyJpZCI6IjBmZjQwNDEyZWQ2ZDk4YTg3YWQ2ZDUyMWZlNjM1YzJkIiwic3RvcmFnZSI6InB1YmxpY19zdG9yZSJ9?signature=8f745abe5614ec47b3d7a07f1a34ba529184a87b2a696211ba5a0f9f29c86bf0",
            "productDescription": ""
        },
        "priceData": {
            "bestPrice": "2.20",
            "price": "2.20",
            "pricePerLitre": 8.8,
            "bestPricePerLitre": 8.8
        },
        "store": {
            "id": "5e7371b4fbe98b620608bb56",
            "name": "Half Moon Bay"
        },
        "timestamp": "2021-08-16T17:45:00.631045"
    },
    {
        "productData": {
            "name": "V Blue Energy Drink Blue Guarana Can 500ml",
            "productId": "v-blue-energy-drink-blue-guarana-can-500ml",
            "productShopPage": "https://halfmoonbay.store.freshchoice.co.nz/lines/v-blue-energy-drink-blue-guarana-can-500ml",
            "productImageURL": "https://dtgxwmigmg3gc.cloudfront.net/imagery/assets/derivations/icon/512/512/true/eyJpZCI6ImFmYjEyYjVjYTU2YWI5ZDJhMTVmNGY2MDg2NWFlNzgxIiwic3RvcmFnZSI6InB1YmxpY19zdG9yZSJ9?signature=b537a8cc5a2c0f90f1702b2c541db44c3a740a0ec4a96e92ab2d6537f9320e8d",
            "productDescription": ""
        },
        "priceData": {
            "bestPrice": "3.50",
            "price": "3.50",
            "pricePerLitre": 7.0,
            "bestPricePerLitre": 7.0
        },
        "store": {
            "id": "5e7371b4fbe98b620608bb56",
            "name": "Half Moon Bay"
        },
        "timestamp": "2021-08-16T17:45:01.657300"
    },
    {
        "productData": {
            "name": "V Iced Coffee Guarana Energy 500ml",
            "productId": "v-iced-coffee-guarana-energy-500ml",
            "productShopPage": "https://halfmoonbay.store.freshchoice.co.nz/lines/v-iced-coffee-guarana-energy-500ml",
            "productImageURL": "https://dtgxwmigmg3gc.cloudfront.net/imagery/assets/derivations/icon/512/512/true/eyJpZCI6ImM0Zjc4YjRmYWVjMjk0NTJkZTNkYzZjNmY5MzBlMjU2Iiwic3RvcmFnZSI6InB1YmxpY19zdG9yZSJ9?signature=14312b2813aab9c1ad551700ec97cd58a3a7f95bef4d0bd7ae7aa2dcf8fcdc9d",
            "productDescription": ""
        },
        "priceData": {
            "bestPrice": "3.50",
            "price": "3.50",
            "pricePerLitre": 80.0,
            "bestPricePerLitre": 80.0
        },
        "store": {
            "id": "5e7371b4fbe98b620608bb56",
            "name": "Half Moon Bay"
        },
        "timestamp": "2021-08-16T17:45:02.732218"
    },
    {
        "productData": {
            "name": "V Energy Drink Sugar Free Guarana Bottle 350ml",
            "productId": "v-energy-drink-sugar-free-guarana-bottle-350ml",
            "productShopPage": "https://halfmoonbay.store.freshchoice.co.nz/lines/v-energy-drink-sugar-free-guarana-bottle-350ml",
            "productImageURL": "https://dtgxwmigmg3gc.cloudfront.net/imagery/assets/derivations/icon/512/512/true/eyJpZCI6IjQzYmZlOTg1YzY2ZGQ0ZDI1YzUyZDk3MGJhMmJhMGM3Iiwic3RvcmFnZSI6InB1YmxpY19zdG9yZSJ9?signature=7a4bb3eb2264f52495ae9ba8fbf21b5a3e59e12c0d6208cfa1591261da333f55",
            "productDescription": ""
        },
        "priceData": {
            "bestPrice": "3.50",
            "price": "3.50",
            "pricePerLitre": 10.0,
            "bestPricePerLitre": 10.0
        },
        "store": {
            "id": "5e7371b4fbe98b620608bb56",
            "name": "Half Moon Bay"
        },
        "timestamp": "2021-08-16T17:45:06.110610"
    },
    {
        "productData": {
            "name": "V Pure Energy Drink Bottle 330ml",
            "productId": "v-pure-330ml-bottle",
            "productShopPage": "https://halfmoonbay.store.freshchoice.co.nz/lines/v-pure-330ml-bottle",
            "productImageURL": "https://dtgxwmigmg3gc.cloudfront.net/imagery/assets/derivations/icon/512/512/true/eyJpZCI6ImFjZmFlNGE1MmQ1ZmNhOTVhN2IyNzdhOGQ3ZTBjNTY0Iiwic3RvcmFnZSI6InB1YmxpY19zdG9yZSJ9?signature=ff03797de044ef70d02854192249a79b3cd819353c7171ef7358378e76bfc089",
            "productDescription": ""
        },
        "priceData": {
            "bestPrice": "3.50",
            "price": "3.50",
            "pricePerLitre": 10.600000000000001,
            "bestPricePerLitre": 10.600000000000001
        },
        "store": {
            "id": "5e7371b4fbe98b620608bb56",
            "name": "Half Moon Bay"
        },
        "timestamp": "2021-08-16T17:45:10.198973"
    },
    {
        "productData": {
            "name": "Monster Energy Pipeline Punch 500ml",
            "productId": "monster-energy-pipeline-punch-500ml",
            "productShopPage": "https://halfmoonbay.store.freshchoice.co.nz/lines/monster-energy-pipeline-punch-500ml",
            "productImageURL": "https://dtgxwmigmg3gc.cloudfront.net/imagery/assets/derivations/icon/512/512/true/eyJpZCI6IjM3ZWY2OTY5OWFlNTJlZTRjNTY1ZmFmYWIwOTIxMjg4Iiwic3RvcmFnZSI6InB1YmxpY19zdG9yZSJ9?signature=79ed6699c35bd716a9d5d9457c39ce62c523edaa4059b6b45d4dcc7caf65cef9",
            "productDescription": ""
        },
        "priceData": {
            "bestPrice": "2.50",
            "price": "2.50",
            "pricePerLitre": 6.0,
            "bestPricePerLitre": 6.0
        },
        "store": {
            "id": "5e7371b4fbe98b620608bb56",
            "name": "Half Moon Bay"
        },
        "timestamp": "2021-08-16T17:45:20.959300"
    },
    {
        "productData": {
            "name": "Live Plus Energy Drink Citrus Flavour 500ml",
            "productId": "live-plus-persist-500ml",
            "productShopPage": "https://halfmoonbay.store.freshchoice.co.nz/lines/live-plus-persist-500ml",
            "productImageURL": "https://dtgxwmigmg3gc.cloudfront.net/imagery/assets/derivations/icon/512/512/true/eyJpZCI6IjFlNWQ5YzI4OWM1N2UzNmYzZmI2NThlMDQzZTI3ZjE4Iiwic3RvcmFnZSI6InB1YmxpY19zdG9yZSJ9?signature=756b17fefe47174b90e7dbec8cd09db27f9f59f4994bc750b71256ae93ba9fa8",
            "productDescription": ""
        },
        "priceData": {
            "bestPrice": "2.00",
            "price": "2.00",
            "pricePerLitre": 4.0,
            "bestPricePerLitre": 4.0
        },
        "store": {
            "id": "5e7371b4fbe98b620608bb56",
            "name": "Half Moon Bay"
        },
        "timestamp": "2021-08-16T17:45:22.323793"
    },
    {
        "productData": {
            "name": "V Guarana Energy Drink Blue Sugarfree 250ml",
            "productId": "v-blue-sugarfree-energy-drink-250ml",
            "productShopPage": "https://halfmoonbay.store.freshchoice.co.nz/lines/v-blue-sugarfree-energy-drink-250ml",
            "productImageURL": "https://dtgxwmigmg3gc.cloudfront.net/imagery/assets/derivations/icon/512/512/true/eyJpZCI6IjI3YWJiOTVhYjNhMjEwMDU2MWJhMmRhNTM3YjRhZjVmIiwic3RvcmFnZSI6InB1YmxpY19zdG9yZSJ9?signature=66769306ca1d0ba674603954d338186dc999f6d1839090d49fde9416b3252365",
            "productDescription": ""
        },
        "priceData": {
            "bestPrice": "2.20",
            "price": "2.20",
            "pricePerLitre": 8.8,
            "bestPricePerLitre": 8.8
        },
        "store": {
            "id": "5e7371b4fbe98b620608bb56",
            "name": "Half Moon Bay"
        },
        "timestamp": "2021-08-16T17:45:24.292977"
    },
    {
        "productData": {
            "name": "Live Plus Energy Drink Original Citrus Flavour 6x250ml",
            "productId": "live-plus-persist-250ml-6pack",
            "productShopPage": "https://halfmoonbay.store.freshchoice.co.nz/lines/live-plus-persist-250ml-6pack",
            "productImageURL": "https://dtgxwmigmg3gc.cloudfront.net/imagery/assets/derivations/icon/512/512/true/eyJpZCI6IjNmODNiNGI4MzI4MzJmNzhjZmJhNDA1OGUyZWFlM2ZhIiwic3RvcmFnZSI6InB1YmxpY19zdG9yZSJ9?signature=0257f943d0c41562773e51cbd42327ad911228832e33494e9c30381e20305337",
            "productDescription": ""
        },
        "priceData": {
            "bestPrice": "7.70",
            "price": "7.70",
            "pricePerLitre": 5.1,
            "bestPricePerLitre": 5.1
        },
        "store": {
            "id": "5e7371b4fbe98b620608bb56",
            "name": "Half Moon Bay"
        },
        "timestamp": "2021-08-16T17:45:27.321959"
    },
    {
        "productData": {
            "name": "Live Plus Energy Drink Persist Glass 355ml",
            "productId": "live-plus-energy-drink-persist-glass-355ml",
            "productShopPage": "https://halfmoonbay.store.freshchoice.co.nz/lines/live-plus-energy-drink-persist-glass-355ml",
            "productImageURL": "https://dtgxwmigmg3gc.cloudfront.net/imagery/assets/derivations/icon/512/512/true/eyJpZCI6IjBiMjhiZTQ0NDk1ODBiZWI4NDRkY2JhM2MxZDdhOTMwIiwic3RvcmFnZSI6InB1YmxpY19zdG9yZSJ9?signature=62025738d86469fbbd64cd53b03b4beee6372d1fbd30b8a9c5708ffdafeebf0d",
            "productDescription": ""
        },
        "priceData": {
            "bestPrice": "2.00",
            "price": "2.00",
            "pricePerLitre": 7.9,
            "bestPricePerLitre": 7.9
        },
        "store": {
            "id": "5e7371b4fbe98b620608bb56",
            "name": "Half Moon Bay"
        },
        "timestamp": "2021-08-16T17:45:28.413301"
    },
    {
        "productData": {
            "name": "Rockstar Punched Energy Guava 500ml",
            "productId": "rockstar-punched-energy-guava-500ml",
            "productShopPage": "https://halfmoonbay.store.freshchoice.co.nz/lines/rockstar-punched-energy-guava-500ml",
            "productImageURL": "https://dtgxwmigmg3gc.cloudfront.net/imagery/assets/derivations/icon/512/512/true/eyJpZCI6IjBmNGEyNjU2MGQwM2Y4OGI4MWE3ZTMyODUzYTRlN2QyIiwic3RvcmFnZSI6InB1YmxpY19zdG9yZSJ9?signature=fab45ac774e74d87cf7a79de075f47290676fd6d4afcf212198c745670d5ce29",
            "productDescription": ""
        },
        "priceData": {
            "bestPrice": "2.00",
            "price": "2.00",
            "pricePerLitre": 4.0,
            "bestPricePerLitre": 4.0
        },
        "store": {
            "id": "5e7371b4fbe98b620608bb56",
            "name": "Half Moon Bay"
        },
        "timestamp": "2021-08-16T17:45:31.526817"
    },
    {
        "productData": {
            "name": "Monster Energy Ultra Paradise 500ml",
            "productId": "monster-energy-drink-ultra-paradise-500ml",
            "productShopPage": "https://leamington.store.freshchoice.co.nz/lines/monster-energy-drink-ultra-paradise-500ml",
            "productImageURL": "https://dtgxwmigmg3gc.cloudfront.net/imagery/assets/derivations/icon/512/512/true/eyJpZCI6ImZiZDRkZTQxNzA0M2FiYTUyMjMwZWI0NTcyZGNmYTE1Iiwic3RvcmFnZSI6InB1YmxpY19zdG9yZSJ9?signature=8a439bf26b71114289dfea1720ed331b1e4784c534deade29db8ac38b1cc7c1a",
            "productDescription": ""
        },
        "priceData": {
            "bestPrice": "2.50",
            "price": "2.50",
            "pricePerLitre": 6.0,
            "bestPricePerLitre": 6.0
        },
        "store": {
            "id": "5e755b8960b75a4d0a0a9f8c",
            "name": "Leamington"
        },
        "timestamp": "2021-08-16T17:45:37.525880"
    },
    {
        "productData": {
            "name": "Monster Energy Ultra Zero 500ml",
            "productId": "monster-energy-ultra-zero-500ml",
            "productShopPage": "https://leamington.store.freshchoice.co.nz/lines/monster-energy-ultra-zero-500ml",
            "productImageURL": "https://dtgxwmigmg3gc.cloudfront.net/imagery/assets/derivations/icon/512/512/true/eyJpZCI6IjdhN2FhYTUwZWU2NTYwYjBiNGY1NThhMTgwNmVlODI3Iiwic3RvcmFnZSI6InB1YmxpY19zdG9yZSJ9?signature=7907c49ba7d043175a426f84a71776de7dd51fa5c249237063aca9cb098abdbe",
            "productDescription": ""
        },
        "priceData": {
            "bestPrice": "2.50",
            "price": "2.50",
            "pricePerLitre": 6.0,
            "bestPricePerLitre": 6.0
        },
        "store": {
            "id": "5e755b8960b75a4d0a0a9f8c",
            "name": "Leamington"
        },
        "timestamp": "2021-08-16T17:45:39.654889"
    },
    {
        "productData": {
            "name": "Monster Energy Drink Ultra Rosa 500ml",
            "productId": "monster-energy-drink-ultra-rosa-500ml",
            "productShopPage": "https://leamington.store.freshchoice.co.nz/lines/monster-energy-drink-ultra-rosa-500ml",
            "productImageURL": "https://dtgxwmigmg3gc.cloudfront.net/imagery/assets/derivations/icon/512/512/true/eyJpZCI6IjZjYzFjMzcwYzM4Mzk4N2MyOTUzNWIyMTFjZTJlYjgxIiwic3RvcmFnZSI6InB1YmxpY19zdG9yZSJ9?signature=9cd08284785f9b24647ecc7d1dc08214d9d00318cc809bebdef1921d6b78bb95",
            "productDescription": ""
        },
        "priceData": {
            "bestPrice": "2.50",
            "price": "2.50",
            "pricePerLitre": 6.0,
            "bestPricePerLitre": 6.0
        },
        "store": {
            "id": "5e755b8960b75a4d0a0a9f8c",
            "name": "Leamington"
        },
        "timestamp": "2021-08-16T17:45:41.599271"
    },
    {
        "productData": {
            "name": "Mother Energy Drink Berry 500ml",
            "productId": "mother-energy-drink-berry-500ml",
            "productShopPage": "https://leamington.store.freshchoice.co.nz/lines/mother-energy-drink-berry-500ml",
            "productImageURL": "https://dtgxwmigmg3gc.cloudfront.net/imagery/assets/derivations/icon/512/512/true/eyJpZCI6ImRhYTJlNjUzNzRjZjViNjI0ZDljNzUzNDA3YmE0ZDFkIiwic3RvcmFnZSI6InB1YmxpY19zdG9yZSJ9?signature=d9ffb465d71d599811c2ff7a788845bfe297eb3624ad7866a89cf0b3ece073f0",
            "productDescription": ""
        },
        "priceData": {
            "bestPrice": "2.00",
            "price": "2.00",
            "pricePerLitre": 6.0,
            "bestPricePerLitre": 6.0
        },
        "store": {
            "id": "5e755b8960b75a4d0a0a9f8c",
            "name": "Leamington"
        },
        "timestamp": "2021-08-16T17:45:44.604027"
    },
    {
        "productData": {
            "name": "Mother Energy Drink Black 500ml",
            "productId": "mother-energy-drink-black-500ml",
            "productShopPage": "https://leamington.store.freshchoice.co.nz/lines/mother-energy-drink-black-500ml",
            "productImageURL": "https://dtgxwmigmg3gc.cloudfront.net/imagery/assets/derivations/icon/512/512/true/eyJpZCI6ImYyMzA5MjhkYjg3ODFhYmYzZDU3ZjE1YjNmYzU2MWFjIiwic3RvcmFnZSI6InB1YmxpY19zdG9yZSJ9?signature=d3dbddb83d3d457075cd5d8936bef0c5b48fce4fa3fe725995d8b6d57219ceb5",
            "productDescription": ""
        },
        "priceData": {
            "bestPrice": "2.00",
            "price": "2.00",
            "pricePerLitre": 4.0,
            "bestPricePerLitre": 4.0
        },
        "store": {
            "id": "5e755b8960b75a4d0a0a9f8c",
            "name": "Leamington"
        },
        "timestamp": "2021-08-16T17:45:45.816984"
    },
    {
        "productData": {
            "name": "Mother Energy Drink Cans 6x250ml",
            "productId": "mother-energy-drink-6x250ml-cans",
            "productShopPage": "https://leamington.store.freshchoice.co.nz/lines/mother-energy-drink-6x250ml-cans",
            "productImageURL": "https://dtgxwmigmg3gc.cloudfront.net/imagery/assets/derivations/icon/512/512/true/eyJpZCI6IjEyOGFhMmU0Y2VkYTU4ZWFkZmVhOWUwZjdlNTZhOTA4Iiwic3RvcmFnZSI6InB1YmxpY19zdG9yZSJ9?signature=5db1908f64527cf28fa7bf3266a83ab854a07ca50453511f7d414d8e6d5c10fb",
            "productDescription": ""
        },
        "priceData": {
            "bestPrice": "7.70",
            "price": "7.70",
            "pricePerLitre": 5.1,
            "bestPricePerLitre": 5.1
        },
        "store": {
            "id": "5e755b8960b75a4d0a0a9f8c",
            "name": "Leamington"
        },
        "timestamp": "2021-08-16T17:45:46.822218"
    },
    {
        "productData": {
            "name": "Mother Energy Drink Passion 500ml",
            "productId": "mother-energy-drink-passion-500ml",
            "productShopPage": "https://leamington.store.freshchoice.co.nz/lines/mother-energy-drink-passion-500ml",
            "productImageURL": "https://dtgxwmigmg3gc.cloudfront.net/imagery/assets/derivations/icon/512/512/true/eyJpZCI6ImQwODE2YTc4ZjBmNGU4NTU5Mzg1YjkxZmI5YjIzZjM0Iiwic3RvcmFnZSI6InB1YmxpY19zdG9yZSJ9?signature=713c495fef96a6427b917f0c7c7e855a963749ac5c1bf7dfd71e24ae08ea3123",
            "productDescription": ""
        },
        "priceData": {
            "bestPrice": "2.00",
            "price": "2.00",
            "pricePerLitre": 4.0,
            "bestPricePerLitre": 4.0
        },
        "store": {
            "id": "5e755b8960b75a4d0a0a9f8c",
            "name": "Leamington"
        },
        "timestamp": "2021-08-16T17:45:48.159666"
    },
    {
        "productData": {
            "name": "Mother Epic Swell Energy Drink Twisted Apple 500ml",
            "productId": "mother-epic-swell-energy-drink-twisted-apple-500ml",
            "productShopPage": "https://leamington.store.freshchoice.co.nz/lines/mother-epic-swell-energy-drink-twisted-apple-500ml",
            "productImageURL": "https://dtgxwmigmg3gc.cloudfront.net/imagery/assets/derivations/icon/512/512/true/eyJpZCI6ImE2ZjYxOGNhNjUyYzMxNzRhNjg2MDBhMGVjZmQ3MmJkIiwic3RvcmFnZSI6InB1YmxpY19zdG9yZSJ9?signature=954f74f8aba0fb24cb2a5248b1e93fe8a62fb8c7f902abbb08b7aed24bc44c80",
            "productDescription": ""
        },
        "priceData": {
            "bestPrice": "2.00",
            "price": "2.00",
            "pricePerLitre": 4.0,
            "bestPricePerLitre": 4.0
        },
        "store": {
            "id": "5e755b8960b75a4d0a0a9f8c",
            "name": "Leamington"
        },
        "timestamp": "2021-08-16T17:45:51.471092"
    },
    {
        "productData": {
            "name": "V Energy Drink Guarana 500ml",
            "productId": "v-energy-drink-guarana-500ml",
            "productShopPage": "https://leamington.store.freshchoice.co.nz/lines/v-energy-drink-guarana-500ml",
            "productImageURL": "https://dtgxwmigmg3gc.cloudfront.net/imagery/assets/derivations/icon/512/512/true/eyJpZCI6IjgzZDAxMjhiMzg4NmEwZmE4YTE2ZjY2NWIzNmM2NzI2Iiwic3RvcmFnZSI6InB1YmxpY19zdG9yZSJ9?signature=f55ecc561066291a4e74a967db35ea2355f881bd1708bf400fd790032384ae4f",
            "productDescription": ""
        },
        "priceData": {
            "bestPrice": "2.50",
            "price": "2.50",
            "pricePerLitre": 7.6,
            "bestPricePerLitre": 7.6
        },
        "store": {
            "id": "5e755b8960b75a4d0a0a9f8c",
            "name": "Leamington"
        },
        "timestamp": "2021-08-16T17:45:54.785965"
    },
    {
        "productData": {
            "name": "V Energy Drink Sugarfree 500ml",
            "productId": "v-energy-drink-sugarfree-500ml",
            "productShopPage": "https://leamington.store.freshchoice.co.nz/lines/v-energy-drink-sugarfree-500ml",
            "productImageURL": "https://dtgxwmigmg3gc.cloudfront.net/imagery/assets/derivations/icon/512/512/true/eyJpZCI6ImVkZTAxNTNmMDI1NmU1NDZjNWQ5MTc3MjE3ZTQ3YTQ0Iiwic3RvcmFnZSI6InB1YmxpY19zdG9yZSJ9?signature=abcf72d9faa9ee3044eaa3b7ee0bf9b4fd8f582379018d8727f2234b7d3f3c85",
            "productDescription": ""
        },
        "priceData": {
            "bestPrice": "2.50",
            "price": "2.50",
            "pricePerLitre": 7.6,
            "bestPricePerLitre": 7.6
        },
        "store": {
            "id": "5e755b8960b75a4d0a0a9f8c",
            "name": "Leamington"
        },
        "timestamp": "2021-08-16T17:45:55.799120"
    },
    {
        "productData": {
            "name": "V Energy Drink Sugar Free Guarana 250ml",
            "productId": "v-energy-drink-sugar-free-guarana-250ml",
            "productShopPage": "https://leamington.store.freshchoice.co.nz/lines/v-energy-drink-sugar-free-guarana-250ml",
            "productImageURL": "https://dtgxwmigmg3gc.cloudfront.net/imagery/assets/derivations/icon/512/512/true/eyJpZCI6ImZiNzM1NmU4NTMyZDllODlkZTljZmNlOGY2MzQ5NGQwIiwic3RvcmFnZSI6InB1YmxpY19zdG9yZSJ9?signature=72b0ce0a48ca796717c115fe5e8b4564501470f63bf80ae865d26e9d131a2b8c",
            "productDescription": ""
        },
        "priceData": {
            "bestPrice": "2.20",
            "price": "2.20",
            "pricePerLitre": 8.8,
            "bestPricePerLitre": 8.8
        },
        "store": {
            "id": "5e755b8960b75a4d0a0a9f8c",
            "name": "Leamington"
        },
        "timestamp": "2021-08-16T17:45:57.082067"
    },
    {
        "productData": {
            "name": "V Energy Drink Blue Guarana Spritzed 350ml",
            "productId": "v-blue-energy-drink-blue-guarana-spritzed-350ml",
            "productShopPage": "https://leamington.store.freshchoice.co.nz/lines/v-blue-energy-drink-blue-guarana-spritzed-350ml",
            "productImageURL": "https://dtgxwmigmg3gc.cloudfront.net/imagery/assets/derivations/icon/512/512/true/eyJpZCI6ImY2OTRlZGI4NjdlNWMzZDM5NzgzMDQ0ODFkMzUxZGZiIiwic3RvcmFnZSI6InB1YmxpY19zdG9yZSJ9?signature=591b3079cb9c2407a29b3bc348eaf42dc1d34daba5c9d7aba65be654725b6719",
            "productDescription": ""
        },
        "priceData": {
            "bestPrice": "3.50",
            "price": "3.50",
            "pricePerLitre": 10.0,
            "bestPricePerLitre": 10.0
        },
        "store": {
            "id": "5e755b8960b75a4d0a0a9f8c",
            "name": "Leamington"
        },
        "timestamp": "2021-08-16T17:45:59.376105"
    },
    {
        "productData": {
            "name": "V Energy Drink Green Guarana 350ml",
            "productId": "v-energy-drink-green-guarana-350ml",
            "productShopPage": "https://leamington.store.freshchoice.co.nz/lines/v-energy-drink-green-guarana-350ml",
            "productImageURL": "https://dtgxwmigmg3gc.cloudfront.net/imagery/assets/derivations/icon/512/512/true/eyJpZCI6IjRiNjY4ZjYxOTQ2ODYyN2MzM2NiZWMyNGUyNmIyODk4Iiwic3RvcmFnZSI6InB1YmxpY19zdG9yZSJ9?signature=4cded9cb42349eef45a593461f311b1bb7fa881295733879671ad9fe9887d30c",
            "productDescription": ""
        },
        "priceData": {
            "bestPrice": "3.50",
            "price": "3.50",
            "pricePerLitre": 10.0,
            "bestPricePerLitre": 10.0
        },
        "store": {
            "id": "5e755b8960b75a4d0a0a9f8c",
            "name": "Leamington"
        },
        "timestamp": "2021-08-16T17:46:00.554217"
    },
    {
        "productData": {
            "name": "V Energy Drink Guarana Can 250ml",
            "productId": "v-energy-drink-guarana-can-250ml",
            "productShopPage": "https://leamington.store.freshchoice.co.nz/lines/v-energy-drink-guarana-can-250ml",
            "productImageURL": "https://dtgxwmigmg3gc.cloudfront.net/imagery/assets/derivations/icon/512/512/true/eyJpZCI6Ijc3Nzk1NjE2ZDhhNmFiMThhYzEzODYzOTg2ZmNkNzgwIiwic3RvcmFnZSI6InB1YmxpY19zdG9yZSJ9?signature=f5de1854d43e19cc62bff86893d4a55615cd916f8425a4dccd170b52eba81255",
            "productDescription": ""
        },
        "priceData": {
            "bestPrice": "2.20",
            "price": "2.20",
            "pricePerLitre": 8.8,
            "bestPricePerLitre": 8.8
        },
        "store": {
            "id": "5e755b8960b75a4d0a0a9f8c",
            "name": "Leamington"
        },
        "timestamp": "2021-08-16T17:46:01.994284"
    },
    {
        "productData": {
            "name": "V Energy Drink Guarana Can 500ml",
            "productId": "v-energy-drink-guarana-can-500ml",
            "productShopPage": "https://leamington.store.freshchoice.co.nz/lines/v-energy-drink-guarana-can-500ml",
            "productImageURL": "https://dtgxwmigmg3gc.cloudfront.net/imagery/assets/derivations/icon/512/512/true/eyJpZCI6ImI0NjgzNGZjNDRkMjU0MjgzYzJjZGNhMzA2NWIxYjA5Iiwic3RvcmFnZSI6InB1YmxpY19zdG9yZSJ9?signature=265e8273409849423466e7623cbbdf8352940707b8830803eec391e8f32c9c5f",
            "productDescription": ""
        },
        "priceData": {
            "bestPrice": "3.50",
            "price": "3.50",
            "pricePerLitre": 7.0,
            "bestPricePerLitre": 7.0
        },
        "store": {
            "id": "5e755b8960b75a4d0a0a9f8c",
            "name": "Leamington"
        },
        "timestamp": "2021-08-16T17:46:03.191859"
    },
    {
        "productData": {
            "name": "V Energy Drink Sugar Free Guarana 500ml",
            "productId": "v-energy-drink-sugar-free-guarana-500ml",
            "productShopPage": "https://leamington.store.freshchoice.co.nz/lines/v-energy-drink-sugar-free-guarana-500ml",
            "productImageURL": "https://dtgxwmigmg3gc.cloudfront.net/imagery/assets/derivations/icon/512/512/true/eyJpZCI6Ijg4MGExMDYxOTY4NTJiYzM1ZTExMmU2MGE2OWYxNDE3Iiwic3RvcmFnZSI6InB1YmxpY19zdG9yZSJ9?signature=b0536d25b9da8158705e24c88e21fabbf85c1dabc19f18108c386e956ffd7045",
            "productDescription": ""
        },
        "priceData": {
            "bestPrice": "3.50",
            "price": "3.50",
            "pricePerLitre": 7.0,
            "bestPricePerLitre": 7.0
        },
        "store": {
            "id": "5e755b8960b75a4d0a0a9f8c",
            "name": "Leamington"
        },
        "timestamp": "2021-08-16T17:46:06.539436"
    },
    {
        "productData": {
            "name": "V Guarana Energy Drink Fridge Pack 10x200ml",
            "productId": "v-guarana-energy-drink-fridge-pack-10x200ml",
            "productShopPage": "https://leamington.store.freshchoice.co.nz/lines/v-guarana-energy-drink-fridge-pack-10x200ml",
            "productImageURL": "https://dtgxwmigmg3gc.cloudfront.net/imagery/assets/derivations/icon/512/512/true/eyJpZCI6IjBlMjAzZTJiY2QyZDVhYzQ2NGY2NzhmMDFkMmM3YjBhIiwic3RvcmFnZSI6InB1YmxpY19zdG9yZSJ9?signature=a3283c38928a5e2c367f0886f5948460cf671d41affa4dd3a2634f1621779d47",
            "productDescription": ""
        },
        "priceData": {
            "bestPrice": "14.00",
            "price": "14.00",
            "pricePerLitre": 7.800000000000001,
            "bestPricePerLitre": 7.800000000000001
        },
        "store": {
            "id": "5e755b8960b75a4d0a0a9f8c",
            "name": "Leamington"
        },
        "timestamp": "2021-08-16T17:46:09.132641"
    },
    {
        "productData": {
            "name": "V Blue Energy Drink Bottle 500ml",
            "productId": "v-blue-energy-drink-bottle-500ml",
            "productShopPage": "https://leamington.store.freshchoice.co.nz/lines/v-blue-energy-drink-bottle-500ml",
            "productImageURL": "https://dtgxwmigmg3gc.cloudfront.net/imagery/assets/derivations/icon/512/512/true/eyJpZCI6IjgyYWYxYWY4MGI4MzUxODhiYmVhZGVhM2U2NzY0MzI5Iiwic3RvcmFnZSI6InB1YmxpY19zdG9yZSJ9?signature=7e70fc576864a528a1431734d680cbf177a11b419a692dbfd34800c31b8944ec",
            "productDescription": ""
        },
        "priceData": {
            "bestPrice": "2.50",
            "price": "2.50",
            "pricePerLitre": 7.6,
            "bestPricePerLitre": 7.6
        },
        "store": {
            "id": "5e755b8960b75a4d0a0a9f8c",
            "name": "Leamington"
        },
        "timestamp": "2021-08-16T17:46:10.366974"
    },
    {
        "productData": {
            "name": "V Blue Sugarfree Energy Drink 500ml",
            "productId": "v-blue-sugarfree-energy-drink-500ml",
            "productShopPage": "https://leamington.store.freshchoice.co.nz/lines/v-blue-sugarfree-energy-drink-500ml",
            "productImageURL": "https://dtgxwmigmg3gc.cloudfront.net/imagery/assets/derivations/icon/512/512/true/eyJpZCI6ImVmYjQyOWRmM2JjZjc3NTY1ZDIwMTEyNTY0MDdmZjA1Iiwic3RvcmFnZSI6InB1YmxpY19zdG9yZSJ9?signature=2911d59474d8305039a3be3bef0f887c38d9ab84596314b13cc4b150101175ab",
            "productDescription": ""
        },
        "priceData": {
            "bestPrice": "3.50",
            "price": "3.50",
            "pricePerLitre": 7.0,
            "bestPricePerLitre": 7.0
        },
        "store": {
            "id": "5e755b8960b75a4d0a0a9f8c",
            "name": "Leamington"
        },
        "timestamp": "2021-08-16T17:46:11.383870"
    },
    {
        "productData": {
            "name": "V Raspberry Lemonade Energy Drink 500ml",
            "productId": "v-energy-drink-raspberry-lemonade-500ml-can",
            "productShopPage": "https://leamington.store.freshchoice.co.nz/lines/v-energy-drink-raspberry-lemonade-500ml-can",
            "productImageURL": "https://dtgxwmigmg3gc.cloudfront.net/imagery/assets/derivations/icon/512/512/true/eyJpZCI6ImE3N2Y5NzBmY2FhOWZhYmZiOTc3MmYyMzE4MGRiOTcxIiwic3RvcmFnZSI6InB1YmxpY19zdG9yZSJ9?signature=2bb7890fe6d7b0c0c6a522be31c78077be0aa570ca4c8aa5549ccf80761262dc",
            "productDescription": ""
        },
        "priceData": {
            "bestPrice": "3.50",
            "price": "3.50",
            "pricePerLitre": 7.0,
            "bestPricePerLitre": 7.0
        },
        "store": {
            "id": "5e755b8960b75a4d0a0a9f8c",
            "name": "Leamington"
        },
        "timestamp": "2021-08-16T17:46:12.431515"
    },
    {
        "productData": {
            "name": "V Sugarfree Energy Drink Berry Twist 350ml",
            "productId": "v-sugarfree-energy-drink-berry-twist-350ml",
            "productShopPage": "https://leamington.store.freshchoice.co.nz/lines/v-sugarfree-energy-drink-berry-twist-350ml",
            "productImageURL": "https://dtgxwmigmg3gc.cloudfront.net/imagery/assets/derivations/icon/512/512/true/eyJpZCI6IjMxY2RlOWU3MTE1YTA4ZGRhYzFiODM0NjQ4NDFmOTM5Iiwic3RvcmFnZSI6InB1YmxpY19zdG9yZSJ9?signature=055982afa93dd6614e2f3de353af4c76a52ab79cac4e2b4660a75933fb1bc9a4",
            "productDescription": ""
        },
        "priceData": {
            "bestPrice": "3.50",
            "price": "3.50",
            "pricePerLitre": 10.0,
            "bestPricePerLitre": 10.0
        },
        "store": {
            "id": "5e755b8960b75a4d0a0a9f8c",
            "name": "Leamington"
        },
        "timestamp": "2021-08-16T17:46:13.555587"
    },
    {
        "productData": {
            "name": "V Blue Energy Drink 275ml Cans 4 Pack",
            "productId": "v-blue-energy-drink-275ml-cans-4-pack",
            "productShopPage": "https://leamington.store.freshchoice.co.nz/lines/v-blue-energy-drink-275ml-cans-4-pack",
            "productImageURL": "https://dtgxwmigmg3gc.cloudfront.net/imagery/assets/derivations/icon/512/512/true/eyJpZCI6IjcxMTc0MzEzN2QzNTUzODQwMmUyODZjMDJkNTM3OTk3Iiwic3RvcmFnZSI6InB1YmxpY19zdG9yZSJ9?signature=5697ef2f72e1e995472b76c19c7c6201b3deb266e060743ac9ae1219dbf2226c",
            "productDescription": ""
        },
        "priceData": {
            "bestPrice": "7.10",
            "price": "7.10",
            "pricePerLitre": 8.5,
            "bestPricePerLitre": 8.5
        },
        "store": {
            "id": "5e755b8960b75a4d0a0a9f8c",
            "name": "Leamington"
        },
        "timestamp": "2021-08-16T17:46:14.697349"
    },
    {
        "productData": {
            "name": "V Blue Energy Drink Blue Guarana Can 250ml",
            "productId": "v-blue-energy-drink-blue-guarana-can-250ml",
            "productShopPage": "https://leamington.store.freshchoice.co.nz/lines/v-blue-energy-drink-blue-guarana-can-250ml",
            "productImageURL": "https://dtgxwmigmg3gc.cloudfront.net/imagery/assets/derivations/icon/512/512/true/eyJpZCI6IjBmZjQwNDEyZWQ2ZDk4YTg3YWQ2ZDUyMWZlNjM1YzJkIiwic3RvcmFnZSI6InB1YmxpY19zdG9yZSJ9?signature=8f745abe5614ec47b3d7a07f1a34ba529184a87b2a696211ba5a0f9f29c86bf0",
            "productDescription": ""
        },
        "priceData": {
            "bestPrice": "2.20",
            "price": "2.20",
            "pricePerLitre": 8.8,
            "bestPricePerLitre": 8.8
        },
        "store": {
            "id": "5e755b8960b75a4d0a0a9f8c",
            "name": "Leamington"
        },
        "timestamp": "2021-08-16T17:46:15.824116"
    },
    {
        "productData": {
            "name": "V Blue Energy Drink Blue Guarana Can 500ml",
            "productId": "v-blue-energy-drink-blue-guarana-can-500ml",
            "productShopPage": "https://leamington.store.freshchoice.co.nz/lines/v-blue-energy-drink-blue-guarana-can-500ml",
            "productImageURL": "https://dtgxwmigmg3gc.cloudfront.net/imagery/assets/derivations/icon/512/512/true/eyJpZCI6ImFmYjEyYjVjYTU2YWI5ZDJhMTVmNGY2MDg2NWFlNzgxIiwic3RvcmFnZSI6InB1YmxpY19zdG9yZSJ9?signature=b537a8cc5a2c0f90f1702b2c541db44c3a740a0ec4a96e92ab2d6537f9320e8d",
            "productDescription": ""
        },
        "priceData": {
            "bestPrice": "3.50",
            "price": "3.50",
            "pricePerLitre": 7.0,
            "bestPricePerLitre": 7.0
        },
        "store": {
            "id": "5e755b8960b75a4d0a0a9f8c",
            "name": "Leamington"
        },
        "timestamp": "2021-08-16T17:46:16.965662"
    },
    {
        "productData": {
            "name": "V Iced Coffee Guarana Energy 500ml",
            "productId": "v-iced-coffee-guarana-energy-500ml",
            "productShopPage": "https://leamington.store.freshchoice.co.nz/lines/v-iced-coffee-guarana-energy-500ml",
            "productImageURL": "https://dtgxwmigmg3gc.cloudfront.net/imagery/assets/derivations/icon/512/512/true/eyJpZCI6ImM0Zjc4YjRmYWVjMjk0NTJkZTNkYzZjNmY5MzBlMjU2Iiwic3RvcmFnZSI6InB1YmxpY19zdG9yZSJ9?signature=14312b2813aab9c1ad551700ec97cd58a3a7f95bef4d0bd7ae7aa2dcf8fcdc9d",
            "productDescription": ""
        },
        "priceData": {
            "bestPrice": "3.50",
            "price": "3.50",
            "pricePerLitre": 8.0,
            "bestPricePerLitre": 8.0
        },
        "store": {
            "id": "5e755b8960b75a4d0a0a9f8c",
            "name": "Leamington"
        },
        "timestamp": "2021-08-16T17:46:18.268564"
    },
    {
        "productData": {
            "name": "V Energy Drink Sugar Free Guarana Bottle 350ml",
            "productId": "v-energy-drink-sugar-free-guarana-bottle-350ml",
            "productShopPage": "https://leamington.store.freshchoice.co.nz/lines/v-energy-drink-sugar-free-guarana-bottle-350ml",
            "productImageURL": "https://dtgxwmigmg3gc.cloudfront.net/imagery/assets/derivations/icon/512/512/true/eyJpZCI6IjQzYmZlOTg1YzY2ZGQ0ZDI1YzUyZDk3MGJhMmJhMGM3Iiwic3RvcmFnZSI6InB1YmxpY19zdG9yZSJ9?signature=7a4bb3eb2264f52495ae9ba8fbf21b5a3e59e12c0d6208cfa1591261da333f55",
            "productDescription": ""
        },
        "priceData": {
            "bestPrice": "3.50",
            "price": "3.50",
            "pricePerLitre": 10.0,
            "bestPricePerLitre": 10.0
        },
        "store": {
            "id": "5e755b8960b75a4d0a0a9f8c",
            "name": "Leamington"
        },
        "timestamp": "2021-08-16T17:46:21.858410"
    },
    {
        "productData": {
            "name": "V Pure Energy Drink Bottle 330ml",
            "productId": "v-pure-330ml-bottle",
            "productShopPage": "https://leamington.store.freshchoice.co.nz/lines/v-pure-330ml-bottle",
            "productImageURL": "https://dtgxwmigmg3gc.cloudfront.net/imagery/assets/derivations/icon/512/512/true/eyJpZCI6ImFjZmFlNGE1MmQ1ZmNhOTVhN2IyNzdhOGQ3ZTBjNTY0Iiwic3RvcmFnZSI6InB1YmxpY19zdG9yZSJ9?signature=ff03797de044ef70d02854192249a79b3cd819353c7171ef7358378e76bfc089",
            "productDescription": ""
        },
        "priceData": {
            "bestPrice": "3.50",
            "price": "3.50",
            "pricePerLitre": 10.600000000000001,
            "bestPricePerLitre": 10.600000000000001
        },
        "store": {
            "id": "5e755b8960b75a4d0a0a9f8c",
            "name": "Leamington"
        },
        "timestamp": "2021-08-16T17:46:26.024885"
    },
    {
        "productData": {
            "name": "V Green Energy Drink 355ml 6 Pack",
            "productId": "v-green-energy-drink-355ml-6-pack",
            "productShopPage": "https://leamington.store.freshchoice.co.nz/lines/v-green-energy-drink-355ml-6-pack",
            "productImageURL": "https://dtgxwmigmg3gc.cloudfront.net/imagery/assets/derivations/icon/512/512/true/eyJpZCI6ImRiOTAxYjhjNGE3NzQyNTEyYTljM2M5YTI2ZmQ5MTE5Iiwic3RvcmFnZSI6InB1YmxpY19zdG9yZSJ9?signature=12de0554d72324a76472d930a39c587a4837a2f051666f744164725a96b2f104",
            "productDescription": ""
        },
        "priceData": {
            "bestPrice": "11.00",
            "price": "11.00",
            "pricePerLitre": 7.7,
            "bestPricePerLitre": 7.7
        },
        "store": {
            "id": "5e755b8960b75a4d0a0a9f8c",
            "name": "Leamington"
        },
        "timestamp": "2021-08-16T17:46:27.222726"
    },
    {
        "productData": {
            "name": "Monster Energy Pipeline Punch 500ml",
            "productId": "monster-energy-pipeline-punch-500ml",
            "productShopPage": "https://leamington.store.freshchoice.co.nz/lines/monster-energy-pipeline-punch-500ml",
            "productImageURL": "https://dtgxwmigmg3gc.cloudfront.net/imagery/assets/derivations/icon/512/512/true/eyJpZCI6IjM3ZWY2OTY5OWFlNTJlZTRjNTY1ZmFmYWIwOTIxMjg4Iiwic3RvcmFnZSI6InB1YmxpY19zdG9yZSJ9?signature=79ed6699c35bd716a9d5d9457c39ce62c523edaa4059b6b45d4dcc7caf65cef9",
            "productDescription": ""
        },
        "priceData": {
            "bestPrice": "2.50",
            "price": "2.50",
            "pricePerLitre": 6.0,
            "bestPricePerLitre": 6.0
        },
        "store": {
            "id": "5e755b8960b75a4d0a0a9f8c",
            "name": "Leamington"
        },
        "timestamp": "2021-08-16T17:46:36.216608"
    },
    {
        "productData": {
            "name": "Live Plus Energy Drink Citrus Flavour 500ml",
            "productId": "live-plus-persist-500ml",
            "productShopPage": "https://leamington.store.freshchoice.co.nz/lines/live-plus-persist-500ml",
            "productImageURL": "https://dtgxwmigmg3gc.cloudfront.net/imagery/assets/derivations/icon/512/512/true/eyJpZCI6IjFlNWQ5YzI4OWM1N2UzNmYzZmI2NThlMDQzZTI3ZjE4Iiwic3RvcmFnZSI6InB1YmxpY19zdG9yZSJ9?signature=756b17fefe47174b90e7dbec8cd09db27f9f59f4994bc750b71256ae93ba9fa8",
            "productDescription": ""
        },
        "priceData": {
            "bestPrice": "2.00",
            "price": "2.00",
            "pricePerLitre": 4.0,
            "bestPricePerLitre": 4.0
        },
        "store": {
            "id": "5e755b8960b75a4d0a0a9f8c",
            "name": "Leamington"
        },
        "timestamp": "2021-08-16T17:46:37.327228"
    },
    {
        "productData": {
            "name": "V Guarana Energy Drink Blue Sugarfree 250ml",
            "productId": "v-blue-sugarfree-energy-drink-250ml",
            "productShopPage": "https://leamington.store.freshchoice.co.nz/lines/v-blue-sugarfree-energy-drink-250ml",
            "productImageURL": "https://dtgxwmigmg3gc.cloudfront.net/imagery/assets/derivations/icon/512/512/true/eyJpZCI6IjI3YWJiOTVhYjNhMjEwMDU2MWJhMmRhNTM3YjRhZjVmIiwic3RvcmFnZSI6InB1YmxpY19zdG9yZSJ9?signature=66769306ca1d0ba674603954d338186dc999f6d1839090d49fde9416b3252365",
            "productDescription": ""
        },
        "priceData": {
            "bestPrice": "2.20",
            "price": "2.20",
            "pricePerLitre": 8.8,
            "bestPricePerLitre": 8.8
        },
        "store": {
            "id": "5e755b8960b75a4d0a0a9f8c",
            "name": "Leamington"
        },
        "timestamp": "2021-08-16T17:46:40.082431"
    },
    {
        "productData": {
            "name": "Live Plus Energy Drink Ignite 500ml",
            "productId": "live-plus-energy-drink-ignite-500ml",
            "productShopPage": "https://leamington.store.freshchoice.co.nz/lines/live-plus-energy-drink-ignite-500ml",
            "productImageURL": "https://dtgxwmigmg3gc.cloudfront.net/imagery/assets/derivations/icon/512/512/true/eyJpZCI6IjFkZThlMTA5NjUyNTgxZDc2ZDhiOWIxNjljYmVlOWVlIiwic3RvcmFnZSI6InB1YmxpY19zdG9yZSJ9?signature=5f73a57660afbef58a992f8c1d00558e127ddc20b4879ea1a95f2f74f8de2c57",
            "productDescription": ""
        },
        "priceData": {
            "bestPrice": "2.00",
            "price": "2.00",
            "pricePerLitre": 6.0,
            "bestPricePerLitre": 6.0
        },
        "store": {
            "id": "5e755b8960b75a4d0a0a9f8c",
            "name": "Leamington"
        },
        "timestamp": "2021-08-16T17:46:41.277771"
    },
    {
        "productData": {
            "name": "Live Plus Energy Drink Original Citrus Flavour 6x250ml",
            "productId": "live-plus-persist-250ml-6pack",
            "productShopPage": "https://leamington.store.freshchoice.co.nz/lines/live-plus-persist-250ml-6pack",
            "productImageURL": "https://dtgxwmigmg3gc.cloudfront.net/imagery/assets/derivations/icon/512/512/true/eyJpZCI6IjNmODNiNGI4MzI4MzJmNzhjZmJhNDA1OGUyZWFlM2ZhIiwic3RvcmFnZSI6InB1YmxpY19zdG9yZSJ9?signature=0257f943d0c41562773e51cbd42327ad911228832e33494e9c30381e20305337",
            "productDescription": ""
        },
        "priceData": {
            "bestPrice": "7.70",
            "price": "7.70",
            "pricePerLitre": 5.1,
            "bestPricePerLitre": 5.1
        },
        "store": {
            "id": "5e755b8960b75a4d0a0a9f8c",
            "name": "Leamington"
        },
        "timestamp": "2021-08-16T17:46:43.423480"
    },
    {
        "productData": {
            "name": "Live Plus Live+ Ignite Energy Drink 6 x 250ml Cans",
            "productId": "live-plus-live-ignite-energy-drink-6x250ml-cans",
            "productShopPage": "https://leamington.store.freshchoice.co.nz/lines/live-plus-live-ignite-energy-drink-6x250ml-cans",
            "productImageURL": "https://dtgxwmigmg3gc.cloudfront.net/imagery/assets/derivations/icon/512/512/true/eyJpZCI6Ijk5ZTU3ZDdlN2RjYzc0ZmZlOWY0NGQxMDdkYTI5ZDI5Iiwic3RvcmFnZSI6InB1YmxpY19zdG9yZSJ9?signature=16b8b1fb6c1dbc73b4d1f0110b7542a3259cd273e9b6adea8e6570f5158d8342",
            "productDescription": ""
        },
        "priceData": {
            "bestPrice": "7.70",
            "price": "7.70",
            "pricePerLitre": 5.1,
            "bestPricePerLitre": 5.1
        },
        "store": {
            "id": "5e755b8960b75a4d0a0a9f8c",
            "name": "Leamington"
        },
        "timestamp": "2021-08-16T17:46:45.577398"
    },
    {
        "productData": {
            "name": "Rockstar Original Energy Drink 500ml",
            "productId": "rockstar-original-energy-drink-500ml",
            "productShopPage": "https://leamington.store.freshchoice.co.nz/lines/rockstar-original-energy-drink-500ml",
            "productImageURL": "https://dtgxwmigmg3gc.cloudfront.net/imagery/assets/derivations/icon/512/512/true/eyJpZCI6IjA1ZmRmMjE1MTQ0Zjk0YjgzMDFlNzEyMjQ5OWMzZjNjIiwic3RvcmFnZSI6InB1YmxpY19zdG9yZSJ9?signature=d3b539814d47e6a54c00fa8c8b73164ccb677a65cf673f3532132f7f04c657f5",
            "productDescription": ""
        },
        "priceData": {
            "bestPrice": "2.00",
            "price": "2.00",
            "pricePerLitre": 4.0,
            "bestPricePerLitre": 4.0
        },
        "store": {
            "id": "5e755b8960b75a4d0a0a9f8c",
            "name": "Leamington"
        },
        "timestamp": "2021-08-16T17:46:46.692902"
    },
    {
        "productData": {
            "name": "Rockstar Punched Energy Guava 500ml",
            "productId": "rockstar-punched-energy-guava-500ml",
            "productShopPage": "https://leamington.store.freshchoice.co.nz/lines/rockstar-punched-energy-guava-500ml",
            "productImageURL": "https://dtgxwmigmg3gc.cloudfront.net/imagery/assets/derivations/icon/512/512/true/eyJpZCI6IjBmNGEyNjU2MGQwM2Y4OGI4MWE3ZTMyODUzYTRlN2QyIiwic3RvcmFnZSI6InB1YmxpY19zdG9yZSJ9?signature=fab45ac774e74d87cf7a79de075f47290676fd6d4afcf212198c745670d5ce29",
            "productDescription": ""
        },
        "priceData": {
            "bestPrice": "2.00",
            "price": "2.00",
            "pricePerLitre": 4.0,
            "bestPricePerLitre": 4.0
        },
        "store": {
            "id": "5e755b8960b75a4d0a0a9f8c",
            "name": "Leamington"
        },
        "timestamp": "2021-08-16T17:46:47.838998"
    },
    {
        "productData": {
            "name": "Mother Kicked Apple 500ml",
            "productId": "mother-kicked-apple-500ml",
            "productShopPage": "https://mangerebridge.store.freshchoice.co.nz/lines/mother-kicked-apple-500ml",
            "productImageURL": "https://dtgxwmigmg3gc.cloudfront.net/imagery/assets/derivations/icon/512/512/true/eyJpZCI6IjNhZTlkYjkwYTM4MDFjMGEwYjUwYThhMDAwYjkyZjM0Iiwic3RvcmFnZSI6InB1YmxpY19zdG9yZSJ9?signature=c1a1db0a5d7b074c388cf08560fd44a4a2b6127821554198e54eeea8474325f6",
            "productDescription": ""
        },
        "priceData": {
            "bestPrice": "2.00",
            "price": "2.00",
            "pricePerLitre": 4.0,
            "bestPricePerLitre": 4.0
        },
        "store": {
            "id": "5e5ee6e1d7477678280819d5",
            "name": "Mangere Bridge"
        },
        "timestamp": "2021-08-16T17:46:51.373147"
    },
    {
        "productData": {
            "name": "Monster Energy Ultra Paradise 500ml",
            "productId": "monster-energy-drink-ultra-paradise-500ml",
            "productShopPage": "https://mangerebridge.store.freshchoice.co.nz/lines/monster-energy-drink-ultra-paradise-500ml",
            "productImageURL": "https://dtgxwmigmg3gc.cloudfront.net/imagery/assets/derivations/icon/512/512/true/eyJpZCI6ImZiZDRkZTQxNzA0M2FiYTUyMjMwZWI0NTcyZGNmYTE1Iiwic3RvcmFnZSI6InB1YmxpY19zdG9yZSJ9?signature=8a439bf26b71114289dfea1720ed331b1e4784c534deade29db8ac38b1cc7c1a",
            "productDescription": ""
        },
        "priceData": {
            "bestPrice": "2.50",
            "price": "2.50",
            "pricePerLitre": 6.0,
            "bestPricePerLitre": 6.0
        },
        "store": {
            "id": "5e5ee6e1d7477678280819d5",
            "name": "Mangere Bridge"
        },
        "timestamp": "2021-08-16T17:46:54.611264"
    },
    {
        "productData": {
            "name": "Monster Energy Ultra Sunrise 500ml",
            "productId": "monster-energy-ultra-sunrise-500ml",
            "productShopPage": "https://mangerebridge.store.freshchoice.co.nz/lines/monster-energy-ultra-sunrise-500ml",
            "productImageURL": "https://dtgxwmigmg3gc.cloudfront.net/imagery/assets/derivations/icon/512/512/true/eyJpZCI6ImFlNTVkY2RiZTZiZjg3OGZjZTdlOTU1OTFhMDE4YTdiIiwic3RvcmFnZSI6InB1YmxpY19zdG9yZSJ9?signature=b98350feca08b6ab128cc925fef23a58f65a36f94ede15cb2174f6f88a0f8a0f",
            "productDescription": ""
        },
        "priceData": {
            "bestPrice": "2.50",
            "price": "2.50",
            "pricePerLitre": 6.0,
            "bestPricePerLitre": 6.0
        },
        "store": {
            "id": "5e5ee6e1d7477678280819d5",
            "name": "Mangere Bridge"
        },
        "timestamp": "2021-08-16T17:46:55.637140"
    },
    {
        "productData": {
            "name": "Monster Energy Ultra Zero 500ml",
            "productId": "monster-energy-ultra-zero-500ml",
            "productShopPage": "https://mangerebridge.store.freshchoice.co.nz/lines/monster-energy-ultra-zero-500ml",
            "productImageURL": "https://dtgxwmigmg3gc.cloudfront.net/imagery/assets/derivations/icon/512/512/true/eyJpZCI6IjdhN2FhYTUwZWU2NTYwYjBiNGY1NThhMTgwNmVlODI3Iiwic3RvcmFnZSI6InB1YmxpY19zdG9yZSJ9?signature=7907c49ba7d043175a426f84a71776de7dd51fa5c249237063aca9cb098abdbe",
            "productDescription": ""
        },
        "priceData": {
            "bestPrice": "2.50",
            "price": "2.50",
            "pricePerLitre": 6.0,
            "bestPricePerLitre": 6.0
        },
        "store": {
            "id": "5e5ee6e1d7477678280819d5",
            "name": "Mangere Bridge"
        },
        "timestamp": "2021-08-16T17:46:56.771205"
    },
    {
        "productData": {
            "name": "Monster Energy Drink Ultra Rosa 500ml",
            "productId": "monster-energy-drink-ultra-rosa-500ml",
            "productShopPage": "https://mangerebridge.store.freshchoice.co.nz/lines/monster-energy-drink-ultra-rosa-500ml",
            "productImageURL": "https://dtgxwmigmg3gc.cloudfront.net/imagery/assets/derivations/icon/512/512/true/eyJpZCI6IjZjYzFjMzcwYzM4Mzk4N2MyOTUzNWIyMTFjZTJlYjgxIiwic3RvcmFnZSI6InB1YmxpY19zdG9yZSJ9?signature=9cd08284785f9b24647ecc7d1dc08214d9d00318cc809bebdef1921d6b78bb95",
            "productDescription": ""
        },
        "priceData": {
            "bestPrice": "2.50",
            "price": "2.50",
            "pricePerLitre": 6.0,
            "bestPricePerLitre": 6.0
        },
        "store": {
            "id": "5e5ee6e1d7477678280819d5",
            "name": "Mangere Bridge"
        },
        "timestamp": "2021-08-16T17:46:58.642534"
    },
    {
        "productData": {
            "name": "Mother Energy Drink Berry 500ml",
            "productId": "mother-energy-drink-berry-500ml",
            "productShopPage": "https://mangerebridge.store.freshchoice.co.nz/lines/mother-energy-drink-berry-500ml",
            "productImageURL": "https://dtgxwmigmg3gc.cloudfront.net/imagery/assets/derivations/icon/512/512/true/eyJpZCI6ImRhYTJlNjUzNzRjZjViNjI0ZDljNzUzNDA3YmE0ZDFkIiwic3RvcmFnZSI6InB1YmxpY19zdG9yZSJ9?signature=d9ffb465d71d599811c2ff7a788845bfe297eb3624ad7866a89cf0b3ece073f0",
            "productDescription": ""
        },
        "priceData": {
            "bestPrice": "2.00",
            "price": "2.00",
            "pricePerLitre": 4.0,
            "bestPricePerLitre": 4.0
        },
        "store": {
            "id": "5e5ee6e1d7477678280819d5",
            "name": "Mangere Bridge"
        },
        "timestamp": "2021-08-16T17:47:01.864662"
    },
    {
        "productData": {
            "name": "Mother Energy Drink Black 500ml",
            "productId": "mother-energy-drink-black-500ml",
            "productShopPage": "https://mangerebridge.store.freshchoice.co.nz/lines/mother-energy-drink-black-500ml",
            "productImageURL": "https://dtgxwmigmg3gc.cloudfront.net/imagery/assets/derivations/icon/512/512/true/eyJpZCI6ImYyMzA5MjhkYjg3ODFhYmYzZDU3ZjE1YjNmYzU2MWFjIiwic3RvcmFnZSI6InB1YmxpY19zdG9yZSJ9?signature=d3dbddb83d3d457075cd5d8936bef0c5b48fce4fa3fe725995d8b6d57219ceb5",
            "productDescription": ""
        },
        "priceData": {
            "bestPrice": "2.00",
            "price": "2.00",
            "pricePerLitre": 4.0,
            "bestPricePerLitre": 4.0
        },
        "store": {
            "id": "5e5ee6e1d7477678280819d5",
            "name": "Mangere Bridge"
        },
        "timestamp": "2021-08-16T17:47:03.149699"
    },
    {
        "productData": {
            "name": "Mother Energy Drink Cans 6x250ml",
            "productId": "mother-energy-drink-6x250ml-cans",
            "productShopPage": "https://mangerebridge.store.freshchoice.co.nz/lines/mother-energy-drink-6x250ml-cans",
            "productImageURL": "https://dtgxwmigmg3gc.cloudfront.net/imagery/assets/derivations/icon/512/512/true/eyJpZCI6IjEyOGFhMmU0Y2VkYTU4ZWFkZmVhOWUwZjdlNTZhOTA4Iiwic3RvcmFnZSI6InB1YmxpY19zdG9yZSJ9?signature=5db1908f64527cf28fa7bf3266a83ab854a07ca50453511f7d414d8e6d5c10fb",
            "productDescription": ""
        },
        "priceData": {
            "bestPrice": "7.70",
            "price": "7.70",
            "pricePerLitre": 5.1,
            "bestPricePerLitre": 5.1
        },
        "store": {
            "id": "5e5ee6e1d7477678280819d5",
            "name": "Mangere Bridge"
        },
        "timestamp": "2021-08-16T17:47:04.270787"
    },
    {
        "productData": {
            "name": "Mother Energy Drink Passion 500ml",
            "productId": "mother-energy-drink-passion-500ml",
            "productShopPage": "https://mangerebridge.store.freshchoice.co.nz/lines/mother-energy-drink-passion-500ml",
            "productImageURL": "https://dtgxwmigmg3gc.cloudfront.net/imagery/assets/derivations/icon/512/512/true/eyJpZCI6ImQwODE2YTc4ZjBmNGU4NTU5Mzg1YjkxZmI5YjIzZjM0Iiwic3RvcmFnZSI6InB1YmxpY19zdG9yZSJ9?signature=713c495fef96a6427b917f0c7c7e855a963749ac5c1bf7dfd71e24ae08ea3123",
            "productDescription": ""
        },
        "priceData": {
            "bestPrice": "2.00",
            "price": "2.00",
            "pricePerLitre": 4.0,
            "bestPricePerLitre": 4.0
        },
        "store": {
            "id": "5e5ee6e1d7477678280819d5",
            "name": "Mangere Bridge"
        },
        "timestamp": "2021-08-16T17:47:05.466210"
    },
    {
        "productData": {
            "name": "Mother Tropical Blast 500ml",
            "productId": "mother-tropical-blast-500ml",
            "productShopPage": "https://mangerebridge.store.freshchoice.co.nz/lines/mother-tropical-blast-500ml",
            "productImageURL": "https://dtgxwmigmg3gc.cloudfront.net/imagery/assets/derivations/icon/512/512/true/eyJpZCI6ImEyZmM1OTUwNDhlODM5YTRhMjQ2MTI1OGEyYzNlZWZhIiwic3RvcmFnZSI6InB1YmxpY19zdG9yZSJ9?signature=6c9470ee4067e8ec32b58eeac9d628404d3986058a9b1cdef46014d1bee50944",
            "productDescription": ""
        },
        "priceData": {
            "bestPrice": "2.00",
            "price": "2.00",
            "pricePerLitre": 4.0,
            "bestPricePerLitre": 4.0
        },
        "store": {
            "id": "5e5ee6e1d7477678280819d5",
            "name": "Mangere Bridge"
        },
        "timestamp": "2021-08-16T17:47:06.546121"
    },
    {
        "productData": {
            "name": "Mother Can Energy 250ml",
            "productId": "mother-can-energy-250ml",
            "productShopPage": "https://mangerebridge.store.freshchoice.co.nz/lines/mother-can-energy-250ml",
            "productImageURL": "https://dtgxwmigmg3gc.cloudfront.net/imagery/assets/derivations/icon/512/512/true/eyJpZCI6IjVhOTg3YmMxMjJjMGU2MTcxY2VhNzRjMmY0YzdmNDc2Iiwic3RvcmFnZSI6InB1YmxpY19zdG9yZSJ9?signature=b86ce206a3fb5a708e03da17f785e4d2d6e9436aae122f10ca04f56e5325a61f",
            "productDescription": ""
        },
        "priceData": {
            "bestPrice": "1.99",
            "price": "1.99"
        },
        "store": {
            "id": "5e5ee6e1d7477678280819d5",
            "name": "Mangere Bridge"
        },
        "timestamp": "2021-08-16T17:47:07.584333"
    },
    {
        "productData": {
            "name": "Mother Epic Swell Energy Drink Twisted Apple 500ml",
            "productId": "mother-epic-swell-energy-drink-twisted-apple-500ml",
            "productShopPage": "https://mangerebridge.store.freshchoice.co.nz/lines/mother-epic-swell-energy-drink-twisted-apple-500ml",
            "productImageURL": "https://dtgxwmigmg3gc.cloudfront.net/imagery/assets/derivations/icon/512/512/true/eyJpZCI6ImE2ZjYxOGNhNjUyYzMxNzRhNjg2MDBhMGVjZmQ3MmJkIiwic3RvcmFnZSI6InB1YmxpY19zdG9yZSJ9?signature=954f74f8aba0fb24cb2a5248b1e93fe8a62fb8c7f902abbb08b7aed24bc44c80",
            "productDescription": ""
        },
        "priceData": {
            "bestPrice": "2.00",
            "price": "2.00",
            "pricePerLitre": 4.0,
            "bestPricePerLitre": 4.0
        },
        "store": {
            "id": "5e5ee6e1d7477678280819d5",
            "name": "Mangere Bridge"
        },
        "timestamp": "2021-08-16T17:47:08.687203"
    },
    {
        "productData": {
            "name": "Monster Energy Juice Mango Loco 500ml",
            "productId": "monster-energy-juice-mango-loco-500ml-can",
            "productShopPage": "https://mangerebridge.store.freshchoice.co.nz/lines/monster-energy-juice-mango-loco-500ml-can",
            "productImageURL": "https://dtgxwmigmg3gc.cloudfront.net/imagery/assets/derivations/icon/512/512/true/eyJpZCI6ImUyNmIyNzdlMzJkOTg5NjI4YWYxYzg2MTU2MjI0ZjgzIiwic3RvcmFnZSI6InB1YmxpY19zdG9yZSJ9?signature=db65ff44183396e60e8f4c13003417fb1277f7685b136cf223d7701f7e945faf",
            "productDescription": ""
        },
        "priceData": {
            "bestPrice": "2.50",
            "price": "2.50",
            "pricePerLitre": 6.0,
            "bestPricePerLitre": 6.0
        },
        "store": {
            "id": "5e5ee6e1d7477678280819d5",
            "name": "Mangere Bridge"
        },
        "timestamp": "2021-08-16T17:47:09.893761"
    },
    {
        "productData": {
            "name": "V Energy Drink Guarana 500ml",
            "productId": "v-energy-drink-guarana-500ml",
            "productShopPage": "https://mangerebridge.store.freshchoice.co.nz/lines/v-energy-drink-guarana-500ml",
            "productImageURL": "https://dtgxwmigmg3gc.cloudfront.net/imagery/assets/derivations/icon/512/512/true/eyJpZCI6IjgzZDAxMjhiMzg4NmEwZmE4YTE2ZjY2NWIzNmM2NzI2Iiwic3RvcmFnZSI6InB1YmxpY19zdG9yZSJ9?signature=f55ecc561066291a4e74a967db35ea2355f881bd1708bf400fd790032384ae4f",
            "productDescription": ""
        },
        "priceData": {
            "bestPrice": "2.50",
            "price": "2.50",
            "pricePerLitre": 7.6,
            "bestPricePerLitre": 7.6
        },
        "store": {
            "id": "5e5ee6e1d7477678280819d5",
            "name": "Mangere Bridge"
        },
        "timestamp": "2021-08-16T17:47:12.096507"
    },
    {
        "productData": {
            "name": "V Energy Drink Sugarfree 500ml",
            "productId": "v-energy-drink-sugarfree-500ml",
            "productShopPage": "https://mangerebridge.store.freshchoice.co.nz/lines/v-energy-drink-sugarfree-500ml",
            "productImageURL": "https://dtgxwmigmg3gc.cloudfront.net/imagery/assets/derivations/icon/512/512/true/eyJpZCI6ImVkZTAxNTNmMDI1NmU1NDZjNWQ5MTc3MjE3ZTQ3YTQ0Iiwic3RvcmFnZSI6InB1YmxpY19zdG9yZSJ9?signature=abcf72d9faa9ee3044eaa3b7ee0bf9b4fd8f582379018d8727f2234b7d3f3c85",
            "productDescription": ""
        },
        "priceData": {
            "bestPrice": "2.50",
            "price": "2.50",
            "pricePerLitre": 7.6,
            "bestPricePerLitre": 7.6
        },
        "store": {
            "id": "5e5ee6e1d7477678280819d5",
            "name": "Mangere Bridge"
        },
        "timestamp": "2021-08-16T17:47:13.162976"
    },
    {
        "productData": {
            "name": "V Energy Drink Sugar Free Guarana 250ml",
            "productId": "v-energy-drink-sugar-free-guarana-250ml",
            "productShopPage": "https://mangerebridge.store.freshchoice.co.nz/lines/v-energy-drink-sugar-free-guarana-250ml",
            "productImageURL": "https://dtgxwmigmg3gc.cloudfront.net/imagery/assets/derivations/icon/512/512/true/eyJpZCI6ImZiNzM1NmU4NTMyZDllODlkZTljZmNlOGY2MzQ5NGQwIiwic3RvcmFnZSI6InB1YmxpY19zdG9yZSJ9?signature=72b0ce0a48ca796717c115fe5e8b4564501470f63bf80ae865d26e9d131a2b8c",
            "productDescription": ""
        },
        "priceData": {
            "bestPrice": "2.20",
            "price": "2.20",
            "pricePerLitre": 8.8,
            "bestPricePerLitre": 8.8
        },
        "store": {
            "id": "5e5ee6e1d7477678280819d5",
            "name": "Mangere Bridge"
        },
        "timestamp": "2021-08-16T17:47:14.259969"
    },
    {
        "productData": {
            "name": "V Energy Drink Blue Guarana Spritzed 350ml",
            "productId": "v-blue-energy-drink-blue-guarana-spritzed-350ml",
            "productShopPage": "https://mangerebridge.store.freshchoice.co.nz/lines/v-blue-energy-drink-blue-guarana-spritzed-350ml",
            "productImageURL": "https://dtgxwmigmg3gc.cloudfront.net/imagery/assets/derivations/icon/512/512/true/eyJpZCI6ImY2OTRlZGI4NjdlNWMzZDM5NzgzMDQ0ODFkMzUxZGZiIiwic3RvcmFnZSI6InB1YmxpY19zdG9yZSJ9?signature=591b3079cb9c2407a29b3bc348eaf42dc1d34daba5c9d7aba65be654725b6719",
            "productDescription": ""
        },
        "priceData": {
            "bestPrice": "3.50",
            "price": "3.50",
            "pricePerLitre": 10.0,
            "bestPricePerLitre": 10.0
        },
        "store": {
            "id": "5e5ee6e1d7477678280819d5",
            "name": "Mangere Bridge"
        },
        "timestamp": "2021-08-16T17:47:16.409271"
    },
    {
        "productData": {
            "name": "V Energy Drink Green Guarana 350ml",
            "productId": "v-energy-drink-green-guarana-350ml",
            "productShopPage": "https://mangerebridge.store.freshchoice.co.nz/lines/v-energy-drink-green-guarana-350ml",
            "productImageURL": "https://dtgxwmigmg3gc.cloudfront.net/imagery/assets/derivations/icon/512/512/true/eyJpZCI6IjRiNjY4ZjYxOTQ2ODYyN2MzM2NiZWMyNGUyNmIyODk4Iiwic3RvcmFnZSI6InB1YmxpY19zdG9yZSJ9?signature=4cded9cb42349eef45a593461f311b1bb7fa881295733879671ad9fe9887d30c",
            "productDescription": ""
        },
        "priceData": {
            "bestPrice": "3.50",
            "price": "3.50",
            "pricePerLitre": 10.0,
            "bestPricePerLitre": 10.0
        },
        "store": {
            "id": "5e5ee6e1d7477678280819d5",
            "name": "Mangere Bridge"
        },
        "timestamp": "2021-08-16T17:47:17.455016"
    },
    {
        "productData": {
            "name": "V Energy Drink Guarana Can 250ml",
            "productId": "v-energy-drink-guarana-can-250ml",
            "productShopPage": "https://mangerebridge.store.freshchoice.co.nz/lines/v-energy-drink-guarana-can-250ml",
            "productImageURL": "https://dtgxwmigmg3gc.cloudfront.net/imagery/assets/derivations/icon/512/512/true/eyJpZCI6Ijc3Nzk1NjE2ZDhhNmFiMThhYzEzODYzOTg2ZmNkNzgwIiwic3RvcmFnZSI6InB1YmxpY19zdG9yZSJ9?signature=f5de1854d43e19cc62bff86893d4a55615cd916f8425a4dccd170b52eba81255",
            "productDescription": ""
        },
        "priceData": {
            "bestPrice": "2.20",
            "price": "2.20",
            "pricePerLitre": 8.8,
            "bestPricePerLitre": 8.8
        },
        "store": {
            "id": "5e5ee6e1d7477678280819d5",
            "name": "Mangere Bridge"
        },
        "timestamp": "2021-08-16T17:47:18.564057"
    },
    {
        "productData": {
            "name": "V Energy Drink Guarana Can 500ml",
            "productId": "v-energy-drink-guarana-can-500ml",
            "productShopPage": "https://mangerebridge.store.freshchoice.co.nz/lines/v-energy-drink-guarana-can-500ml",
            "productImageURL": "https://dtgxwmigmg3gc.cloudfront.net/imagery/assets/derivations/icon/512/512/true/eyJpZCI6ImI0NjgzNGZjNDRkMjU0MjgzYzJjZGNhMzA2NWIxYjA5Iiwic3RvcmFnZSI6InB1YmxpY19zdG9yZSJ9?signature=265e8273409849423466e7623cbbdf8352940707b8830803eec391e8f32c9c5f",
            "productDescription": ""
        },
        "priceData": {
            "bestPrice": "3.50",
            "price": "3.50",
            "pricePerLitre": 7.0,
            "bestPricePerLitre": 7.0
        },
        "store": {
            "id": "5e5ee6e1d7477678280819d5",
            "name": "Mangere Bridge"
        },
        "timestamp": "2021-08-16T17:47:19.665797"
    },
    {
        "productData": {
            "name": "V Energy Drink Raspberry Lemonade 350ml",
            "productId": "v-energy-drink-raspberry-lemonade-350ml",
            "productShopPage": "https://mangerebridge.store.freshchoice.co.nz/lines/v-energy-drink-raspberry-lemonade-350ml",
            "productImageURL": "https://dtgxwmigmg3gc.cloudfront.net/imagery/assets/derivations/icon/512/512/true/eyJpZCI6IjliNWMwMGJkN2IxYWRhY2UxNzU5NzY1ZTI4MjUzZDgyIiwic3RvcmFnZSI6InB1YmxpY19zdG9yZSJ9?signature=1813e587f3636e394a15aa9e19234f9343024a6880220b0dda0a5d69b1f1c010",
            "productDescription": ""
        },
        "priceData": {
            "bestPrice": "3.50",
            "price": "3.50",
            "pricePerLitre": 10.0,
            "bestPricePerLitre": 10.0
        },
        "store": {
            "id": "5e5ee6e1d7477678280819d5",
            "name": "Mangere Bridge"
        },
        "timestamp": "2021-08-16T17:47:21.968042"
    },
    {
        "productData": {
            "name": "V Energy Drink Sugar Free Guarana 500ml",
            "productId": "v-energy-drink-sugar-free-guarana-500ml",
            "productShopPage": "https://mangerebridge.store.freshchoice.co.nz/lines/v-energy-drink-sugar-free-guarana-500ml",
            "productImageURL": "https://dtgxwmigmg3gc.cloudfront.net/imagery/assets/derivations/icon/512/512/true/eyJpZCI6Ijg4MGExMDYxOTY4NTJiYzM1ZTExMmU2MGE2OWYxNDE3Iiwic3RvcmFnZSI6InB1YmxpY19zdG9yZSJ9?signature=b0536d25b9da8158705e24c88e21fabbf85c1dabc19f18108c386e956ffd7045",
            "productDescription": ""
        },
        "priceData": {
            "bestPrice": "3.50",
            "price": "3.50",
            "pricePerLitre": 7.0,
            "bestPricePerLitre": 7.0
        },
        "store": {
            "id": "5e5ee6e1d7477678280819d5",
            "name": "Mangere Bridge"
        },
        "timestamp": "2021-08-16T17:47:22.980450"
    },
    {
        "productData": {
            "name": "V Energy Drink Skills Cans 275ml 4 Pack",
            "productId": "v-energy-drink-skills-cans-275ml-4-pack",
            "productShopPage": "https://mangerebridge.store.freshchoice.co.nz/lines/v-energy-drink-skills-cans-275ml-4-pack",
            "productImageURL": "https://dtgxwmigmg3gc.cloudfront.net/imagery/assets/derivations/icon/512/512/true/eyJpZCI6ImZhMzA2N2NiM2YxMmVkM2ZhZjhhYmM4OGE1YTJhNzczIiwic3RvcmFnZSI6InB1YmxpY19zdG9yZSJ9?signature=34fcde8f5a021036c475a1dfff6748625e0747bb134ec737312b15bbe8e883eb",
            "productDescription": ""
        },
        "priceData": {
            "bestPrice": "7.10",
            "price": "7.10",
            "pricePerLitre": 8.5,
            "bestPricePerLitre": 8.5
        },
        "store": {
            "id": "5e5ee6e1d7477678280819d5",
            "name": "Mangere Bridge"
        },
        "timestamp": "2021-08-16T17:47:24.257609"
    },
    {
        "productData": {
            "name": "V Guarana Energy Drink Fridge Pack 10x200ml",
            "productId": "v-guarana-energy-drink-fridge-pack-10x200ml",
            "productShopPage": "https://mangerebridge.store.freshchoice.co.nz/lines/v-guarana-energy-drink-fridge-pack-10x200ml",
            "productImageURL": "https://dtgxwmigmg3gc.cloudfront.net/imagery/assets/derivations/icon/512/512/true/eyJpZCI6IjBlMjAzZTJiY2QyZDVhYzQ2NGY2NzhmMDFkMmM3YjBhIiwic3RvcmFnZSI6InB1YmxpY19zdG9yZSJ9?signature=a3283c38928a5e2c367f0886f5948460cf671d41affa4dd3a2634f1621779d47",
            "productDescription": ""
        },
        "priceData": {
            "bestPrice": "14.00",
            "price": "14.00",
            "pricePerLitre": 7.800000000000001,
            "bestPricePerLitre": 7.800000000000001
        },
        "store": {
            "id": "5e5ee6e1d7477678280819d5",
            "name": "Mangere Bridge"
        },
        "timestamp": "2021-08-16T17:47:25.473612"
    },
    {
        "productData": {
            "name": "V Blue Energy Drink Bottle 500ml",
            "productId": "v-blue-energy-drink-bottle-500ml",
            "productShopPage": "https://mangerebridge.store.freshchoice.co.nz/lines/v-blue-energy-drink-bottle-500ml",
            "productImageURL": "https://dtgxwmigmg3gc.cloudfront.net/imagery/assets/derivations/icon/512/512/true/eyJpZCI6IjgyYWYxYWY4MGI4MzUxODhiYmVhZGVhM2U2NzY0MzI5Iiwic3RvcmFnZSI6InB1YmxpY19zdG9yZSJ9?signature=7e70fc576864a528a1431734d680cbf177a11b419a692dbfd34800c31b8944ec",
            "productDescription": ""
        },
        "priceData": {
            "bestPrice": "2.50",
            "price": "2.50",
            "pricePerLitre": 7.6,
            "bestPricePerLitre": 7.6
        },
        "store": {
            "id": "5e5ee6e1d7477678280819d5",
            "name": "Mangere Bridge"
        },
        "timestamp": "2021-08-16T17:47:26.681917"
    },
    {
        "productData": {
            "name": "V Blue Sugarfree Energy Drink 500ml",
            "productId": "v-blue-sugarfree-energy-drink-500ml",
            "productShopPage": "https://mangerebridge.store.freshchoice.co.nz/lines/v-blue-sugarfree-energy-drink-500ml",
            "productImageURL": "https://dtgxwmigmg3gc.cloudfront.net/imagery/assets/derivations/icon/512/512/true/eyJpZCI6ImVmYjQyOWRmM2JjZjc3NTY1ZDIwMTEyNTY0MDdmZjA1Iiwic3RvcmFnZSI6InB1YmxpY19zdG9yZSJ9?signature=2911d59474d8305039a3be3bef0f887c38d9ab84596314b13cc4b150101175ab",
            "productDescription": ""
        },
        "priceData": {
            "bestPrice": "3.50",
            "price": "3.50",
            "pricePerLitre": 7.0,
            "bestPricePerLitre": 7.0
        },
        "store": {
            "id": "5e5ee6e1d7477678280819d5",
            "name": "Mangere Bridge"
        },
        "timestamp": "2021-08-16T17:47:27.855229"
    },
    {
        "productData": {
            "name": "V Raspberry Lemonade Energy Drink 500ml",
            "productId": "v-energy-drink-raspberry-lemonade-500ml-can",
            "productShopPage": "https://mangerebridge.store.freshchoice.co.nz/lines/v-energy-drink-raspberry-lemonade-500ml-can",
            "productImageURL": "https://dtgxwmigmg3gc.cloudfront.net/imagery/assets/derivations/icon/512/512/true/eyJpZCI6ImE3N2Y5NzBmY2FhOWZhYmZiOTc3MmYyMzE4MGRiOTcxIiwic3RvcmFnZSI6InB1YmxpY19zdG9yZSJ9?signature=2bb7890fe6d7b0c0c6a522be31c78077be0aa570ca4c8aa5549ccf80761262dc",
            "productDescription": ""
        },
        "priceData": {
            "bestPrice": "3.50",
            "price": "3.50",
            "pricePerLitre": 7.0,
            "bestPricePerLitre": 7.0
        },
        "store": {
            "id": "5e5ee6e1d7477678280819d5",
            "name": "Mangere Bridge"
        },
        "timestamp": "2021-08-16T17:47:29.158384"
    },
    {
        "productData": {
            "name": "V Blue Energy Drink 275ml Cans 4 Pack",
            "productId": "v-blue-energy-drink-275ml-cans-4-pack",
            "productShopPage": "https://mangerebridge.store.freshchoice.co.nz/lines/v-blue-energy-drink-275ml-cans-4-pack",
            "productImageURL": "https://dtgxwmigmg3gc.cloudfront.net/imagery/assets/derivations/icon/512/512/true/eyJpZCI6IjcxMTc0MzEzN2QzNTUzODQwMmUyODZjMDJkNTM3OTk3Iiwic3RvcmFnZSI6InB1YmxpY19zdG9yZSJ9?signature=5697ef2f72e1e995472b76c19c7c6201b3deb266e060743ac9ae1219dbf2226c",
            "productDescription": ""
        },
        "priceData": {
            "bestPrice": "7.10",
            "price": "7.10",
            "pricePerLitre": 8.5,
            "bestPricePerLitre": 8.5
        },
        "store": {
            "id": "5e5ee6e1d7477678280819d5",
            "name": "Mangere Bridge"
        },
        "timestamp": "2021-08-16T17:47:31.359998"
    },
    {
        "productData": {
            "name": "V Blue Energy Drink Blue Guarana Can 250ml",
            "productId": "v-blue-energy-drink-blue-guarana-can-250ml",
            "productShopPage": "https://mangerebridge.store.freshchoice.co.nz/lines/v-blue-energy-drink-blue-guarana-can-250ml",
            "productImageURL": "https://dtgxwmigmg3gc.cloudfront.net/imagery/assets/derivations/icon/512/512/true/eyJpZCI6IjBmZjQwNDEyZWQ2ZDk4YTg3YWQ2ZDUyMWZlNjM1YzJkIiwic3RvcmFnZSI6InB1YmxpY19zdG9yZSJ9?signature=8f745abe5614ec47b3d7a07f1a34ba529184a87b2a696211ba5a0f9f29c86bf0",
            "productDescription": ""
        },
        "priceData": {
            "bestPrice": "2.20",
            "price": "2.20",
            "pricePerLitre": 8.8,
            "bestPricePerLitre": 8.8
        },
        "store": {
            "id": "5e5ee6e1d7477678280819d5",
            "name": "Mangere Bridge"
        },
        "timestamp": "2021-08-16T17:47:32.552034"
    },
    {
        "productData": {
            "name": "V Blue Energy Drink Blue Guarana Can 500ml",
            "productId": "v-blue-energy-drink-blue-guarana-can-500ml",
            "productShopPage": "https://mangerebridge.store.freshchoice.co.nz/lines/v-blue-energy-drink-blue-guarana-can-500ml",
            "productImageURL": "https://dtgxwmigmg3gc.cloudfront.net/imagery/assets/derivations/icon/512/512/true/eyJpZCI6ImFmYjEyYjVjYTU2YWI5ZDJhMTVmNGY2MDg2NWFlNzgxIiwic3RvcmFnZSI6InB1YmxpY19zdG9yZSJ9?signature=b537a8cc5a2c0f90f1702b2c541db44c3a740a0ec4a96e92ab2d6537f9320e8d",
            "productDescription": ""
        },
        "priceData": {
            "bestPrice": "3.50",
            "price": "3.50",
            "pricePerLitre": 7.0,
            "bestPricePerLitre": 7.0
        },
        "store": {
            "id": "5e5ee6e1d7477678280819d5",
            "name": "Mangere Bridge"
        },
        "timestamp": "2021-08-16T17:47:33.664879"
    },
    {
        "productData": {
            "name": "V Iced Coffee Guarana Energy 500ml",
            "productId": "v-iced-coffee-guarana-energy-500ml",
            "productShopPage": "https://mangerebridge.store.freshchoice.co.nz/lines/v-iced-coffee-guarana-energy-500ml",
            "productImageURL": "https://dtgxwmigmg3gc.cloudfront.net/imagery/assets/derivations/icon/512/512/true/eyJpZCI6ImM0Zjc4YjRmYWVjMjk0NTJkZTNkYzZjNmY5MzBlMjU2Iiwic3RvcmFnZSI6InB1YmxpY19zdG9yZSJ9?signature=14312b2813aab9c1ad551700ec97cd58a3a7f95bef4d0bd7ae7aa2dcf8fcdc9d",
            "productDescription": ""
        },
        "priceData": {
            "bestPrice": "3.50",
            "price": "3.50",
            "pricePerLitre": 80.0,
            "bestPricePerLitre": 80.0
        },
        "store": {
            "id": "5e5ee6e1d7477678280819d5",
            "name": "Mangere Bridge"
        },
        "timestamp": "2021-08-16T17:47:34.720740"
    },
    {
        "productData": {
            "name": "V Energy Drink Sugar Free Guarana Bottle 350ml",
            "productId": "v-energy-drink-sugar-free-guarana-bottle-350ml",
            "productShopPage": "https://mangerebridge.store.freshchoice.co.nz/lines/v-energy-drink-sugar-free-guarana-bottle-350ml",
            "productImageURL": "https://dtgxwmigmg3gc.cloudfront.net/imagery/assets/derivations/icon/512/512/true/eyJpZCI6IjQzYmZlOTg1YzY2ZGQ0ZDI1YzUyZDk3MGJhMmJhMGM3Iiwic3RvcmFnZSI6InB1YmxpY19zdG9yZSJ9?signature=7a4bb3eb2264f52495ae9ba8fbf21b5a3e59e12c0d6208cfa1591261da333f55",
            "productDescription": ""
        },
        "priceData": {
            "bestPrice": "3.50",
            "price": "3.50",
            "pricePerLitre": 10.0,
            "bestPricePerLitre": 10.0
        },
        "store": {
            "id": "5e5ee6e1d7477678280819d5",
            "name": "Mangere Bridge"
        },
        "timestamp": "2021-08-16T17:47:37.521919"
    },
    {
        "productData": {
            "name": "V Green Energy Drink 355ml 6 Pack",
            "productId": "v-green-energy-drink-355ml-6-pack",
            "productShopPage": "https://mangerebridge.store.freshchoice.co.nz/lines/v-green-energy-drink-355ml-6-pack",
            "productImageURL": "https://dtgxwmigmg3gc.cloudfront.net/imagery/assets/derivations/icon/512/512/true/eyJpZCI6ImRiOTAxYjhjNGE3NzQyNTEyYTljM2M5YTI2ZmQ5MTE5Iiwic3RvcmFnZSI6InB1YmxpY19zdG9yZSJ9?signature=12de0554d72324a76472d930a39c587a4837a2f051666f744164725a96b2f104",
            "productDescription": ""
        },
        "priceData": {
            "bestPrice": "11.00",
            "price": "11.00",
            "pricePerLitre": 7.7,
            "bestPricePerLitre": 7.7
        },
        "store": {
            "id": "5e5ee6e1d7477678280819d5",
            "name": "Mangere Bridge"
        },
        "timestamp": "2021-08-16T17:47:42.921054"
    },
    {
        "productData": {
            "name": "Monster Mule Ginger Brew 500ml",
            "productId": "monster-mule-ginger-brew-500ml",
            "productShopPage": "https://mangerebridge.store.freshchoice.co.nz/lines/monster-mule-ginger-brew-500ml",
            "productImageURL": "https://dtgxwmigmg3gc.cloudfront.net/imagery/assets/derivations/icon/512/512/true/eyJpZCI6ImM1OTM5MTIyZTRlNmNhNzk0ODFlMDE4ZWVmMWE2Y2ZlIiwic3RvcmFnZSI6InB1YmxpY19zdG9yZSJ9?signature=5d11287f30ef58c148e37382d61c0d83097d5461683a9aa5dd9456941c1f32e5",
            "productDescription": ""
        },
        "priceData": {
            "bestPrice": "2.50",
            "price": "2.50",
            "pricePerLitre": 6.0,
            "bestPricePerLitre": 6.0
        },
        "store": {
            "id": "5e5ee6e1d7477678280819d5",
            "name": "Mangere Bridge"
        },
        "timestamp": "2021-08-16T17:47:48.729728"
    },
    {
        "productData": {
            "name": "Monster Energy Pipeline Punch 500ml",
            "productId": "monster-energy-pipeline-punch-500ml",
            "productShopPage": "https://mangerebridge.store.freshchoice.co.nz/lines/monster-energy-pipeline-punch-500ml",
            "productImageURL": "https://dtgxwmigmg3gc.cloudfront.net/imagery/assets/derivations/icon/512/512/true/eyJpZCI6IjM3ZWY2OTY5OWFlNTJlZTRjNTY1ZmFmYWIwOTIxMjg4Iiwic3RvcmFnZSI6InB1YmxpY19zdG9yZSJ9?signature=79ed6699c35bd716a9d5d9457c39ce62c523edaa4059b6b45d4dcc7caf65cef9",
            "productDescription": ""
        },
        "priceData": {
            "bestPrice": "2.50",
            "price": "2.50",
            "pricePerLitre": 6.0,
            "bestPricePerLitre": 6.0
        },
        "store": {
            "id": "5e5ee6e1d7477678280819d5",
            "name": "Mangere Bridge"
        },
        "timestamp": "2021-08-16T17:47:53.142136"
    },
    {
        "productData": {
            "name": "Live Plus Energy Drink Citrus Flavour 500ml",
            "productId": "live-plus-persist-500ml",
            "productShopPage": "https://mangerebridge.store.freshchoice.co.nz/lines/live-plus-persist-500ml",
            "productImageURL": "https://dtgxwmigmg3gc.cloudfront.net/imagery/assets/derivations/icon/512/512/true/eyJpZCI6IjFlNWQ5YzI4OWM1N2UzNmYzZmI2NThlMDQzZTI3ZjE4Iiwic3RvcmFnZSI6InB1YmxpY19zdG9yZSJ9?signature=756b17fefe47174b90e7dbec8cd09db27f9f59f4994bc750b71256ae93ba9fa8",
            "productDescription": ""
        },
        "priceData": {
            "bestPrice": "2.00",
            "price": "2.00",
            "pricePerLitre": 4.0,
            "bestPricePerLitre": 4.0
        },
        "store": {
            "id": "5e5ee6e1d7477678280819d5",
            "name": "Mangere Bridge"
        },
        "timestamp": "2021-08-16T17:47:54.141533"
    },
    {
        "productData": {
            "name": "Live Plus Energy Drink Tart Apple Apple Flavour 500ml",
            "productId": "live-plus-ignite-500ml",
            "productShopPage": "https://mangerebridge.store.freshchoice.co.nz/lines/live-plus-ignite-500ml",
            "productImageURL": "https://dtgxwmigmg3gc.cloudfront.net/imagery/assets/derivations/icon/512/512/true/eyJpZCI6IjViOGViZjhmZTQzYjFlYTMzNDM5YjJjMjg3ZDRmY2YyIiwic3RvcmFnZSI6InB1YmxpY19zdG9yZSJ9?signature=140ae19352cd0dcec7e77f90fa4dfaa9fa17086439f730510afc5d906e1415bf",
            "productDescription": ""
        },
        "priceData": {
            "bestPrice": "2.00",
            "price": "2.00",
            "pricePerLitre": 4.0,
            "bestPricePerLitre": 4.0
        },
        "store": {
            "id": "5e5ee6e1d7477678280819d5",
            "name": "Mangere Bridge"
        },
        "timestamp": "2021-08-16T17:47:55.246916"
    },
    {
        "productData": {
            "name": "V Guarana Energy Drink Blue Sugarfree 250ml",
            "productId": "v-blue-sugarfree-energy-drink-250ml",
            "productShopPage": "https://mangerebridge.store.freshchoice.co.nz/lines/v-blue-sugarfree-energy-drink-250ml",
            "productImageURL": "https://dtgxwmigmg3gc.cloudfront.net/imagery/assets/derivations/icon/512/512/true/eyJpZCI6IjI3YWJiOTVhYjNhMjEwMDU2MWJhMmRhNTM3YjRhZjVmIiwic3RvcmFnZSI6InB1YmxpY19zdG9yZSJ9?signature=66769306ca1d0ba674603954d338186dc999f6d1839090d49fde9416b3252365",
            "productDescription": ""
        },
        "priceData": {
            "bestPrice": "2.20",
            "price": "2.20",
            "pricePerLitre": 8.8,
            "bestPricePerLitre": 8.8
        },
        "store": {
            "id": "5e5ee6e1d7477678280819d5",
            "name": "Mangere Bridge"
        },
        "timestamp": "2021-08-16T17:47:56.316560"
    },
    {
        "productData": {
            "name": "Live Plus Energy Drink Original Citrus Flavour 355ml",
            "productId": "live-plus-persist-glass-355ml",
            "productShopPage": "https://mangerebridge.store.freshchoice.co.nz/lines/live-plus-persist-glass-355ml",
            "productImageURL": "https://dtgxwmigmg3gc.cloudfront.net/imagery/assets/derivations/icon/512/512/true/eyJpZCI6ImYzMjZlMTdmMmI5ZGRjZGYzYmFmNzNiMWQzN2Y5NDI4Iiwic3RvcmFnZSI6InB1YmxpY19zdG9yZSJ9?signature=8fa31eb2b309e9c7a293ba2e7a7541e3cdc686b1d3f519044aa97c666ae5f630",
            "productDescription": ""
        },
        "priceData": {
            "bestPrice": "2.00",
            "price": "2.00",
            "pricePerLitre": 7.9,
            "bestPricePerLitre": 7.9
        },
        "store": {
            "id": "5e5ee6e1d7477678280819d5",
            "name": "Mangere Bridge"
        },
        "timestamp": "2021-08-16T17:47:58.582626"
    },
    {
        "productData": {
            "name": "Live Plus Energy Drink Original Citrus Flavour 6x250ml",
            "productId": "live-plus-persist-250ml-6pack",
            "productShopPage": "https://mangerebridge.store.freshchoice.co.nz/lines/live-plus-persist-250ml-6pack",
            "productImageURL": "https://dtgxwmigmg3gc.cloudfront.net/imagery/assets/derivations/icon/512/512/true/eyJpZCI6IjNmODNiNGI4MzI4MzJmNzhjZmJhNDA1OGUyZWFlM2ZhIiwic3RvcmFnZSI6InB1YmxpY19zdG9yZSJ9?signature=0257f943d0c41562773e51cbd42327ad911228832e33494e9c30381e20305337",
            "productDescription": ""
        },
        "priceData": {
            "bestPrice": "7.70",
            "price": "7.70",
            "pricePerLitre": 5.1,
            "bestPricePerLitre": 5.1
        },
        "store": {
            "id": "5e5ee6e1d7477678280819d5",
            "name": "Mangere Bridge"
        },
        "timestamp": "2021-08-16T17:47:59.641966"
    },
    {
        "productData": {
            "name": "Live Plus Energy Drink Persist Glass 355ml",
            "productId": "live-plus-energy-drink-persist-glass-355ml",
            "productShopPage": "https://mangerebridge.store.freshchoice.co.nz/lines/live-plus-energy-drink-persist-glass-355ml",
            "productImageURL": "https://dtgxwmigmg3gc.cloudfront.net/imagery/assets/derivations/icon/512/512/true/eyJpZCI6IjBiMjhiZTQ0NDk1ODBiZWI4NDRkY2JhM2MxZDdhOTMwIiwic3RvcmFnZSI6InB1YmxpY19zdG9yZSJ9?signature=62025738d86469fbbd64cd53b03b4beee6372d1fbd30b8a9c5708ffdafeebf0d",
            "productDescription": ""
        },
        "priceData": {
            "bestPrice": "2.00",
            "price": "2.00",
            "pricePerLitre": 7.9,
            "bestPricePerLitre": 7.9
        },
        "store": {
            "id": "5e5ee6e1d7477678280819d5",
            "name": "Mangere Bridge"
        },
        "timestamp": "2021-08-16T17:48:00.722383"
    },
    {
        "productData": {
            "name": "Live Plus Live+ Ignite Energy Drink 6 x 250ml Cans",
            "productId": "live-plus-live-ignite-energy-drink-6x250ml-cans",
            "productShopPage": "https://mangerebridge.store.freshchoice.co.nz/lines/live-plus-live-ignite-energy-drink-6x250ml-cans",
            "productImageURL": "https://dtgxwmigmg3gc.cloudfront.net/imagery/assets/derivations/icon/512/512/true/eyJpZCI6Ijk5ZTU3ZDdlN2RjYzc0ZmZlOWY0NGQxMDdkYTI5ZDI5Iiwic3RvcmFnZSI6InB1YmxpY19zdG9yZSJ9?signature=16b8b1fb6c1dbc73b4d1f0110b7542a3259cd273e9b6adea8e6570f5158d8342",
            "productDescription": ""
        },
        "priceData": {
            "bestPrice": "6.00",
            "price": "6.00",
            "pricePerLitre": 4.0,
            "bestPricePerLitre": 4.0
        },
        "store": {
            "id": "5e5ee6e1d7477678280819d5",
            "name": "Mangere Bridge"
        },
        "timestamp": "2021-08-16T17:48:02.175456"
    },
    {
        "productData": {
            "name": "Rockstar Punched Energy Guava 500ml",
            "productId": "rockstar-punched-energy-guava-500ml",
            "productShopPage": "https://mangerebridge.store.freshchoice.co.nz/lines/rockstar-punched-energy-guava-500ml",
            "productImageURL": "https://dtgxwmigmg3gc.cloudfront.net/imagery/assets/derivations/icon/512/512/true/eyJpZCI6IjBmNGEyNjU2MGQwM2Y4OGI4MWE3ZTMyODUzYTRlN2QyIiwic3RvcmFnZSI6InB1YmxpY19zdG9yZSJ9?signature=fab45ac774e74d87cf7a79de075f47290676fd6d4afcf212198c745670d5ce29",
            "productDescription": ""
        },
        "priceData": {
            "bestPrice": "2.00",
            "price": "2.00",
            "pricePerLitre": 4.0,
            "bestPricePerLitre": 4.0
        },
        "store": {
            "id": "5e5ee6e1d7477678280819d5",
            "name": "Mangere Bridge"
        },
        "timestamp": "2021-08-16T17:48:04.650574"
    },
    {
        "productData": {
            "name": "Mother Kicked Apple 500ml",
            "productId": "mother-kicked-apple-500ml",
            "productShopPage": "https://omokoroa.store.freshchoice.co.nz/lines/mother-kicked-apple-500ml",
            "productImageURL": "https://dtgxwmigmg3gc.cloudfront.net/imagery/assets/derivations/icon/512/512/true/eyJpZCI6IjNhZTlkYjkwYTM4MDFjMGEwYjUwYThhMDAwYjkyZjM0Iiwic3RvcmFnZSI6InB1YmxpY19zdG9yZSJ9?signature=c1a1db0a5d7b074c388cf08560fd44a4a2b6127821554198e54eeea8474325f6",
            "productDescription": ""
        },
        "priceData": {
            "bestPrice": "2.00",
            "price": "2.00",
            "pricePerLitre": 4.0,
            "bestPricePerLitre": 4.0
        },
        "store": {
            "id": "5e53186bec28664752006212",
            "name": "Omokoroa"
        },
        "timestamp": "2021-08-16T17:48:07.875711"
    },
    {
        "productData": {
            "name": "Monster Energy Ultra Paradise 500ml",
            "productId": "monster-energy-drink-ultra-paradise-500ml",
            "productShopPage": "https://omokoroa.store.freshchoice.co.nz/lines/monster-energy-drink-ultra-paradise-500ml",
            "productImageURL": "https://dtgxwmigmg3gc.cloudfront.net/imagery/assets/derivations/icon/512/512/true/eyJpZCI6ImZiZDRkZTQxNzA0M2FiYTUyMjMwZWI0NTcyZGNmYTE1Iiwic3RvcmFnZSI6InB1YmxpY19zdG9yZSJ9?signature=8a439bf26b71114289dfea1720ed331b1e4784c534deade29db8ac38b1cc7c1a",
            "productDescription": ""
        },
        "priceData": {
            "bestPrice": "2.50",
            "price": "2.50",
            "pricePerLitre": 6.0,
            "bestPricePerLitre": 6.0
        },
        "store": {
            "id": "5e53186bec28664752006212",
            "name": "Omokoroa"
        },
        "timestamp": "2021-08-16T17:48:11.457234"
    },
    {
        "productData": {
            "name": "Monster Energy Ultra Zero 500ml",
            "productId": "monster-energy-ultra-zero-500ml",
            "productShopPage": "https://omokoroa.store.freshchoice.co.nz/lines/monster-energy-ultra-zero-500ml",
            "productImageURL": "https://dtgxwmigmg3gc.cloudfront.net/imagery/assets/derivations/icon/512/512/true/eyJpZCI6IjdhN2FhYTUwZWU2NTYwYjBiNGY1NThhMTgwNmVlODI3Iiwic3RvcmFnZSI6InB1YmxpY19zdG9yZSJ9?signature=7907c49ba7d043175a426f84a71776de7dd51fa5c249237063aca9cb098abdbe",
            "productDescription": ""
        },
        "priceData": {
            "bestPrice": "2.50",
            "price": "2.50",
            "pricePerLitre": 6.0,
            "bestPricePerLitre": 6.0
        },
        "store": {
            "id": "5e53186bec28664752006212",
            "name": "Omokoroa"
        },
        "timestamp": "2021-08-16T17:48:13.635585"
    },
    {
        "productData": {
            "name": "Monster Energy Green 500ml",
            "productId": "monster-energy-green-500ml",
            "productShopPage": "https://omokoroa.store.freshchoice.co.nz/lines/monster-energy-green-500ml",
            "productImageURL": "https://dtgxwmigmg3gc.cloudfront.net/imagery/assets/derivations/icon/512/512/true/eyJpZCI6ImU3ZjNiNjJiNzI4Y2M0MTIxMjhiNjQ2ZmQ2OTQzMGEzIiwic3RvcmFnZSI6InB1YmxpY19zdG9yZSJ9?signature=637eac56411f57a79f345ea693f1418330d5742c3a04caddb460696dba06da06",
            "productDescription": ""
        },
        "priceData": {
            "bestPrice": "2.50",
            "price": "2.50",
            "pricePerLitre": 6.0,
            "bestPricePerLitre": 6.0
        },
        "store": {
            "id": "5e53186bec28664752006212",
            "name": "Omokoroa"
        },
        "timestamp": "2021-08-16T17:48:15.016750"
    },
    {
        "productData": {
            "name": "Monster Energy Drink Ultra Rosa 500ml",
            "productId": "monster-energy-drink-ultra-rosa-500ml",
            "productShopPage": "https://omokoroa.store.freshchoice.co.nz/lines/monster-energy-drink-ultra-rosa-500ml",
            "productImageURL": "https://dtgxwmigmg3gc.cloudfront.net/imagery/assets/derivations/icon/512/512/true/eyJpZCI6IjZjYzFjMzcwYzM4Mzk4N2MyOTUzNWIyMTFjZTJlYjgxIiwic3RvcmFnZSI6InB1YmxpY19zdG9yZSJ9?signature=9cd08284785f9b24647ecc7d1dc08214d9d00318cc809bebdef1921d6b78bb95",
            "productDescription": ""
        },
        "priceData": {
            "bestPrice": "2.50",
            "price": "2.50",
            "pricePerLitre": 6.0,
            "bestPricePerLitre": 6.0
        },
        "store": {
            "id": "5e53186bec28664752006212",
            "name": "Omokoroa"
        },
        "timestamp": "2021-08-16T17:48:16.054814"
    },
    {
        "productData": {
            "name": "Mother Energy Drink Berry 500ml",
            "productId": "mother-energy-drink-berry-500ml",
            "productShopPage": "https://omokoroa.store.freshchoice.co.nz/lines/mother-energy-drink-berry-500ml",
            "productImageURL": "https://dtgxwmigmg3gc.cloudfront.net/imagery/assets/derivations/icon/512/512/true/eyJpZCI6ImRhYTJlNjUzNzRjZjViNjI0ZDljNzUzNDA3YmE0ZDFkIiwic3RvcmFnZSI6InB1YmxpY19zdG9yZSJ9?signature=d9ffb465d71d599811c2ff7a788845bfe297eb3624ad7866a89cf0b3ece073f0",
            "productDescription": ""
        },
        "priceData": {
            "bestPrice": "2.00",
            "price": "2.00",
            "pricePerLitre": 4.0,
            "bestPricePerLitre": 4.0
        },
        "store": {
            "id": "5e53186bec28664752006212",
            "name": "Omokoroa"
        },
        "timestamp": "2021-08-16T17:48:19.308265"
    },
    {
        "productData": {
            "name": "Mother Energy Drink Black 500ml",
            "productId": "mother-energy-drink-black-500ml",
            "productShopPage": "https://omokoroa.store.freshchoice.co.nz/lines/mother-energy-drink-black-500ml",
            "productImageURL": "https://dtgxwmigmg3gc.cloudfront.net/imagery/assets/derivations/icon/512/512/true/eyJpZCI6ImYyMzA5MjhkYjg3ODFhYmYzZDU3ZjE1YjNmYzU2MWFjIiwic3RvcmFnZSI6InB1YmxpY19zdG9yZSJ9?signature=d3dbddb83d3d457075cd5d8936bef0c5b48fce4fa3fe725995d8b6d57219ceb5",
            "productDescription": ""
        },
        "priceData": {
            "bestPrice": "2.00",
            "price": "2.00",
            "pricePerLitre": 4.0,
            "bestPricePerLitre": 4.0
        },
        "store": {
            "id": "5e53186bec28664752006212",
            "name": "Omokoroa"
        },
        "timestamp": "2021-08-16T17:48:20.380730"
    },
    {
        "productData": {
            "name": "Mother Energy Drink Passion 500ml",
            "productId": "mother-energy-drink-passion-500ml",
            "productShopPage": "https://omokoroa.store.freshchoice.co.nz/lines/mother-energy-drink-passion-500ml",
            "productImageURL": "https://dtgxwmigmg3gc.cloudfront.net/imagery/assets/derivations/icon/512/512/true/eyJpZCI6ImQwODE2YTc4ZjBmNGU4NTU5Mzg1YjkxZmI5YjIzZjM0Iiwic3RvcmFnZSI6InB1YmxpY19zdG9yZSJ9?signature=713c495fef96a6427b917f0c7c7e855a963749ac5c1bf7dfd71e24ae08ea3123",
            "productDescription": ""
        },
        "priceData": {
            "bestPrice": "2.00",
            "price": "2.00",
            "pricePerLitre": 4.0,
            "bestPricePerLitre": 4.0
        },
        "store": {
            "id": "5e53186bec28664752006212",
            "name": "Omokoroa"
        },
        "timestamp": "2021-08-16T17:48:22.658574"
    },
    {
        "productData": {
            "name": "Mother Tropical Blast 500ml",
            "productId": "mother-tropical-blast-500ml",
            "productShopPage": "https://omokoroa.store.freshchoice.co.nz/lines/mother-tropical-blast-500ml",
            "productImageURL": "https://dtgxwmigmg3gc.cloudfront.net/imagery/assets/derivations/icon/512/512/true/eyJpZCI6ImEyZmM1OTUwNDhlODM5YTRhMjQ2MTI1OGEyYzNlZWZhIiwic3RvcmFnZSI6InB1YmxpY19zdG9yZSJ9?signature=6c9470ee4067e8ec32b58eeac9d628404d3986058a9b1cdef46014d1bee50944",
            "productDescription": ""
        },
        "priceData": {
            "bestPrice": "2.00",
            "price": "2.00",
            "pricePerLitre": 4.0,
            "bestPricePerLitre": 4.0
        },
        "store": {
            "id": "5e53186bec28664752006212",
            "name": "Omokoroa"
        },
        "timestamp": "2021-08-16T17:48:23.698244"
    },
    {
        "productData": {
            "name": "Mother Epic Swell Energy Drink Twisted Apple 500ml",
            "productId": "mother-epic-swell-energy-drink-twisted-apple-500ml",
            "productShopPage": "https://omokoroa.store.freshchoice.co.nz/lines/mother-epic-swell-energy-drink-twisted-apple-500ml",
            "productImageURL": "https://dtgxwmigmg3gc.cloudfront.net/imagery/assets/derivations/icon/512/512/true/eyJpZCI6ImE2ZjYxOGNhNjUyYzMxNzRhNjg2MDBhMGVjZmQ3MmJkIiwic3RvcmFnZSI6InB1YmxpY19zdG9yZSJ9?signature=954f74f8aba0fb24cb2a5248b1e93fe8a62fb8c7f902abbb08b7aed24bc44c80",
            "productDescription": ""
        },
        "priceData": {
            "bestPrice": "2.00",
            "price": "2.00",
            "pricePerLitre": 4.0,
            "bestPricePerLitre": 4.0
        },
        "store": {
            "id": "5e53186bec28664752006212",
            "name": "Omokoroa"
        },
        "timestamp": "2021-08-16T17:48:25.799704"
    },
    {
        "productData": {
            "name": "V Energy Drink Guarana 500ml",
            "productId": "v-energy-drink-guarana-500ml",
            "productShopPage": "https://omokoroa.store.freshchoice.co.nz/lines/v-energy-drink-guarana-500ml",
            "productImageURL": "https://dtgxwmigmg3gc.cloudfront.net/imagery/assets/derivations/icon/512/512/true/eyJpZCI6IjgzZDAxMjhiMzg4NmEwZmE4YTE2ZjY2NWIzNmM2NzI2Iiwic3RvcmFnZSI6InB1YmxpY19zdG9yZSJ9?signature=f55ecc561066291a4e74a967db35ea2355f881bd1708bf400fd790032384ae4f",
            "productDescription": ""
        },
        "priceData": {
            "bestPrice": "2.50",
            "price": "2.50",
            "pricePerLitre": 7.6,
            "bestPricePerLitre": 7.6
        },
        "store": {
            "id": "5e53186bec28664752006212",
            "name": "Omokoroa"
        },
        "timestamp": "2021-08-16T17:48:29.145824"
    },
    {
        "productData": {
            "name": "V Energy Drink Sugar Free Guarana 250ml",
            "productId": "v-energy-drink-sugar-free-guarana-250ml",
            "productShopPage": "https://omokoroa.store.freshchoice.co.nz/lines/v-energy-drink-sugar-free-guarana-250ml",
            "productImageURL": "https://dtgxwmigmg3gc.cloudfront.net/imagery/assets/derivations/icon/512/512/true/eyJpZCI6ImZiNzM1NmU4NTMyZDllODlkZTljZmNlOGY2MzQ5NGQwIiwic3RvcmFnZSI6InB1YmxpY19zdG9yZSJ9?signature=72b0ce0a48ca796717c115fe5e8b4564501470f63bf80ae865d26e9d131a2b8c",
            "productDescription": ""
        },
        "priceData": {
            "bestPrice": "2.20",
            "price": "2.20",
            "pricePerLitre": 8.8,
            "bestPricePerLitre": 8.8
        },
        "store": {
            "id": "5e53186bec28664752006212",
            "name": "Omokoroa"
        },
        "timestamp": "2021-08-16T17:48:31.542732"
    },
    {
        "productData": {
            "name": "V Energy Drink Blue Guarana Spritzed 350ml",
            "productId": "v-blue-energy-drink-blue-guarana-spritzed-350ml",
            "productShopPage": "https://omokoroa.store.freshchoice.co.nz/lines/v-blue-energy-drink-blue-guarana-spritzed-350ml",
            "productImageURL": "https://dtgxwmigmg3gc.cloudfront.net/imagery/assets/derivations/icon/512/512/true/eyJpZCI6ImY2OTRlZGI4NjdlNWMzZDM5NzgzMDQ0ODFkMzUxZGZiIiwic3RvcmFnZSI6InB1YmxpY19zdG9yZSJ9?signature=591b3079cb9c2407a29b3bc348eaf42dc1d34daba5c9d7aba65be654725b6719",
            "productDescription": ""
        },
        "priceData": {
            "bestPrice": "3.50",
            "price": "3.50",
            "pricePerLitre": 10.0,
            "bestPricePerLitre": 10.0
        },
        "store": {
            "id": "5e53186bec28664752006212",
            "name": "Omokoroa"
        },
        "timestamp": "2021-08-16T17:48:33.983123"
    },
    {
        "productData": {
            "name": "V Energy Drink Green Guarana 350ml",
            "productId": "v-energy-drink-green-guarana-350ml",
            "productShopPage": "https://omokoroa.store.freshchoice.co.nz/lines/v-energy-drink-green-guarana-350ml",
            "productImageURL": "https://dtgxwmigmg3gc.cloudfront.net/imagery/assets/derivations/icon/512/512/true/eyJpZCI6IjRiNjY4ZjYxOTQ2ODYyN2MzM2NiZWMyNGUyNmIyODk4Iiwic3RvcmFnZSI6InB1YmxpY19zdG9yZSJ9?signature=4cded9cb42349eef45a593461f311b1bb7fa881295733879671ad9fe9887d30c",
            "productDescription": ""
        },
        "priceData": {
            "bestPrice": "3.50",
            "price": "3.50",
            "pricePerLitre": 10.0,
            "bestPricePerLitre": 10.0
        },
        "store": {
            "id": "5e53186bec28664752006212",
            "name": "Omokoroa"
        },
        "timestamp": "2021-08-16T17:48:35.008043"
    },
    {
        "productData": {
            "name": "V Energy Drink Guarana Can 250ml",
            "productId": "v-energy-drink-guarana-can-250ml",
            "productShopPage": "https://omokoroa.store.freshchoice.co.nz/lines/v-energy-drink-guarana-can-250ml",
            "productImageURL": "https://dtgxwmigmg3gc.cloudfront.net/imagery/assets/derivations/icon/512/512/true/eyJpZCI6Ijc3Nzk1NjE2ZDhhNmFiMThhYzEzODYzOTg2ZmNkNzgwIiwic3RvcmFnZSI6InB1YmxpY19zdG9yZSJ9?signature=f5de1854d43e19cc62bff86893d4a55615cd916f8425a4dccd170b52eba81255",
            "productDescription": ""
        },
        "priceData": {
            "bestPrice": "2.20",
            "price": "2.20",
            "pricePerLitre": 8.8,
            "bestPricePerLitre": 8.8
        },
        "store": {
            "id": "5e53186bec28664752006212",
            "name": "Omokoroa"
        },
        "timestamp": "2021-08-16T17:48:36.148290"
    },
    {
        "productData": {
            "name": "V Energy Drink Guarana Can 500ml",
            "productId": "v-energy-drink-guarana-can-500ml",
            "productShopPage": "https://omokoroa.store.freshchoice.co.nz/lines/v-energy-drink-guarana-can-500ml",
            "productImageURL": "https://dtgxwmigmg3gc.cloudfront.net/imagery/assets/derivations/icon/512/512/true/eyJpZCI6ImI0NjgzNGZjNDRkMjU0MjgzYzJjZGNhMzA2NWIxYjA5Iiwic3RvcmFnZSI6InB1YmxpY19zdG9yZSJ9?signature=265e8273409849423466e7623cbbdf8352940707b8830803eec391e8f32c9c5f",
            "productDescription": ""
        },
        "priceData": {
            "bestPrice": "3.50",
            "price": "3.50",
            "pricePerLitre": 7.0,
            "bestPricePerLitre": 7.0
        },
        "store": {
            "id": "5e53186bec28664752006212",
            "name": "Omokoroa"
        },
        "timestamp": "2021-08-16T17:48:37.341729"
    },
    {
        "productData": {
            "name": "V Energy Drink Sugar Free Guarana 500ml",
            "productId": "v-energy-drink-sugar-free-guarana-500ml",
            "productShopPage": "https://omokoroa.store.freshchoice.co.nz/lines/v-energy-drink-sugar-free-guarana-500ml",
            "productImageURL": "https://dtgxwmigmg3gc.cloudfront.net/imagery/assets/derivations/icon/512/512/true/eyJpZCI6Ijg4MGExMDYxOTY4NTJiYzM1ZTExMmU2MGE2OWYxNDE3Iiwic3RvcmFnZSI6InB1YmxpY19zdG9yZSJ9?signature=b0536d25b9da8158705e24c88e21fabbf85c1dabc19f18108c386e956ffd7045",
            "productDescription": ""
        },
        "priceData": {
            "bestPrice": "3.50",
            "price": "3.50",
            "pricePerLitre": 7.0,
            "bestPricePerLitre": 7.0
        },
        "store": {
            "id": "5e53186bec28664752006212",
            "name": "Omokoroa"
        },
        "timestamp": "2021-08-16T17:48:40.654755"
    },
    {
        "productData": {
            "name": "V Energy Drink Skills Cans 275ml 4 Pack",
            "productId": "v-energy-drink-skills-cans-275ml-4-pack",
            "productShopPage": "https://omokoroa.store.freshchoice.co.nz/lines/v-energy-drink-skills-cans-275ml-4-pack",
            "productImageURL": "https://dtgxwmigmg3gc.cloudfront.net/imagery/assets/derivations/icon/512/512/true/eyJpZCI6ImZhMzA2N2NiM2YxMmVkM2ZhZjhhYmM4OGE1YTJhNzczIiwic3RvcmFnZSI6InB1YmxpY19zdG9yZSJ9?signature=34fcde8f5a021036c475a1dfff6748625e0747bb134ec737312b15bbe8e883eb",
            "productDescription": ""
        },
        "priceData": {
            "bestPrice": "7.10",
            "price": "7.10",
            "pricePerLitre": 8.5,
            "bestPricePerLitre": 8.5
        },
        "store": {
            "id": "5e53186bec28664752006212",
            "name": "Omokoroa"
        },
        "timestamp": "2021-08-16T17:48:42.127508"
    },
    {
        "productData": {
            "name": "V Guarana Energy Drink Fridge Pack 10x200ml",
            "productId": "v-guarana-energy-drink-fridge-pack-10x200ml",
            "productShopPage": "https://omokoroa.store.freshchoice.co.nz/lines/v-guarana-energy-drink-fridge-pack-10x200ml",
            "productImageURL": "https://dtgxwmigmg3gc.cloudfront.net/imagery/assets/derivations/icon/512/512/true/eyJpZCI6IjBlMjAzZTJiY2QyZDVhYzQ2NGY2NzhmMDFkMmM3YjBhIiwic3RvcmFnZSI6InB1YmxpY19zdG9yZSJ9?signature=a3283c38928a5e2c367f0886f5948460cf671d41affa4dd3a2634f1621779d47",
            "productDescription": ""
        },
        "priceData": {
            "bestPrice": "14.00",
            "price": "14.00",
            "pricePerLitre": 7.800000000000001,
            "bestPricePerLitre": 7.800000000000001
        },
        "store": {
            "id": "5e53186bec28664752006212",
            "name": "Omokoroa"
        },
        "timestamp": "2021-08-16T17:48:43.301420"
    },
    {
        "productData": {
            "name": "V Blue Energy Drink Bottle 500ml",
            "productId": "v-blue-energy-drink-bottle-500ml",
            "productShopPage": "https://omokoroa.store.freshchoice.co.nz/lines/v-blue-energy-drink-bottle-500ml",
            "productImageURL": "https://dtgxwmigmg3gc.cloudfront.net/imagery/assets/derivations/icon/512/512/true/eyJpZCI6IjgyYWYxYWY4MGI4MzUxODhiYmVhZGVhM2U2NzY0MzI5Iiwic3RvcmFnZSI6InB1YmxpY19zdG9yZSJ9?signature=7e70fc576864a528a1431734d680cbf177a11b419a692dbfd34800c31b8944ec",
            "productDescription": ""
        },
        "priceData": {
            "bestPrice": "2.50",
            "price": "2.50",
            "pricePerLitre": 7.6,
            "bestPricePerLitre": 7.6
        },
        "store": {
            "id": "5e53186bec28664752006212",
            "name": "Omokoroa"
        },
        "timestamp": "2021-08-16T17:48:44.535244"
    },
    {
        "productData": {
            "name": "V Blue Sugarfree Energy Drink 500ml",
            "productId": "v-blue-sugarfree-energy-drink-500ml",
            "productShopPage": "https://omokoroa.store.freshchoice.co.nz/lines/v-blue-sugarfree-energy-drink-500ml",
            "productImageURL": "https://dtgxwmigmg3gc.cloudfront.net/imagery/assets/derivations/icon/512/512/true/eyJpZCI6ImVmYjQyOWRmM2JjZjc3NTY1ZDIwMTEyNTY0MDdmZjA1Iiwic3RvcmFnZSI6InB1YmxpY19zdG9yZSJ9?signature=2911d59474d8305039a3be3bef0f887c38d9ab84596314b13cc4b150101175ab",
            "productDescription": ""
        },
        "priceData": {
            "bestPrice": "3.50",
            "price": "3.50",
            "pricePerLitre": 7.0,
            "bestPricePerLitre": 7.0
        },
        "store": {
            "id": "5e53186bec28664752006212",
            "name": "Omokoroa"
        },
        "timestamp": "2021-08-16T17:48:45.826672"
    },
    {
        "productData": {
            "name": "V Raspberry Lemonade Energy Drink 500ml",
            "productId": "v-energy-drink-raspberry-lemonade-500ml-can",
            "productShopPage": "https://omokoroa.store.freshchoice.co.nz/lines/v-energy-drink-raspberry-lemonade-500ml-can",
            "productImageURL": "https://dtgxwmigmg3gc.cloudfront.net/imagery/assets/derivations/icon/512/512/true/eyJpZCI6ImE3N2Y5NzBmY2FhOWZhYmZiOTc3MmYyMzE4MGRiOTcxIiwic3RvcmFnZSI6InB1YmxpY19zdG9yZSJ9?signature=2bb7890fe6d7b0c0c6a522be31c78077be0aa570ca4c8aa5549ccf80761262dc",
            "productDescription": ""
        },
        "priceData": {
            "bestPrice": "3.50",
            "price": "3.50",
            "pricePerLitre": 7.0,
            "bestPricePerLitre": 7.0
        },
        "store": {
            "id": "5e53186bec28664752006212",
            "name": "Omokoroa"
        },
        "timestamp": "2021-08-16T17:48:46.919108"
    },
    {
        "productData": {
            "name": "V Blue Energy Drink Blue Guarana Can 500ml",
            "productId": "v-blue-energy-drink-blue-guarana-can-500ml",
            "productShopPage": "https://omokoroa.store.freshchoice.co.nz/lines/v-blue-energy-drink-blue-guarana-can-500ml",
            "productImageURL": "https://dtgxwmigmg3gc.cloudfront.net/imagery/assets/derivations/icon/512/512/true/eyJpZCI6ImFmYjEyYjVjYTU2YWI5ZDJhMTVmNGY2MDg2NWFlNzgxIiwic3RvcmFnZSI6InB1YmxpY19zdG9yZSJ9?signature=b537a8cc5a2c0f90f1702b2c541db44c3a740a0ec4a96e92ab2d6537f9320e8d",
            "productDescription": ""
        },
        "priceData": {
            "bestPrice": "3.50",
            "price": "3.50",
            "pricePerLitre": 7.0,
            "bestPricePerLitre": 7.0
        },
        "store": {
            "id": "5e53186bec28664752006212",
            "name": "Omokoroa"
        },
        "timestamp": "2021-08-16T17:48:50.980967"
    },
    {
        "productData": {
            "name": "V Energy Drink Sugar Free Guarana 275ml 4 Pack",
            "productId": "v-energy-drink-sugar-free-guarana-275ml-4-pack",
            "productShopPage": "https://omokoroa.store.freshchoice.co.nz/lines/v-energy-drink-sugar-free-guarana-275ml-4-pack",
            "productImageURL": "https://dtgxwmigmg3gc.cloudfront.net/imagery/assets/derivations/icon/512/512/true/eyJpZCI6IjdiYzk4MzAyN2RlNTU0MjQ4NDZkZTEzOTYzMDhmZWY0Iiwic3RvcmFnZSI6InB1YmxpY19zdG9yZSJ9?signature=6fe2c0378a010de1a1a8a9b1ea9c06d97cf3e6fef4a86c66b9cdd5f4bab7bcd6",
            "productDescription": ""
        },
        "priceData": {
            "bestPrice": "7.10",
            "price": "7.10",
            "pricePerLitre": 8.5,
            "bestPricePerLitre": 8.5
        },
        "store": {
            "id": "5e53186bec28664752006212",
            "name": "Omokoroa"
        },
        "timestamp": "2021-08-16T17:48:54.333288"
    },
    {
        "productData": {
            "name": "V Pure Energy Drink Bottle 330ml",
            "productId": "v-pure-330ml-bottle",
            "productShopPage": "https://omokoroa.store.freshchoice.co.nz/lines/v-pure-330ml-bottle",
            "productImageURL": "https://dtgxwmigmg3gc.cloudfront.net/imagery/assets/derivations/icon/512/512/true/eyJpZCI6ImFjZmFlNGE1MmQ1ZmNhOTVhN2IyNzdhOGQ3ZTBjNTY0Iiwic3RvcmFnZSI6InB1YmxpY19zdG9yZSJ9?signature=ff03797de044ef70d02854192249a79b3cd819353c7171ef7358378e76bfc089",
            "productDescription": ""
        },
        "priceData": {
            "bestPrice": "3.50",
            "price": "3.50",
            "pricePerLitre": 10.600000000000001,
            "bestPricePerLitre": 10.600000000000001
        },
        "store": {
            "id": "5e53186bec28664752006212",
            "name": "Omokoroa"
        },
        "timestamp": "2021-08-16T17:48:59.499911"
    },
    {
        "productData": {
            "name": "V Green Energy Drink 355ml 6 Pack",
            "productId": "v-green-energy-drink-355ml-6-pack",
            "productShopPage": "https://omokoroa.store.freshchoice.co.nz/lines/v-green-energy-drink-355ml-6-pack",
            "productImageURL": "https://dtgxwmigmg3gc.cloudfront.net/imagery/assets/derivations/icon/512/512/true/eyJpZCI6ImRiOTAxYjhjNGE3NzQyNTEyYTljM2M5YTI2ZmQ5MTE5Iiwic3RvcmFnZSI6InB1YmxpY19zdG9yZSJ9?signature=12de0554d72324a76472d930a39c587a4837a2f051666f744164725a96b2f104",
            "productDescription": ""
        },
        "priceData": {
            "bestPrice": "11.00",
            "price": "11.00",
            "pricePerLitre": 7.7,
            "bestPricePerLitre": 7.7
        },
        "store": {
            "id": "5e53186bec28664752006212",
            "name": "Omokoroa"
        },
        "timestamp": "2021-08-16T17:49:00.912515"
    },
    {
        "productData": {
            "name": "Monster Super Fuel Zero Sugar 550ml",
            "productId": "monster-super-fuel-zero-sugar-550ml",
            "productShopPage": "https://omokoroa.store.freshchoice.co.nz/lines/monster-super-fuel-zero-sugar-550ml",
            "productImageURL": "https://dtgxwmigmg3gc.cloudfront.net/imagery/assets/derivations/icon/512/512/true/eyJpZCI6IjRkOTE3NzhmODIxNDI1ZDJjNDg3Yjc0M2YyMzEyYmYxIiwic3RvcmFnZSI6InB1YmxpY19zdG9yZSJ9?signature=4b9dbd15c40f85466e597873c567f989183b284947e8c8dc4df58667789214a2",
            "productDescription": ""
        },
        "priceData": {
            "bestPrice": "3.50",
            "price": "3.50",
            "pricePerLitre": 7.3,
            "bestPricePerLitre": 7.3
        },
        "store": {
            "id": "5e53186bec28664752006212",
            "name": "Omokoroa"
        },
        "timestamp": "2021-08-16T17:49:06.454018"
    },
    {
        "productData": {
            "name": "Monster Super Fuel Purple Passion 550ml",
            "productId": "monster-super-fuel-purple-passion-550ml",
            "productShopPage": "https://omokoroa.store.freshchoice.co.nz/lines/monster-super-fuel-purple-passion-550ml",
            "productImageURL": "https://dtgxwmigmg3gc.cloudfront.net/imagery/assets/derivations/icon/512/512/true/eyJpZCI6IjNkMTY1OTQwMzgyOTZjZjVlMjNlNjBjMDQ3NTE1YWM0Iiwic3RvcmFnZSI6InB1YmxpY19zdG9yZSJ9?signature=4d4ccd77dab941d955a8037242a41833afdc7251d3bd5b5c4b99705770273998",
            "productDescription": ""
        },
        "priceData": {
            "bestPrice": "3.50",
            "price": "3.50",
            "pricePerLitre": 7.3,
            "bestPricePerLitre": 7.3
        },
        "store": {
            "id": "5e53186bec28664752006212",
            "name": "Omokoroa"
        },
        "timestamp": "2021-08-16T17:49:10.280068"
    },
    {
        "productData": {
            "name": "Monster Energy Pipeline Punch 500ml",
            "productId": "monster-energy-pipeline-punch-500ml",
            "productShopPage": "https://omokoroa.store.freshchoice.co.nz/lines/monster-energy-pipeline-punch-500ml",
            "productImageURL": "https://dtgxwmigmg3gc.cloudfront.net/imagery/assets/derivations/icon/512/512/true/eyJpZCI6IjM3ZWY2OTY5OWFlNTJlZTRjNTY1ZmFmYWIwOTIxMjg4Iiwic3RvcmFnZSI6InB1YmxpY19zdG9yZSJ9?signature=79ed6699c35bd716a9d5d9457c39ce62c523edaa4059b6b45d4dcc7caf65cef9",
            "productDescription": ""
        },
        "priceData": {
            "bestPrice": "2.50",
            "price": "2.50",
            "pricePerLitre": 6.0,
            "bestPricePerLitre": 6.0
        },
        "store": {
            "id": "5e53186bec28664752006212",
            "name": "Omokoroa"
        },
        "timestamp": "2021-08-16T17:49:11.384579"
    },
    {
        "productData": {
            "name": "Live Plus Energy Drink Citrus Flavour 500ml",
            "productId": "live-plus-persist-500ml",
            "productShopPage": "https://omokoroa.store.freshchoice.co.nz/lines/live-plus-persist-500ml",
            "productImageURL": "https://dtgxwmigmg3gc.cloudfront.net/imagery/assets/derivations/icon/512/512/true/eyJpZCI6IjFlNWQ5YzI4OWM1N2UzNmYzZmI2NThlMDQzZTI3ZjE4Iiwic3RvcmFnZSI6InB1YmxpY19zdG9yZSJ9?signature=756b17fefe47174b90e7dbec8cd09db27f9f59f4994bc750b71256ae93ba9fa8",
            "productDescription": ""
        },
        "priceData": {
            "bestPrice": "2.00",
            "price": "2.00",
            "pricePerLitre": 4.0,
            "bestPricePerLitre": 4.0
        },
        "store": {
            "id": "5e53186bec28664752006212",
            "name": "Omokoroa"
        },
        "timestamp": "2021-08-16T17:49:12.437494"
    },
    {
        "productData": {
            "name": "Live Plus Energy Drink Tart Apple Apple Flavour 500ml",
            "productId": "live-plus-ignite-500ml",
            "productShopPage": "https://omokoroa.store.freshchoice.co.nz/lines/live-plus-ignite-500ml",
            "productImageURL": "https://dtgxwmigmg3gc.cloudfront.net/imagery/assets/derivations/icon/512/512/true/eyJpZCI6IjViOGViZjhmZTQzYjFlYTMzNDM5YjJjMjg3ZDRmY2YyIiwic3RvcmFnZSI6InB1YmxpY19zdG9yZSJ9?signature=140ae19352cd0dcec7e77f90fa4dfaa9fa17086439f730510afc5d906e1415bf",
            "productDescription": ""
        },
        "priceData": {
            "bestPrice": "2.00",
            "price": "2.00",
            "pricePerLitre": 4.0,
            "bestPricePerLitre": 4.0
        },
        "store": {
            "id": "5e53186bec28664752006212",
            "name": "Omokoroa"
        },
        "timestamp": "2021-08-16T17:49:13.480425"
    },
    {
        "productData": {
            "name": "V Guarana Energy Drink Blue Sugarfree 250ml",
            "productId": "v-blue-sugarfree-energy-drink-250ml",
            "productShopPage": "https://omokoroa.store.freshchoice.co.nz/lines/v-blue-sugarfree-energy-drink-250ml",
            "productImageURL": "https://dtgxwmigmg3gc.cloudfront.net/imagery/assets/derivations/icon/512/512/true/eyJpZCI6IjI3YWJiOTVhYjNhMjEwMDU2MWJhMmRhNTM3YjRhZjVmIiwic3RvcmFnZSI6InB1YmxpY19zdG9yZSJ9?signature=66769306ca1d0ba674603954d338186dc999f6d1839090d49fde9416b3252365",
            "productDescription": ""
        },
        "priceData": {
            "bestPrice": "2.20",
            "price": "2.20",
            "pricePerLitre": 8.8,
            "bestPricePerLitre": 8.8
        },
        "store": {
            "id": "5e53186bec28664752006212",
            "name": "Omokoroa"
        },
        "timestamp": "2021-08-16T17:49:14.555355"
    },
    {
        "productData": {
            "name": "Live Plus Energy Drink Original Citrus Flavour 355ml",
            "productId": "live-plus-persist-glass-355ml",
            "productShopPage": "https://omokoroa.store.freshchoice.co.nz/lines/live-plus-persist-glass-355ml",
            "productImageURL": "https://dtgxwmigmg3gc.cloudfront.net/imagery/assets/derivations/icon/512/512/true/eyJpZCI6ImYzMjZlMTdmMmI5ZGRjZGYzYmFmNzNiMWQzN2Y5NDI4Iiwic3RvcmFnZSI6InB1YmxpY19zdG9yZSJ9?signature=8fa31eb2b309e9c7a293ba2e7a7541e3cdc686b1d3f519044aa97c666ae5f630",
            "productDescription": ""
        },
        "priceData": {
            "bestPrice": "2.00",
            "price": "2.00",
            "pricePerLitre": 7.9,
            "bestPricePerLitre": 7.9
        },
        "store": {
            "id": "5e53186bec28664752006212",
            "name": "Omokoroa"
        },
        "timestamp": "2021-08-16T17:49:16.938624"
    },
    {
        "productData": {
            "name": "Live Plus Energy Drink Original Citrus Flavour 6x250ml",
            "productId": "live-plus-persist-250ml-6pack",
            "productShopPage": "https://omokoroa.store.freshchoice.co.nz/lines/live-plus-persist-250ml-6pack",
            "productImageURL": "https://dtgxwmigmg3gc.cloudfront.net/imagery/assets/derivations/icon/512/512/true/eyJpZCI6IjNmODNiNGI4MzI4MzJmNzhjZmJhNDA1OGUyZWFlM2ZhIiwic3RvcmFnZSI6InB1YmxpY19zdG9yZSJ9?signature=0257f943d0c41562773e51cbd42327ad911228832e33494e9c30381e20305337",
            "productDescription": ""
        },
        "priceData": {
            "bestPrice": "7.70",
            "price": "7.70",
            "pricePerLitre": 5.1,
            "bestPricePerLitre": 5.1
        },
        "store": {
            "id": "5e53186bec28664752006212",
            "name": "Omokoroa"
        },
        "timestamp": "2021-08-16T17:49:18.055999"
    },
    {
        "productData": {
            "name": "Live Plus Energy Drink Persist Glass 355ml",
            "productId": "live-plus-energy-drink-persist-glass-355ml",
            "productShopPage": "https://omokoroa.store.freshchoice.co.nz/lines/live-plus-energy-drink-persist-glass-355ml",
            "productImageURL": "https://dtgxwmigmg3gc.cloudfront.net/imagery/assets/derivations/icon/512/512/true/eyJpZCI6IjBiMjhiZTQ0NDk1ODBiZWI4NDRkY2JhM2MxZDdhOTMwIiwic3RvcmFnZSI6InB1YmxpY19zdG9yZSJ9?signature=62025738d86469fbbd64cd53b03b4beee6372d1fbd30b8a9c5708ffdafeebf0d",
            "productDescription": ""
        },
        "priceData": {
            "bestPrice": "2.00",
            "price": "2.00",
            "pricePerLitre": 7.9,
            "bestPricePerLitre": 7.9
        },
        "store": {
            "id": "5e53186bec28664752006212",
            "name": "Omokoroa"
        },
        "timestamp": "2021-08-16T17:49:19.143462"
    },
    {
        "productData": {
            "name": "Rockstar Punched Energy Guava 500ml",
            "productId": "rockstar-punched-energy-guava-500ml",
            "productShopPage": "https://omokoroa.store.freshchoice.co.nz/lines/rockstar-punched-energy-guava-500ml",
            "productImageURL": "https://dtgxwmigmg3gc.cloudfront.net/imagery/assets/derivations/icon/512/512/true/eyJpZCI6IjBmNGEyNjU2MGQwM2Y4OGI4MWE3ZTMyODUzYTRlN2QyIiwic3RvcmFnZSI6InB1YmxpY19zdG9yZSJ9?signature=fab45ac774e74d87cf7a79de075f47290676fd6d4afcf212198c745670d5ce29",
            "productDescription": ""
        },
        "priceData": {
            "bestPrice": "2.00",
            "price": "2.00",
            "pricePerLitre": 4.0,
            "bestPricePerLitre": 4.0
        },
        "store": {
            "id": "5e53186bec28664752006212",
            "name": "Omokoroa"
        },
        "timestamp": "2021-08-16T17:49:22.363406"
    },
    {
        "productData": {
            "name": "Mother Kicked Apple 500ml",
            "productId": "mother-kicked-apple-500ml",
            "productShopPage": "https://otahuhu.store.freshchoice.co.nz/lines/mother-kicked-apple-500ml",
            "productImageURL": "https://dtgxwmigmg3gc.cloudfront.net/imagery/assets/derivations/icon/512/512/true/eyJpZCI6IjNhZTlkYjkwYTM4MDFjMGEwYjUwYThhMDAwYjkyZjM0Iiwic3RvcmFnZSI6InB1YmxpY19zdG9yZSJ9?signature=c1a1db0a5d7b074c388cf08560fd44a4a2b6127821554198e54eeea8474325f6",
            "productDescription": ""
        },
        "priceData": {
            "bestPrice": "2.00",
            "price": "2.00",
            "pricePerLitre": 4.0,
            "bestPricePerLitre": 4.0
        },
        "store": {
            "id": "5e792d341db5f504de06f265",
            "name": "Otahuhu"
        },
        "timestamp": "2021-08-16T17:49:25.771022"
    },
    {
        "productData": {
            "name": "Monster Energy Import 550ml",
            "productId": "monster-energy-import-550ml",
            "productShopPage": "https://otahuhu.store.freshchoice.co.nz/lines/monster-energy-import-550ml",
            "productImageURL": "https://dtgxwmigmg3gc.cloudfront.net/imagery/assets/derivations/icon/512/512/true/eyJpZCI6IjExYzliZTgxY2M3MTNjMDQzM2NmZGQ2ZWE1NjI3MTA0Iiwic3RvcmFnZSI6InB1YmxpY19zdG9yZSJ9?signature=e09322a0a00112a858095e689d2e825f79d154fd3e8577005948dde9d51afb47",
            "productDescription": ""
        },
        "priceData": {
            "bestPrice": "3.39",
            "price": "3.39"
        },
        "store": {
            "id": "5e792d341db5f504de06f265",
            "name": "Otahuhu"
        },
        "timestamp": "2021-08-16T17:49:27.705018"
    },
    {
        "productData": {
            "name": "Monster Energy Ultra Paradise 500ml",
            "productId": "monster-energy-drink-ultra-paradise-500ml",
            "productShopPage": "https://otahuhu.store.freshchoice.co.nz/lines/monster-energy-drink-ultra-paradise-500ml",
            "productImageURL": "https://dtgxwmigmg3gc.cloudfront.net/imagery/assets/derivations/icon/512/512/true/eyJpZCI6ImZiZDRkZTQxNzA0M2FiYTUyMjMwZWI0NTcyZGNmYTE1Iiwic3RvcmFnZSI6InB1YmxpY19zdG9yZSJ9?signature=8a439bf26b71114289dfea1720ed331b1e4784c534deade29db8ac38b1cc7c1a",
            "productDescription": ""
        },
        "priceData": {
            "bestPrice": "2.50",
            "price": "2.50",
            "pricePerLitre": 5.0,
            "bestPricePerLitre": 5.0
        },
        "store": {
            "id": "5e792d341db5f504de06f265",
            "name": "Otahuhu"
        },
        "timestamp": "2021-08-16T17:49:28.728860"
    },
    {
        "productData": {
            "name": "Monster Energy Ultra Sunrise 500ml",
            "productId": "monster-energy-ultra-sunrise-500ml",
            "productShopPage": "https://otahuhu.store.freshchoice.co.nz/lines/monster-energy-ultra-sunrise-500ml",
            "productImageURL": "https://dtgxwmigmg3gc.cloudfront.net/imagery/assets/derivations/icon/512/512/true/eyJpZCI6ImFlNTVkY2RiZTZiZjg3OGZjZTdlOTU1OTFhMDE4YTdiIiwic3RvcmFnZSI6InB1YmxpY19zdG9yZSJ9?signature=b98350feca08b6ab128cc925fef23a58f65a36f94ede15cb2174f6f88a0f8a0f",
            "productDescription": ""
        },
        "priceData": {
            "bestPrice": "2.50",
            "price": "2.50",
            "pricePerLitre": 5.0,
            "bestPricePerLitre": 5.0
        },
        "store": {
            "id": "5e792d341db5f504de06f265",
            "name": "Otahuhu"
        },
        "timestamp": "2021-08-16T17:49:29.806380"
    },
    {
        "productData": {
            "name": "Monster Energy Ultra Zero 500ml",
            "productId": "monster-energy-ultra-zero-500ml",
            "productShopPage": "https://otahuhu.store.freshchoice.co.nz/lines/monster-energy-ultra-zero-500ml",
            "productImageURL": "https://dtgxwmigmg3gc.cloudfront.net/imagery/assets/derivations/icon/512/512/true/eyJpZCI6IjdhN2FhYTUwZWU2NTYwYjBiNGY1NThhMTgwNmVlODI3Iiwic3RvcmFnZSI6InB1YmxpY19zdG9yZSJ9?signature=7907c49ba7d043175a426f84a71776de7dd51fa5c249237063aca9cb098abdbe",
            "productDescription": ""
        },
        "priceData": {
            "bestPrice": "2.50",
            "price": "2.50",
            "pricePerLitre": 5.0,
            "bestPricePerLitre": 5.0
        },
        "store": {
            "id": "5e792d341db5f504de06f265",
            "name": "Otahuhu"
        },
        "timestamp": "2021-08-16T17:49:30.956328"
    },
    {
        "productData": {
            "name": "Monster Energy Drink Can Green 500ml",
            "productId": "monster-energy-green-500ml",
            "productShopPage": "https://otahuhu.store.freshchoice.co.nz/lines/monster-energy-green-500ml",
            "productImageURL": "https://dtgxwmigmg3gc.cloudfront.net/imagery/assets/derivations/icon/512/512/true/eyJpZCI6ImU3ZjNiNjJiNzI4Y2M0MTIxMjhiNjQ2ZmQ2OTQzMGEzIiwic3RvcmFnZSI6InB1YmxpY19zdG9yZSJ9?signature=637eac56411f57a79f345ea693f1418330d5742c3a04caddb460696dba06da06",
            "productDescription": ""
        },
        "priceData": {
            "bestPrice": "2.50",
            "price": "2.50",
            "pricePerLitre": 5.0,
            "bestPricePerLitre": 5.0
        },
        "store": {
            "id": "5e792d341db5f504de06f265",
            "name": "Otahuhu"
        },
        "timestamp": "2021-08-16T17:49:31.991845"
    },
    {
        "productData": {
            "name": "Monster Energy Drink Ultra Rosa 500ml",
            "productId": "monster-energy-drink-ultra-rosa-500ml",
            "productShopPage": "https://otahuhu.store.freshchoice.co.nz/lines/monster-energy-drink-ultra-rosa-500ml",
            "productImageURL": "https://dtgxwmigmg3gc.cloudfront.net/imagery/assets/derivations/icon/512/512/true/eyJpZCI6IjZjYzFjMzcwYzM4Mzk4N2MyOTUzNWIyMTFjZTJlYjgxIiwic3RvcmFnZSI6InB1YmxpY19zdG9yZSJ9?signature=9cd08284785f9b24647ecc7d1dc08214d9d00318cc809bebdef1921d6b78bb95",
            "productDescription": ""
        },
        "priceData": {
            "bestPrice": "2.50",
            "price": "2.50",
            "pricePerLitre": 5.0,
            "bestPricePerLitre": 5.0
        },
        "store": {
            "id": "5e792d341db5f504de06f265",
            "name": "Otahuhu"
        },
        "timestamp": "2021-08-16T17:49:33.048704"
    },
    {
        "productData": {
            "name": "Mother Energy Drink Berry 500ml",
            "productId": "mother-energy-drink-berry-500ml",
            "productShopPage": "https://otahuhu.store.freshchoice.co.nz/lines/mother-energy-drink-berry-500ml",
            "productImageURL": "https://dtgxwmigmg3gc.cloudfront.net/imagery/assets/derivations/icon/512/512/true/eyJpZCI6ImRhYTJlNjUzNzRjZjViNjI0ZDljNzUzNDA3YmE0ZDFkIiwic3RvcmFnZSI6InB1YmxpY19zdG9yZSJ9?signature=d9ffb465d71d599811c2ff7a788845bfe297eb3624ad7866a89cf0b3ece073f0",
            "productDescription": ""
        },
        "priceData": {
            "bestPrice": "2.00",
            "price": "2.00",
            "pricePerLitre": 4.0,
            "bestPricePerLitre": 4.0
        },
        "store": {
            "id": "5e792d341db5f504de06f265",
            "name": "Otahuhu"
        },
        "timestamp": "2021-08-16T17:49:35.915866"
    },
    {
        "productData": {
            "name": "Mother Energy Drink Black 500ml",
            "productId": "mother-energy-drink-black-500ml",
            "productShopPage": "https://otahuhu.store.freshchoice.co.nz/lines/mother-energy-drink-black-500ml",
            "productImageURL": "https://dtgxwmigmg3gc.cloudfront.net/imagery/assets/derivations/icon/512/512/true/eyJpZCI6ImYyMzA5MjhkYjg3ODFhYmYzZDU3ZjE1YjNmYzU2MWFjIiwic3RvcmFnZSI6InB1YmxpY19zdG9yZSJ9?signature=d3dbddb83d3d457075cd5d8936bef0c5b48fce4fa3fe725995d8b6d57219ceb5",
            "productDescription": ""
        },
        "priceData": {
            "bestPrice": "2.00",
            "price": "2.00",
            "pricePerLitre": 4.0,
            "bestPricePerLitre": 4.0
        },
        "store": {
            "id": "5e792d341db5f504de06f265",
            "name": "Otahuhu"
        },
        "timestamp": "2021-08-16T17:49:36.963047"
    },
    {
        "productData": {
            "name": "Mother Energy Drink Cans 6x250ml",
            "productId": "mother-energy-drink-6x250ml-cans",
            "productShopPage": "https://otahuhu.store.freshchoice.co.nz/lines/mother-energy-drink-6x250ml-cans",
            "productImageURL": "https://dtgxwmigmg3gc.cloudfront.net/imagery/assets/derivations/icon/512/512/true/eyJpZCI6IjEyOGFhMmU0Y2VkYTU4ZWFkZmVhOWUwZjdlNTZhOTA4Iiwic3RvcmFnZSI6InB1YmxpY19zdG9yZSJ9?signature=5db1908f64527cf28fa7bf3266a83ab854a07ca50453511f7d414d8e6d5c10fb",
            "productDescription": ""
        },
        "priceData": {
            "bestPrice": "7.99",
            "price": "7.99",
            "pricePerLitre": 5.300000000000001,
            "bestPricePerLitre": 5.300000000000001
        },
        "store": {
            "id": "5e792d341db5f504de06f265",
            "name": "Otahuhu"
        },
        "timestamp": "2021-08-16T17:49:38.174155"
    },
    {
        "productData": {
            "name": "Mother Energy Drink Passion 500ml",
            "productId": "mother-energy-drink-passion-500ml",
            "productShopPage": "https://otahuhu.store.freshchoice.co.nz/lines/mother-energy-drink-passion-500ml",
            "productImageURL": "https://dtgxwmigmg3gc.cloudfront.net/imagery/assets/derivations/icon/512/512/true/eyJpZCI6ImQwODE2YTc4ZjBmNGU4NTU5Mzg1YjkxZmI5YjIzZjM0Iiwic3RvcmFnZSI6InB1YmxpY19zdG9yZSJ9?signature=713c495fef96a6427b917f0c7c7e855a963749ac5c1bf7dfd71e24ae08ea3123",
            "productDescription": ""
        },
        "priceData": {
            "bestPrice": "2.00",
            "price": "2.00",
            "pricePerLitre": 4.0,
            "bestPricePerLitre": 4.0
        },
        "store": {
            "id": "5e792d341db5f504de06f265",
            "name": "Otahuhu"
        },
        "timestamp": "2021-08-16T17:49:39.521847"
    },
    {
        "productData": {
            "name": "Mother Tropical Blast 500ml",
            "productId": "mother-tropical-blast-500ml",
            "productShopPage": "https://otahuhu.store.freshchoice.co.nz/lines/mother-tropical-blast-500ml",
            "productImageURL": "https://dtgxwmigmg3gc.cloudfront.net/imagery/assets/derivations/icon/512/512/true/eyJpZCI6ImEyZmM1OTUwNDhlODM5YTRhMjQ2MTI1OGEyYzNlZWZhIiwic3RvcmFnZSI6InB1YmxpY19zdG9yZSJ9?signature=6c9470ee4067e8ec32b58eeac9d628404d3986058a9b1cdef46014d1bee50944",
            "productDescription": ""
        },
        "priceData": {
            "bestPrice": "2.00",
            "price": "2.00",
            "pricePerLitre": 4.0,
            "bestPricePerLitre": 4.0
        },
        "store": {
            "id": "5e792d341db5f504de06f265",
            "name": "Otahuhu"
        },
        "timestamp": "2021-08-16T17:49:40.652673"
    },
    {
        "productData": {
            "name": "Mother Can Energy 250ml",
            "productId": "mother-can-energy-250ml",
            "productShopPage": "https://otahuhu.store.freshchoice.co.nz/lines/mother-can-energy-250ml",
            "productImageURL": "https://dtgxwmigmg3gc.cloudfront.net/imagery/assets/derivations/icon/512/512/true/eyJpZCI6IjVhOTg3YmMxMjJjMGU2MTcxY2VhNzRjMmY0YzdmNDc2Iiwic3RvcmFnZSI6InB1YmxpY19zdG9yZSJ9?signature=b86ce206a3fb5a708e03da17f785e4d2d6e9436aae122f10ca04f56e5325a61f",
            "productDescription": ""
        },
        "priceData": {
            "bestPrice": "2.39",
            "price": "2.39",
            "pricePerLitre": 9.6,
            "bestPricePerLitre": 9.6
        },
        "store": {
            "id": "5e792d341db5f504de06f265",
            "name": "Otahuhu"
        },
        "timestamp": "2021-08-16T17:49:41.864944"
    },
    {
        "productData": {
            "name": "Mother Epic Swell Energy Drink Twisted Apple 500ml",
            "productId": "mother-epic-swell-energy-drink-twisted-apple-500ml",
            "productShopPage": "https://otahuhu.store.freshchoice.co.nz/lines/mother-epic-swell-energy-drink-twisted-apple-500ml",
            "productImageURL": "https://dtgxwmigmg3gc.cloudfront.net/imagery/assets/derivations/icon/512/512/true/eyJpZCI6ImE2ZjYxOGNhNjUyYzMxNzRhNjg2MDBhMGVjZmQ3MmJkIiwic3RvcmFnZSI6InB1YmxpY19zdG9yZSJ9?signature=954f74f8aba0fb24cb2a5248b1e93fe8a62fb8c7f902abbb08b7aed24bc44c80",
            "productDescription": ""
        },
        "priceData": {
            "bestPrice": "2.00",
            "price": "2.00",
            "pricePerLitre": 4.0,
            "bestPricePerLitre": 4.0
        },
        "store": {
            "id": "5e792d341db5f504de06f265",
            "name": "Otahuhu"
        },
        "timestamp": "2021-08-16T17:49:43.432108"
    },
    {
        "productData": {
            "name": "V Energy Drink 710ml Can",
            "productId": "v-energy-drink-710ml-can",
            "productShopPage": "https://otahuhu.store.freshchoice.co.nz/lines/v-energy-drink-710ml-can",
            "productImageURL": "https://dtgxwmigmg3gc.cloudfront.net/imagery/assets/derivations/icon/512/512/true/eyJpZCI6ImU1Mjg5NDIyNDI0MzhlNGM0N2IxY2FmMmExOWQ0OGI0Iiwic3RvcmFnZSI6InB1YmxpY19zdG9yZSJ9?signature=875386458f8ad66eb59967a1ca6ad24a19d1592f97a894e439af7d9be1852340",
            "productDescription": ""
        },
        "priceData": {
            "bestPrice": "3.20",
            "price": "3.20",
            "pricePerLitre": 4.5,
            "bestPricePerLitre": 4.5
        },
        "store": {
            "id": "5e792d341db5f504de06f265",
            "name": "Otahuhu"
        },
        "timestamp": "2021-08-16T17:49:45.681754"
    },
    {
        "productData": {
            "name": "V Energy Drink Guarana 500ml",
            "productId": "v-energy-drink-guarana-500ml",
            "productShopPage": "https://otahuhu.store.freshchoice.co.nz/lines/v-energy-drink-guarana-500ml",
            "productImageURL": "https://dtgxwmigmg3gc.cloudfront.net/imagery/assets/derivations/icon/512/512/true/eyJpZCI6IjgzZDAxMjhiMzg4NmEwZmE4YTE2ZjY2NWIzNmM2NzI2Iiwic3RvcmFnZSI6InB1YmxpY19zdG9yZSJ9?signature=f55ecc561066291a4e74a967db35ea2355f881bd1708bf400fd790032384ae4f",
            "productDescription": ""
        },
        "priceData": {
            "bestPrice": "2.50",
            "price": "2.50",
            "pricePerLitre": 5.0,
            "bestPricePerLitre": 5.0
        },
        "store": {
            "id": "5e792d341db5f504de06f265",
            "name": "Otahuhu"
        },
        "timestamp": "2021-08-16T17:49:46.891028"
    },
    {
        "productData": {
            "name": "V Energy Drink Sugarfree 500ml",
            "productId": "v-energy-drink-sugarfree-500ml",
            "productShopPage": "https://otahuhu.store.freshchoice.co.nz/lines/v-energy-drink-sugarfree-500ml",
            "productImageURL": "https://dtgxwmigmg3gc.cloudfront.net/imagery/assets/derivations/icon/512/512/true/eyJpZCI6ImVkZTAxNTNmMDI1NmU1NDZjNWQ5MTc3MjE3ZTQ3YTQ0Iiwic3RvcmFnZSI6InB1YmxpY19zdG9yZSJ9?signature=abcf72d9faa9ee3044eaa3b7ee0bf9b4fd8f582379018d8727f2234b7d3f3c85",
            "productDescription": ""
        },
        "priceData": {
            "bestPrice": "2.50",
            "price": "2.50",
            "pricePerLitre": 5.0,
            "bestPricePerLitre": 5.0
        },
        "store": {
            "id": "5e792d341db5f504de06f265",
            "name": "Otahuhu"
        },
        "timestamp": "2021-08-16T17:49:47.939057"
    },
    {
        "productData": {
            "name": "V Energy Drink Sugar Free Guarana 250ml",
            "productId": "v-energy-drink-sugar-free-guarana-250ml",
            "productShopPage": "https://otahuhu.store.freshchoice.co.nz/lines/v-energy-drink-sugar-free-guarana-250ml",
            "productImageURL": "https://dtgxwmigmg3gc.cloudfront.net/imagery/assets/derivations/icon/512/512/true/eyJpZCI6ImZiNzM1NmU4NTMyZDllODlkZTljZmNlOGY2MzQ5NGQwIiwic3RvcmFnZSI6InB1YmxpY19zdG9yZSJ9?signature=72b0ce0a48ca796717c115fe5e8b4564501470f63bf80ae865d26e9d131a2b8c",
            "productDescription": ""
        },
        "priceData": {
            "bestPrice": "2.20",
            "price": "2.20",
            "pricePerLitre": 8.8,
            "bestPricePerLitre": 8.8
        },
        "store": {
            "id": "5e792d341db5f504de06f265",
            "name": "Otahuhu"
        },
        "timestamp": "2021-08-16T17:49:49.162178"
    },
    {
        "productData": {
            "name": "V Energy Drink Blue Guarana Spritzed 350ml",
            "productId": "v-blue-energy-drink-blue-guarana-spritzed-350ml",
            "productShopPage": "https://otahuhu.store.freshchoice.co.nz/lines/v-blue-energy-drink-blue-guarana-spritzed-350ml",
            "productImageURL": "https://dtgxwmigmg3gc.cloudfront.net/imagery/assets/derivations/icon/512/512/true/eyJpZCI6ImY2OTRlZGI4NjdlNWMzZDM5NzgzMDQ0ODFkMzUxZGZiIiwic3RvcmFnZSI6InB1YmxpY19zdG9yZSJ9?signature=591b3079cb9c2407a29b3bc348eaf42dc1d34daba5c9d7aba65be654725b6719",
            "productDescription": ""
        },
        "priceData": {
            "bestPrice": "3.50",
            "price": "3.50",
            "pricePerLitre": 10.0,
            "bestPricePerLitre": 10.0
        },
        "store": {
            "id": "5e792d341db5f504de06f265",
            "name": "Otahuhu"
        },
        "timestamp": "2021-08-16T17:49:51.273974"
    },
    {
        "productData": {
            "name": "V Energy Drink Green Guarana 350ml",
            "productId": "v-energy-drink-green-guarana-350ml",
            "productShopPage": "https://otahuhu.store.freshchoice.co.nz/lines/v-energy-drink-green-guarana-350ml",
            "productImageURL": "https://dtgxwmigmg3gc.cloudfront.net/imagery/assets/derivations/icon/512/512/true/eyJpZCI6IjRiNjY4ZjYxOTQ2ODYyN2MzM2NiZWMyNGUyNmIyODk4Iiwic3RvcmFnZSI6InB1YmxpY19zdG9yZSJ9?signature=4cded9cb42349eef45a593461f311b1bb7fa881295733879671ad9fe9887d30c",
            "productDescription": ""
        },
        "priceData": {
            "bestPrice": "3.50",
            "price": "3.50",
            "pricePerLitre": 10.0,
            "bestPricePerLitre": 10.0
        },
        "store": {
            "id": "5e792d341db5f504de06f265",
            "name": "Otahuhu"
        },
        "timestamp": "2021-08-16T17:49:52.512403"
    },
    {
        "productData": {
            "name": "V Energy Drink Guarana Can 250ml",
            "productId": "v-energy-drink-guarana-can-250ml",
            "productShopPage": "https://otahuhu.store.freshchoice.co.nz/lines/v-energy-drink-guarana-can-250ml",
            "productImageURL": "https://dtgxwmigmg3gc.cloudfront.net/imagery/assets/derivations/icon/512/512/true/eyJpZCI6Ijc3Nzk1NjE2ZDhhNmFiMThhYzEzODYzOTg2ZmNkNzgwIiwic3RvcmFnZSI6InB1YmxpY19zdG9yZSJ9?signature=f5de1854d43e19cc62bff86893d4a55615cd916f8425a4dccd170b52eba81255",
            "productDescription": ""
        },
        "priceData": {
            "bestPrice": "2.20",
            "price": "2.20",
            "pricePerLitre": 8.8,
            "bestPricePerLitre": 8.8
        },
        "store": {
            "id": "5e792d341db5f504de06f265",
            "name": "Otahuhu"
        },
        "timestamp": "2021-08-16T17:49:53.797585"
    },
    {
        "productData": {
            "name": "V Energy Drink Sugar Free Guarana 500ml",
            "productId": "v-energy-drink-sugar-free-guarana-500ml",
            "productShopPage": "https://otahuhu.store.freshchoice.co.nz/lines/v-energy-drink-sugar-free-guarana-500ml",
            "productImageURL": "https://dtgxwmigmg3gc.cloudfront.net/imagery/assets/derivations/icon/512/512/true/eyJpZCI6Ijg4MGExMDYxOTY4NTJiYzM1ZTExMmU2MGE2OWYxNDE3Iiwic3RvcmFnZSI6InB1YmxpY19zdG9yZSJ9?signature=b0536d25b9da8158705e24c88e21fabbf85c1dabc19f18108c386e956ffd7045",
            "productDescription": ""
        },
        "priceData": {
            "bestPrice": "3.50",
            "price": "3.50",
            "pricePerLitre": 7.0,
            "bestPricePerLitre": 7.0
        },
        "store": {
            "id": "5e792d341db5f504de06f265",
            "name": "Otahuhu"
        },
        "timestamp": "2021-08-16T17:49:59.002355"
    },
    {
        "productData": {
            "name": "V Energy Drink Skills Cans 275ml 4 Pack",
            "productId": "v-energy-drink-skills-cans-275ml-4-pack",
            "productShopPage": "https://otahuhu.store.freshchoice.co.nz/lines/v-energy-drink-skills-cans-275ml-4-pack",
            "productImageURL": "https://dtgxwmigmg3gc.cloudfront.net/imagery/assets/derivations/icon/512/512/true/eyJpZCI6ImZhMzA2N2NiM2YxMmVkM2ZhZjhhYmM4OGE1YTJhNzczIiwic3RvcmFnZSI6InB1YmxpY19zdG9yZSJ9?signature=34fcde8f5a021036c475a1dfff6748625e0747bb134ec737312b15bbe8e883eb",
            "productDescription": ""
        },
        "priceData": {
            "bestPrice": "7.10",
            "price": "7.10",
            "pricePerLitre": 6.5,
            "bestPricePerLitre": 6.5
        },
        "store": {
            "id": "5e792d341db5f504de06f265",
            "name": "Otahuhu"
        },
        "timestamp": "2021-08-16T17:50:00.069871"
    },
    {
        "productData": {
            "name": "V Guarana Energy Drink Fridge Pack 10x200ml",
            "productId": "v-guarana-energy-drink-fridge-pack-10x200ml",
            "productShopPage": "https://otahuhu.store.freshchoice.co.nz/lines/v-guarana-energy-drink-fridge-pack-10x200ml",
            "productImageURL": "https://dtgxwmigmg3gc.cloudfront.net/imagery/assets/derivations/icon/512/512/true/eyJpZCI6IjBlMjAzZTJiY2QyZDVhYzQ2NGY2NzhmMDFkMmM3YjBhIiwic3RvcmFnZSI6InB1YmxpY19zdG9yZSJ9?signature=a3283c38928a5e2c367f0886f5948460cf671d41affa4dd3a2634f1621779d47",
            "productDescription": ""
        },
        "priceData": {
            "bestPrice": "14.00",
            "price": "14.00",
            "pricePerLitre": 7.0,
            "bestPricePerLitre": 7.0
        },
        "store": {
            "id": "5e792d341db5f504de06f265",
            "name": "Otahuhu"
        },
        "timestamp": "2021-08-16T17:50:01.309188"
    },
    {
        "productData": {
            "name": "V Blue Energy Drink Bottle 500ml",
            "productId": "v-blue-energy-drink-bottle-500ml",
            "productShopPage": "https://otahuhu.store.freshchoice.co.nz/lines/v-blue-energy-drink-bottle-500ml",
            "productImageURL": "https://dtgxwmigmg3gc.cloudfront.net/imagery/assets/derivations/icon/512/512/true/eyJpZCI6IjgyYWYxYWY4MGI4MzUxODhiYmVhZGVhM2U2NzY0MzI5Iiwic3RvcmFnZSI6InB1YmxpY19zdG9yZSJ9?signature=7e70fc576864a528a1431734d680cbf177a11b419a692dbfd34800c31b8944ec",
            "productDescription": ""
        },
        "priceData": {
            "bestPrice": "2.50",
            "price": "2.50",
            "pricePerLitre": 5.0,
            "bestPricePerLitre": 5.0
        },
        "store": {
            "id": "5e792d341db5f504de06f265",
            "name": "Otahuhu"
        },
        "timestamp": "2021-08-16T17:50:02.557808"
    },
    {
        "productData": {
            "name": "V Blue Sugarfree Energy Drink 500ml",
            "productId": "v-blue-sugarfree-energy-drink-500ml",
            "productShopPage": "https://otahuhu.store.freshchoice.co.nz/lines/v-blue-sugarfree-energy-drink-500ml",
            "productImageURL": "https://dtgxwmigmg3gc.cloudfront.net/imagery/assets/derivations/icon/512/512/true/eyJpZCI6ImVmYjQyOWRmM2JjZjc3NTY1ZDIwMTEyNTY0MDdmZjA1Iiwic3RvcmFnZSI6InB1YmxpY19zdG9yZSJ9?signature=2911d59474d8305039a3be3bef0f887c38d9ab84596314b13cc4b150101175ab",
            "productDescription": ""
        },
        "priceData": {
            "bestPrice": "3.50",
            "price": "3.50",
            "pricePerLitre": 7.0,
            "bestPricePerLitre": 7.0
        },
        "store": {
            "id": "5e792d341db5f504de06f265",
            "name": "Otahuhu"
        },
        "timestamp": "2021-08-16T17:50:03.783684"
    },
    {
        "productData": {
            "name": "V Blue Energy Drink 275ml Cans 4 Pack",
            "productId": "v-blue-energy-drink-275ml-cans-4-pack",
            "productShopPage": "https://otahuhu.store.freshchoice.co.nz/lines/v-blue-energy-drink-275ml-cans-4-pack",
            "productImageURL": "https://dtgxwmigmg3gc.cloudfront.net/imagery/assets/derivations/icon/512/512/true/eyJpZCI6IjcxMTc0MzEzN2QzNTUzODQwMmUyODZjMDJkNTM3OTk3Iiwic3RvcmFnZSI6InB1YmxpY19zdG9yZSJ9?signature=5697ef2f72e1e995472b76c19c7c6201b3deb266e060743ac9ae1219dbf2226c",
            "productDescription": ""
        },
        "priceData": {
            "bestPrice": "7.10",
            "price": "7.10",
            "pricePerLitre": 6.5,
            "bestPricePerLitre": 6.5
        },
        "store": {
            "id": "5e792d341db5f504de06f265",
            "name": "Otahuhu"
        },
        "timestamp": "2021-08-16T17:50:07.267702"
    },
    {
        "productData": {
            "name": "V Blue Energy Drink Blue Guarana Can 250ml",
            "productId": "v-blue-energy-drink-blue-guarana-can-250ml",
            "productShopPage": "https://otahuhu.store.freshchoice.co.nz/lines/v-blue-energy-drink-blue-guarana-can-250ml",
            "productImageURL": "https://dtgxwmigmg3gc.cloudfront.net/imagery/assets/derivations/icon/512/512/true/eyJpZCI6IjBmZjQwNDEyZWQ2ZDk4YTg3YWQ2ZDUyMWZlNjM1YzJkIiwic3RvcmFnZSI6InB1YmxpY19zdG9yZSJ9?signature=8f745abe5614ec47b3d7a07f1a34ba529184a87b2a696211ba5a0f9f29c86bf0",
            "productDescription": ""
        },
        "priceData": {
            "bestPrice": "2.20",
            "price": "2.20",
            "pricePerLitre": 8.8,
            "bestPricePerLitre": 8.8
        },
        "store": {
            "id": "5e792d341db5f504de06f265",
            "name": "Otahuhu"
        },
        "timestamp": "2021-08-16T17:50:08.389781"
    },
    {
        "productData": {
            "name": "V Blue Energy Drink Blue Guarana Can 500ml",
            "productId": "v-blue-energy-drink-blue-guarana-can-500ml",
            "productShopPage": "https://otahuhu.store.freshchoice.co.nz/lines/v-blue-energy-drink-blue-guarana-can-500ml",
            "productImageURL": "https://dtgxwmigmg3gc.cloudfront.net/imagery/assets/derivations/icon/512/512/true/eyJpZCI6ImFmYjEyYjVjYTU2YWI5ZDJhMTVmNGY2MDg2NWFlNzgxIiwic3RvcmFnZSI6InB1YmxpY19zdG9yZSJ9?signature=b537a8cc5a2c0f90f1702b2c541db44c3a740a0ec4a96e92ab2d6537f9320e8d",
            "productDescription": ""
        },
        "priceData": {
            "bestPrice": "3.50",
            "price": "3.50",
            "pricePerLitre": 7.0,
            "bestPricePerLitre": 7.0
        },
        "store": {
            "id": "5e792d341db5f504de06f265",
            "name": "Otahuhu"
        },
        "timestamp": "2021-08-16T17:50:09.564654"
    },
    {
        "productData": {
            "name": "Monster Energy Zero Ultra 4x500ml",
            "productId": "monster-energy-zero-ultra-4x500ml",
            "productShopPage": "https://otahuhu.store.freshchoice.co.nz/lines/monster-energy-zero-ultra-4x500ml",
            "productImageURL": "https://dtgxwmigmg3gc.cloudfront.net/imagery/assets/derivations/icon/512/512/true/eyJpZCI6ImRiZGZlNzM5NjAyNjUwNWQxYWMzZWYxY2E3YzQzOTc2Iiwic3RvcmFnZSI6InB1YmxpY19zdG9yZSJ9?signature=b4c746d50784f81c260ccd7ebe8975ffb5e2b00c357b2f2748e310c3c70c4089",
            "productDescription": ""
        },
        "priceData": {
            "bestPrice": "11.99",
            "price": "11.99",
            "pricePerLitre": 6.0,
            "bestPricePerLitre": 6.0
        },
        "store": {
            "id": "5e792d341db5f504de06f265",
            "name": "Otahuhu"
        },
        "timestamp": "2021-08-16T17:50:21.177396"
    },
    {
        "productData": {
            "name": "Monster Super Fuel Zero Sugar 550ml",
            "productId": "monster-super-fuel-zero-sugar-550ml",
            "productShopPage": "https://otahuhu.store.freshchoice.co.nz/lines/monster-super-fuel-zero-sugar-550ml",
            "productImageURL": "https://dtgxwmigmg3gc.cloudfront.net/imagery/assets/derivations/icon/512/512/true/eyJpZCI6IjRkOTE3NzhmODIxNDI1ZDJjNDg3Yjc0M2YyMzEyYmYxIiwic3RvcmFnZSI6InB1YmxpY19zdG9yZSJ9?signature=4b9dbd15c40f85466e597873c567f989183b284947e8c8dc4df58667789214a2",
            "productDescription": ""
        },
        "priceData": {
            "bestPrice": "3.50",
            "price": "3.50",
            "pricePerLitre": 6.4,
            "bestPricePerLitre": 6.4
        },
        "store": {
            "id": "5e792d341db5f504de06f265",
            "name": "Otahuhu"
        },
        "timestamp": "2021-08-16T17:50:23.334412"
    },
    {
        "productData": {
            "name": "Monster Mule Ginger Brew 500ml",
            "productId": "monster-mule-ginger-brew-500ml",
            "productShopPage": "https://otahuhu.store.freshchoice.co.nz/lines/monster-mule-ginger-brew-500ml",
            "productImageURL": "https://dtgxwmigmg3gc.cloudfront.net/imagery/assets/derivations/icon/512/512/true/eyJpZCI6ImM1OTM5MTIyZTRlNmNhNzk0ODFlMDE4ZWVmMWE2Y2ZlIiwic3RvcmFnZSI6InB1YmxpY19zdG9yZSJ9?signature=5d11287f30ef58c148e37382d61c0d83097d5461683a9aa5dd9456941c1f32e5",
            "productDescription": ""
        },
        "priceData": {
            "bestPrice": "2.50",
            "price": "2.50",
            "pricePerLitre": 5.0,
            "bestPricePerLitre": 5.0
        },
        "store": {
            "id": "5e792d341db5f504de06f265",
            "name": "Otahuhu"
        },
        "timestamp": "2021-08-16T17:50:24.412060"
    },
    {
        "productData": {
            "name": "Monster Energy 4x500ml Cans",
            "productId": "monster-energy-4x500ml-cans",
            "productShopPage": "https://otahuhu.store.freshchoice.co.nz/lines/monster-energy-4x500ml-cans",
            "productImageURL": "https://dtgxwmigmg3gc.cloudfront.net/imagery/assets/derivations/icon/512/512/true/eyJpZCI6ImQyNWU2MTgwNzVhMmI4MmZmMGU2YmY0OGRlYmRmNTM4Iiwic3RvcmFnZSI6InB1YmxpY19zdG9yZSJ9?signature=afd9c2e0498b55fa2db714a09690152069344eca7b7dddeeb315405178827c0a",
            "productDescription": ""
        },
        "priceData": {
            "bestPrice": "11.99",
            "price": "11.99",
            "pricePerLitre": 6.0,
            "bestPricePerLitre": 6.0
        },
        "store": {
            "id": "5e792d341db5f504de06f265",
            "name": "Otahuhu"
        },
        "timestamp": "2021-08-16T17:50:26.428900"
    },
    {
        "productData": {
            "name": "Monster Super Fuel Purple Passion 550ml",
            "productId": "monster-super-fuel-purple-passion-550ml",
            "productShopPage": "https://otahuhu.store.freshchoice.co.nz/lines/monster-super-fuel-purple-passion-550ml",
            "productImageURL": "https://dtgxwmigmg3gc.cloudfront.net/imagery/assets/derivations/icon/512/512/true/eyJpZCI6IjNkMTY1OTQwMzgyOTZjZjVlMjNlNjBjMDQ3NTE1YWM0Iiwic3RvcmFnZSI6InB1YmxpY19zdG9yZSJ9?signature=4d4ccd77dab941d955a8037242a41833afdc7251d3bd5b5c4b99705770273998",
            "productDescription": ""
        },
        "priceData": {
            "bestPrice": "3.50",
            "price": "3.50",
            "pricePerLitre": 6.4,
            "bestPricePerLitre": 6.4
        },
        "store": {
            "id": "5e792d341db5f504de06f265",
            "name": "Otahuhu"
        },
        "timestamp": "2021-08-16T17:50:27.510597"
    },
    {
        "productData": {
            "name": "Monster Energy Pipeline Punch 500ml",
            "productId": "monster-energy-pipeline-punch-500ml",
            "productShopPage": "https://otahuhu.store.freshchoice.co.nz/lines/monster-energy-pipeline-punch-500ml",
            "productImageURL": "https://dtgxwmigmg3gc.cloudfront.net/imagery/assets/derivations/icon/512/512/true/eyJpZCI6IjM3ZWY2OTY5OWFlNTJlZTRjNTY1ZmFmYWIwOTIxMjg4Iiwic3RvcmFnZSI6InB1YmxpY19zdG9yZSJ9?signature=79ed6699c35bd716a9d5d9457c39ce62c523edaa4059b6b45d4dcc7caf65cef9",
            "productDescription": ""
        },
        "priceData": {
            "bestPrice": "2.50",
            "price": "2.50",
            "pricePerLitre": 5.0,
            "bestPricePerLitre": 5.0
        },
        "store": {
            "id": "5e792d341db5f504de06f265",
            "name": "Otahuhu"
        },
        "timestamp": "2021-08-16T17:50:28.738325"
    },
    {
        "productData": {
            "name": "Live Plus Energy Drink Citrus Flavour 500ml",
            "productId": "live-plus-persist-500ml",
            "productShopPage": "https://otahuhu.store.freshchoice.co.nz/lines/live-plus-persist-500ml",
            "productImageURL": "https://dtgxwmigmg3gc.cloudfront.net/imagery/assets/derivations/icon/512/512/true/eyJpZCI6IjFlNWQ5YzI4OWM1N2UzNmYzZmI2NThlMDQzZTI3ZjE4Iiwic3RvcmFnZSI6InB1YmxpY19zdG9yZSJ9?signature=756b17fefe47174b90e7dbec8cd09db27f9f59f4994bc750b71256ae93ba9fa8",
            "productDescription": ""
        },
        "priceData": {
            "bestPrice": "2.00",
            "price": "2.00",
            "pricePerLitre": 4.0,
            "bestPricePerLitre": 4.0
        },
        "store": {
            "id": "5e792d341db5f504de06f265",
            "name": "Otahuhu"
        },
        "timestamp": "2021-08-16T17:50:29.797756"
    },
    {
        "productData": {
            "name": "V Guarana Energy Drink Blue Sugarfree 250ml",
            "productId": "v-blue-sugarfree-energy-drink-250ml",
            "productShopPage": "https://otahuhu.store.freshchoice.co.nz/lines/v-blue-sugarfree-energy-drink-250ml",
            "productImageURL": "https://dtgxwmigmg3gc.cloudfront.net/imagery/assets/derivations/icon/512/512/true/eyJpZCI6IjI3YWJiOTVhYjNhMjEwMDU2MWJhMmRhNTM3YjRhZjVmIiwic3RvcmFnZSI6InB1YmxpY19zdG9yZSJ9?signature=66769306ca1d0ba674603954d338186dc999f6d1839090d49fde9416b3252365",
            "productDescription": ""
        },
        "priceData": {
            "bestPrice": "2.60",
            "price": "2.60",
            "pricePerLitre": 10.4,
            "bestPricePerLitre": 10.4
        },
        "store": {
            "id": "5e792d341db5f504de06f265",
            "name": "Otahuhu"
        },
        "timestamp": "2021-08-16T17:50:31.970913"
    },
    {
        "productData": {
            "name": "Live Plus Energy Drink Ignite 500ml",
            "productId": "live-plus-energy-drink-ignite-500ml",
            "productShopPage": "https://otahuhu.store.freshchoice.co.nz/lines/live-plus-energy-drink-ignite-500ml",
            "productImageURL": "https://dtgxwmigmg3gc.cloudfront.net/imagery/assets/derivations/icon/512/512/true/eyJpZCI6IjFkZThlMTA5NjUyNTgxZDc2ZDhiOWIxNjljYmVlOWVlIiwic3RvcmFnZSI6InB1YmxpY19zdG9yZSJ9?signature=5f73a57660afbef58a992f8c1d00558e127ddc20b4879ea1a95f2f74f8de2c57",
            "productDescription": ""
        },
        "priceData": {
            "bestPrice": "2.00",
            "price": "2.00",
            "pricePerLitre": 4.0,
            "bestPricePerLitre": 4.0
        },
        "store": {
            "id": "5e792d341db5f504de06f265",
            "name": "Otahuhu"
        },
        "timestamp": "2021-08-16T17:50:33.085631"
    },
    {
        "productData": {
            "name": "Rockstar Punched Energy Guava 500ml",
            "productId": "rockstar-punched-energy-guava-500ml",
            "productShopPage": "https://otahuhu.store.freshchoice.co.nz/lines/rockstar-punched-energy-guava-500ml",
            "productImageURL": "https://dtgxwmigmg3gc.cloudfront.net/imagery/assets/derivations/icon/512/512/true/eyJpZCI6IjBmNGEyNjU2MGQwM2Y4OGI4MWE3ZTMyODUzYTRlN2QyIiwic3RvcmFnZSI6InB1YmxpY19zdG9yZSJ9?signature=fab45ac774e74d87cf7a79de075f47290676fd6d4afcf212198c745670d5ce29",
            "productDescription": ""
        },
        "priceData": {
            "bestPrice": "2.00",
            "price": "2.00",
            "pricePerLitre": 4.0,
            "bestPricePerLitre": 4.0
        },
        "store": {
            "id": "5e792d341db5f504de06f265",
            "name": "Otahuhu"
        },
        "timestamp": "2021-08-16T17:50:40.980393"
    },
    {
        "productData": {
            "name": "Mother Kicked Apple 500ml",
            "productId": "mother-kicked-apple-500ml",
            "productShopPage": "https://papamoa.store.freshchoice.co.nz/lines/mother-kicked-apple-500ml",
            "productImageURL": "https://dtgxwmigmg3gc.cloudfront.net/imagery/assets/derivations/icon/512/512/true/eyJpZCI6IjNhZTlkYjkwYTM4MDFjMGEwYjUwYThhMDAwYjkyZjM0Iiwic3RvcmFnZSI6InB1YmxpY19zdG9yZSJ9?signature=c1a1db0a5d7b074c388cf08560fd44a4a2b6127821554198e54eeea8474325f6",
            "productDescription": ""
        },
        "priceData": {
            "bestPrice": "2.00",
            "price": "2.00",
            "pricePerLitre": 4.0,
            "bestPricePerLitre": 4.0
        },
        "store": {
            "id": "5c9d5a1342cdd7054a03abd3",
            "name": "Papamoa"
        },
        "timestamp": "2021-08-16T17:50:44.538909"
    },
    {
        "productData": {
            "name": "Monster Energy Drink Ultra Rosa 500ml",
            "productId": "monster-energy-drink-ultra-rosa-500ml",
            "productShopPage": "https://papamoa.store.freshchoice.co.nz/lines/monster-energy-drink-ultra-rosa-500ml",
            "productImageURL": "https://dtgxwmigmg3gc.cloudfront.net/imagery/assets/derivations/icon/512/512/true/eyJpZCI6IjZjYzFjMzcwYzM4Mzk4N2MyOTUzNWIyMTFjZTJlYjgxIiwic3RvcmFnZSI6InB1YmxpY19zdG9yZSJ9?signature=9cd08284785f9b24647ecc7d1dc08214d9d00318cc809bebdef1921d6b78bb95",
            "productDescription": ""
        },
        "priceData": {
            "bestPrice": "2.50",
            "price": "2.50",
            "pricePerLitre": 6.0,
            "bestPricePerLitre": 6.0
        },
        "store": {
            "id": "5c9d5a1342cdd7054a03abd3",
            "name": "Papamoa"
        },
        "timestamp": "2021-08-16T17:50:55.707588"
    },
    {
        "productData": {
            "name": "Mother Energy Drink Black 500ml",
            "productId": "mother-energy-drink-black-500ml",
            "productShopPage": "https://papamoa.store.freshchoice.co.nz/lines/mother-energy-drink-black-500ml",
            "productImageURL": "https://dtgxwmigmg3gc.cloudfront.net/imagery/assets/derivations/icon/512/512/true/eyJpZCI6ImYyMzA5MjhkYjg3ODFhYmYzZDU3ZjE1YjNmYzU2MWFjIiwic3RvcmFnZSI6InB1YmxpY19zdG9yZSJ9?signature=d3dbddb83d3d457075cd5d8936bef0c5b48fce4fa3fe725995d8b6d57219ceb5",
            "productDescription": ""
        },
        "priceData": {
            "bestPrice": "2.00",
            "price": "2.00",
            "pricePerLitre": 4.0,
            "bestPricePerLitre": 4.0
        },
        "store": {
            "id": "5c9d5a1342cdd7054a03abd3",
            "name": "Papamoa"
        },
        "timestamp": "2021-08-16T17:50:59.896670"
    },
    {
        "productData": {
            "name": "Mother Energy Drink Passion 500ml",
            "productId": "mother-energy-drink-passion-500ml",
            "productShopPage": "https://papamoa.store.freshchoice.co.nz/lines/mother-energy-drink-passion-500ml",
            "productImageURL": "https://dtgxwmigmg3gc.cloudfront.net/imagery/assets/derivations/icon/512/512/true/eyJpZCI6ImQwODE2YTc4ZjBmNGU4NTU5Mzg1YjkxZmI5YjIzZjM0Iiwic3RvcmFnZSI6InB1YmxpY19zdG9yZSJ9?signature=713c495fef96a6427b917f0c7c7e855a963749ac5c1bf7dfd71e24ae08ea3123",
            "productDescription": ""
        },
        "priceData": {
            "bestPrice": "2.00",
            "price": "2.00",
            "pricePerLitre": 4.0,
            "bestPricePerLitre": 4.0
        },
        "store": {
            "id": "5c9d5a1342cdd7054a03abd3",
            "name": "Papamoa"
        },
        "timestamp": "2021-08-16T17:51:03.829969"
    },
    {
        "productData": {
            "name": "Mother Tropical Blast 500ml",
            "productId": "mother-tropical-blast-500ml",
            "productShopPage": "https://papamoa.store.freshchoice.co.nz/lines/mother-tropical-blast-500ml",
            "productImageURL": "https://dtgxwmigmg3gc.cloudfront.net/imagery/assets/derivations/icon/512/512/true/eyJpZCI6ImEyZmM1OTUwNDhlODM5YTRhMjQ2MTI1OGEyYzNlZWZhIiwic3RvcmFnZSI6InB1YmxpY19zdG9yZSJ9?signature=6c9470ee4067e8ec32b58eeac9d628404d3986058a9b1cdef46014d1bee50944",
            "productDescription": ""
        },
        "priceData": {
            "bestPrice": "2.00",
            "price": "2.00",
            "pricePerLitre": 4.0,
            "bestPricePerLitre": 4.0
        },
        "store": {
            "id": "5c9d5a1342cdd7054a03abd3",
            "name": "Papamoa"
        },
        "timestamp": "2021-08-16T17:51:06.863779"
    },
    {
        "productData": {
            "name": "Mother Epic Swell Energy Drink Twisted Apple 500ml",
            "productId": "mother-epic-swell-energy-drink-twisted-apple-500ml",
            "productShopPage": "https://papamoa.store.freshchoice.co.nz/lines/mother-epic-swell-energy-drink-twisted-apple-500ml",
            "productImageURL": "https://dtgxwmigmg3gc.cloudfront.net/imagery/assets/derivations/icon/512/512/true/eyJpZCI6ImE2ZjYxOGNhNjUyYzMxNzRhNjg2MDBhMGVjZmQ3MmJkIiwic3RvcmFnZSI6InB1YmxpY19zdG9yZSJ9?signature=954f74f8aba0fb24cb2a5248b1e93fe8a62fb8c7f902abbb08b7aed24bc44c80",
            "productDescription": ""
        },
        "priceData": {
            "bestPrice": "2.00",
            "price": "2.00",
            "pricePerLitre": 4.0,
            "bestPricePerLitre": 4.0
        },
        "store": {
            "id": "5c9d5a1342cdd7054a03abd3",
            "name": "Papamoa"
        },
        "timestamp": "2021-08-16T17:51:10.927722"
    },
    {
        "productData": {
            "name": "V Energy Drink Guarana 500ml",
            "productId": "v-energy-drink-guarana-500ml",
            "productShopPage": "https://papamoa.store.freshchoice.co.nz/lines/v-energy-drink-guarana-500ml",
            "productImageURL": "https://dtgxwmigmg3gc.cloudfront.net/imagery/assets/derivations/icon/512/512/true/eyJpZCI6IjgzZDAxMjhiMzg4NmEwZmE4YTE2ZjY2NWIzNmM2NzI2Iiwic3RvcmFnZSI6InB1YmxpY19zdG9yZSJ9?signature=f55ecc561066291a4e74a967db35ea2355f881bd1708bf400fd790032384ae4f",
            "productDescription": ""
        },
        "priceData": {
            "bestPrice": "2.50",
            "price": "2.50",
            "pricePerLitre": 7.6,
            "bestPricePerLitre": 7.6
        },
        "store": {
            "id": "5c9d5a1342cdd7054a03abd3",
            "name": "Papamoa"
        },
        "timestamp": "2021-08-16T17:51:15.817160"
    },
    {
        "productData": {
            "name": "V Energy Drink Sugar Free Guarana 250ml",
            "productId": "v-energy-drink-sugar-free-guarana-250ml",
            "productShopPage": "https://papamoa.store.freshchoice.co.nz/lines/v-energy-drink-sugar-free-guarana-250ml",
            "productImageURL": "https://dtgxwmigmg3gc.cloudfront.net/imagery/assets/derivations/icon/512/512/true/eyJpZCI6ImZiNzM1NmU4NTMyZDllODlkZTljZmNlOGY2MzQ5NGQwIiwic3RvcmFnZSI6InB1YmxpY19zdG9yZSJ9?signature=72b0ce0a48ca796717c115fe5e8b4564501470f63bf80ae865d26e9d131a2b8c",
            "productDescription": ""
        },
        "priceData": {
            "bestPrice": "2.20",
            "price": "2.20",
            "pricePerLitre": 8.8,
            "bestPricePerLitre": 8.8
        },
        "store": {
            "id": "5c9d5a1342cdd7054a03abd3",
            "name": "Papamoa"
        },
        "timestamp": "2021-08-16T17:51:18.094701"
    },
    {
        "productData": {
            "name": "V Energy Drink Blue Guarana Spritzed 350ml",
            "productId": "v-blue-energy-drink-blue-guarana-spritzed-350ml",
            "productShopPage": "https://papamoa.store.freshchoice.co.nz/lines/v-blue-energy-drink-blue-guarana-spritzed-350ml",
            "productImageURL": "https://dtgxwmigmg3gc.cloudfront.net/imagery/assets/derivations/icon/512/512/true/eyJpZCI6ImY2OTRlZGI4NjdlNWMzZDM5NzgzMDQ0ODFkMzUxZGZiIiwic3RvcmFnZSI6InB1YmxpY19zdG9yZSJ9?signature=591b3079cb9c2407a29b3bc348eaf42dc1d34daba5c9d7aba65be654725b6719",
            "productDescription": ""
        },
        "priceData": {
            "bestPrice": "3.50",
            "price": "3.50",
            "pricePerLitre": 10.0,
            "bestPricePerLitre": 10.0
        },
        "store": {
            "id": "5c9d5a1342cdd7054a03abd3",
            "name": "Papamoa"
        },
        "timestamp": "2021-08-16T17:51:20.276758"
    },
    {
        "productData": {
            "name": "V Energy Drink Green Guarana 350ml",
            "productId": "v-energy-drink-green-guarana-350ml",
            "productShopPage": "https://papamoa.store.freshchoice.co.nz/lines/v-energy-drink-green-guarana-350ml",
            "productImageURL": "https://dtgxwmigmg3gc.cloudfront.net/imagery/assets/derivations/icon/512/512/true/eyJpZCI6IjRiNjY4ZjYxOTQ2ODYyN2MzM2NiZWMyNGUyNmIyODk4Iiwic3RvcmFnZSI6InB1YmxpY19zdG9yZSJ9?signature=4cded9cb42349eef45a593461f311b1bb7fa881295733879671ad9fe9887d30c",
            "productDescription": ""
        },
        "priceData": {
            "bestPrice": "3.50",
            "price": "3.50",
            "pricePerLitre": 10.0,
            "bestPricePerLitre": 10.0
        },
        "store": {
            "id": "5c9d5a1342cdd7054a03abd3",
            "name": "Papamoa"
        },
        "timestamp": "2021-08-16T17:51:23.080870"
    },
    {
        "productData": {
            "name": "V Energy Drink Guarana Can 250ml",
            "productId": "v-energy-drink-guarana-can-250ml",
            "productShopPage": "https://papamoa.store.freshchoice.co.nz/lines/v-energy-drink-guarana-can-250ml",
            "productImageURL": "https://dtgxwmigmg3gc.cloudfront.net/imagery/assets/derivations/icon/512/512/true/eyJpZCI6Ijc3Nzk1NjE2ZDhhNmFiMThhYzEzODYzOTg2ZmNkNzgwIiwic3RvcmFnZSI6InB1YmxpY19zdG9yZSJ9?signature=f5de1854d43e19cc62bff86893d4a55615cd916f8425a4dccd170b52eba81255",
            "productDescription": ""
        },
        "priceData": {
            "bestPrice": "2.20",
            "price": "2.20",
            "pricePerLitre": 8.8,
            "bestPricePerLitre": 8.8
        },
        "store": {
            "id": "5c9d5a1342cdd7054a03abd3",
            "name": "Papamoa"
        },
        "timestamp": "2021-08-16T17:51:24.135551"
    },
    {
        "productData": {
            "name": "V Energy Drink Guarana Can 500ml",
            "productId": "v-energy-drink-guarana-can-500ml",
            "productShopPage": "https://papamoa.store.freshchoice.co.nz/lines/v-energy-drink-guarana-can-500ml",
            "productImageURL": "https://dtgxwmigmg3gc.cloudfront.net/imagery/assets/derivations/icon/512/512/true/eyJpZCI6ImI0NjgzNGZjNDRkMjU0MjgzYzJjZGNhMzA2NWIxYjA5Iiwic3RvcmFnZSI6InB1YmxpY19zdG9yZSJ9?signature=265e8273409849423466e7623cbbdf8352940707b8830803eec391e8f32c9c5f",
            "productDescription": ""
        },
        "priceData": {
            "bestPrice": "3.50",
            "price": "3.50",
            "pricePerLitre": 7.0,
            "bestPricePerLitre": 7.0
        },
        "store": {
            "id": "5c9d5a1342cdd7054a03abd3",
            "name": "Papamoa"
        },
        "timestamp": "2021-08-16T17:51:25.273263"
    },
    {
        "productData": {
            "name": "V Energy Drink Sugar Free Guarana 500ml",
            "productId": "v-energy-drink-sugar-free-guarana-500ml",
            "productShopPage": "https://papamoa.store.freshchoice.co.nz/lines/v-energy-drink-sugar-free-guarana-500ml",
            "productImageURL": "https://dtgxwmigmg3gc.cloudfront.net/imagery/assets/derivations/icon/512/512/true/eyJpZCI6Ijg4MGExMDYxOTY4NTJiYzM1ZTExMmU2MGE2OWYxNDE3Iiwic3RvcmFnZSI6InB1YmxpY19zdG9yZSJ9?signature=b0536d25b9da8158705e24c88e21fabbf85c1dabc19f18108c386e956ffd7045",
            "productDescription": ""
        },
        "priceData": {
            "bestPrice": "3.50",
            "price": "3.50",
            "pricePerLitre": 7.0,
            "bestPricePerLitre": 7.0
        },
        "store": {
            "id": "5c9d5a1342cdd7054a03abd3",
            "name": "Papamoa"
        },
        "timestamp": "2021-08-16T17:51:28.449864"
    },
    {
        "productData": {
            "name": "V Energy Drink Skills Cans 275ml 4 Pack",
            "productId": "v-energy-drink-skills-cans-275ml-4-pack",
            "productShopPage": "https://papamoa.store.freshchoice.co.nz/lines/v-energy-drink-skills-cans-275ml-4-pack",
            "productImageURL": "https://dtgxwmigmg3gc.cloudfront.net/imagery/assets/derivations/icon/512/512/true/eyJpZCI6ImZhMzA2N2NiM2YxMmVkM2ZhZjhhYmM4OGE1YTJhNzczIiwic3RvcmFnZSI6InB1YmxpY19zdG9yZSJ9?signature=34fcde8f5a021036c475a1dfff6748625e0747bb134ec737312b15bbe8e883eb",
            "productDescription": ""
        },
        "priceData": {
            "bestPrice": "7.10",
            "price": "7.10",
            "pricePerLitre": 8.5,
            "bestPricePerLitre": 8.5
        },
        "store": {
            "id": "5c9d5a1342cdd7054a03abd3",
            "name": "Papamoa"
        },
        "timestamp": "2021-08-16T17:51:29.524612"
    },
    {
        "productData": {
            "name": "V Blue Energy Drink Bottle 500ml",
            "productId": "v-blue-energy-drink-bottle-500ml",
            "productShopPage": "https://papamoa.store.freshchoice.co.nz/lines/v-blue-energy-drink-bottle-500ml",
            "productImageURL": "https://dtgxwmigmg3gc.cloudfront.net/imagery/assets/derivations/icon/512/512/true/eyJpZCI6IjgyYWYxYWY4MGI4MzUxODhiYmVhZGVhM2U2NzY0MzI5Iiwic3RvcmFnZSI6InB1YmxpY19zdG9yZSJ9?signature=7e70fc576864a528a1431734d680cbf177a11b419a692dbfd34800c31b8944ec",
            "productDescription": ""
        },
        "priceData": {
            "bestPrice": "2.50",
            "price": "2.50",
            "pricePerLitre": 7.6,
            "bestPricePerLitre": 7.6
        },
        "store": {
            "id": "5c9d5a1342cdd7054a03abd3",
            "name": "Papamoa"
        },
        "timestamp": "2021-08-16T17:51:31.849501"
    },
    {
        "productData": {
            "name": "V Blue Sugarfree Energy Drink 500ml",
            "productId": "v-blue-sugarfree-energy-drink-500ml",
            "productShopPage": "https://papamoa.store.freshchoice.co.nz/lines/v-blue-sugarfree-energy-drink-500ml",
            "productImageURL": "https://dtgxwmigmg3gc.cloudfront.net/imagery/assets/derivations/icon/512/512/true/eyJpZCI6ImVmYjQyOWRmM2JjZjc3NTY1ZDIwMTEyNTY0MDdmZjA1Iiwic3RvcmFnZSI6InB1YmxpY19zdG9yZSJ9?signature=2911d59474d8305039a3be3bef0f887c38d9ab84596314b13cc4b150101175ab",
            "productDescription": ""
        },
        "priceData": {
            "bestPrice": "3.50",
            "price": "3.50",
            "pricePerLitre": 7.0,
            "bestPricePerLitre": 7.0
        },
        "store": {
            "id": "5c9d5a1342cdd7054a03abd3",
            "name": "Papamoa"
        },
        "timestamp": "2021-08-16T17:51:32.924739"
    },
    {
        "productData": {
            "name": "V Blue Energy Drink Blue Guarana Can 250ml",
            "productId": "v-blue-energy-drink-blue-guarana-can-250ml",
            "productShopPage": "https://papamoa.store.freshchoice.co.nz/lines/v-blue-energy-drink-blue-guarana-can-250ml",
            "productImageURL": "https://dtgxwmigmg3gc.cloudfront.net/imagery/assets/derivations/icon/512/512/true/eyJpZCI6IjBmZjQwNDEyZWQ2ZDk4YTg3YWQ2ZDUyMWZlNjM1YzJkIiwic3RvcmFnZSI6InB1YmxpY19zdG9yZSJ9?signature=8f745abe5614ec47b3d7a07f1a34ba529184a87b2a696211ba5a0f9f29c86bf0",
            "productDescription": ""
        },
        "priceData": {
            "bestPrice": "2.20",
            "price": "2.20",
            "pricePerLitre": 8.8,
            "bestPricePerLitre": 8.8
        },
        "store": {
            "id": "5c9d5a1342cdd7054a03abd3",
            "name": "Papamoa"
        },
        "timestamp": "2021-08-16T17:51:37.343533"
    },
    {
        "productData": {
            "name": "V Blue Energy Drink Blue Guarana Can 500ml",
            "productId": "v-blue-energy-drink-blue-guarana-can-500ml",
            "productShopPage": "https://papamoa.store.freshchoice.co.nz/lines/v-blue-energy-drink-blue-guarana-can-500ml",
            "productImageURL": "https://dtgxwmigmg3gc.cloudfront.net/imagery/assets/derivations/icon/512/512/true/eyJpZCI6ImFmYjEyYjVjYTU2YWI5ZDJhMTVmNGY2MDg2NWFlNzgxIiwic3RvcmFnZSI6InB1YmxpY19zdG9yZSJ9?signature=b537a8cc5a2c0f90f1702b2c541db44c3a740a0ec4a96e92ab2d6537f9320e8d",
            "productDescription": ""
        },
        "priceData": {
            "bestPrice": "3.50",
            "price": "3.50",
            "pricePerLitre": 7.0,
            "bestPricePerLitre": 7.0
        },
        "store": {
            "id": "5c9d5a1342cdd7054a03abd3",
            "name": "Papamoa"
        },
        "timestamp": "2021-08-16T17:51:38.589125"
    },
    {
        "productData": {
            "name": "Monster Energy Pipeline Punch 500ml",
            "productId": "monster-energy-pipeline-punch-500ml",
            "productShopPage": "https://papamoa.store.freshchoice.co.nz/lines/monster-energy-pipeline-punch-500ml",
            "productImageURL": "https://dtgxwmigmg3gc.cloudfront.net/imagery/assets/derivations/icon/512/512/true/eyJpZCI6IjM3ZWY2OTY5OWFlNTJlZTRjNTY1ZmFmYWIwOTIxMjg4Iiwic3RvcmFnZSI6InB1YmxpY19zdG9yZSJ9?signature=79ed6699c35bd716a9d5d9457c39ce62c523edaa4059b6b45d4dcc7caf65cef9",
            "productDescription": ""
        },
        "priceData": {
            "bestPrice": "2.50",
            "price": "2.50",
            "pricePerLitre": 6.0,
            "bestPricePerLitre": 6.0
        },
        "store": {
            "id": "5c9d5a1342cdd7054a03abd3",
            "name": "Papamoa"
        },
        "timestamp": "2021-08-16T17:52:03.579753"
    },
    {
        "productData": {
            "name": "Live Plus Energy Drink Citrus Flavour 500ml",
            "productId": "live-plus-persist-500ml",
            "productShopPage": "https://papamoa.store.freshchoice.co.nz/lines/live-plus-persist-500ml",
            "productImageURL": "https://dtgxwmigmg3gc.cloudfront.net/imagery/assets/derivations/icon/512/512/true/eyJpZCI6IjFlNWQ5YzI4OWM1N2UzNmYzZmI2NThlMDQzZTI3ZjE4Iiwic3RvcmFnZSI6InB1YmxpY19zdG9yZSJ9?signature=756b17fefe47174b90e7dbec8cd09db27f9f59f4994bc750b71256ae93ba9fa8",
            "productDescription": ""
        },
        "priceData": {
            "bestPrice": "2.00",
            "price": "2.00",
            "pricePerLitre": 4.0,
            "bestPricePerLitre": 4.0
        },
        "store": {
            "id": "5c9d5a1342cdd7054a03abd3",
            "name": "Papamoa"
        },
        "timestamp": "2021-08-16T17:52:04.775324"
    },
    {
        "productData": {
            "name": "Live Plus Energy Drink Tart Apple Apple Flavour 500ml",
            "productId": "live-plus-ignite-500ml",
            "productShopPage": "https://papamoa.store.freshchoice.co.nz/lines/live-plus-ignite-500ml",
            "productImageURL": "https://dtgxwmigmg3gc.cloudfront.net/imagery/assets/derivations/icon/512/512/true/eyJpZCI6IjViOGViZjhmZTQzYjFlYTMzNDM5YjJjMjg3ZDRmY2YyIiwic3RvcmFnZSI6InB1YmxpY19zdG9yZSJ9?signature=140ae19352cd0dcec7e77f90fa4dfaa9fa17086439f730510afc5d906e1415bf",
            "productDescription": ""
        },
        "priceData": {
            "bestPrice": "2.00",
            "price": "2.00",
            "pricePerLitre": 4.0,
            "bestPricePerLitre": 4.0
        },
        "store": {
            "id": "5c9d5a1342cdd7054a03abd3",
            "name": "Papamoa"
        },
        "timestamp": "2021-08-16T17:52:05.945809"
    },
    {
        "productData": {
            "name": "V Guarana Energy Drink Blue Sugarfree 250ml",
            "productId": "v-blue-sugarfree-energy-drink-250ml",
            "productShopPage": "https://papamoa.store.freshchoice.co.nz/lines/v-blue-sugarfree-energy-drink-250ml",
            "productImageURL": "https://dtgxwmigmg3gc.cloudfront.net/imagery/assets/derivations/icon/512/512/true/eyJpZCI6IjI3YWJiOTVhYjNhMjEwMDU2MWJhMmRhNTM3YjRhZjVmIiwic3RvcmFnZSI6InB1YmxpY19zdG9yZSJ9?signature=66769306ca1d0ba674603954d338186dc999f6d1839090d49fde9416b3252365",
            "productDescription": ""
        },
        "priceData": {
            "bestPrice": "2.20",
            "price": "2.20",
            "pricePerLitre": 8.8,
            "bestPricePerLitre": 8.8
        },
        "store": {
            "id": "5c9d5a1342cdd7054a03abd3",
            "name": "Papamoa"
        },
        "timestamp": "2021-08-16T17:52:07.176157"
    },
    {
        "productData": {
            "name": "Live Plus Energy Drink Original Citrus Flavour 355ml",
            "productId": "live-plus-persist-glass-355ml",
            "productShopPage": "https://papamoa.store.freshchoice.co.nz/lines/live-plus-persist-glass-355ml",
            "productImageURL": "https://dtgxwmigmg3gc.cloudfront.net/imagery/assets/derivations/icon/512/512/true/eyJpZCI6ImYzMjZlMTdmMmI5ZGRjZGYzYmFmNzNiMWQzN2Y5NDI4Iiwic3RvcmFnZSI6InB1YmxpY19zdG9yZSJ9?signature=8fa31eb2b309e9c7a293ba2e7a7541e3cdc686b1d3f519044aa97c666ae5f630",
            "productDescription": ""
        },
        "priceData": {
            "bestPrice": "2.00",
            "price": "2.00",
            "pricePerLitre": 7.9,
            "bestPricePerLitre": 7.9
        },
        "store": {
            "id": "5c9d5a1342cdd7054a03abd3",
            "name": "Papamoa"
        },
        "timestamp": "2021-08-16T17:52:09.287815"
    },
    {
        "productData": {
            "name": "Mother Kicked Apple 500ml",
            "productId": "mother-kicked-apple-500ml",
            "productShopPage": "https://ranui.store.freshchoice.co.nz/lines/mother-kicked-apple-500ml",
            "productImageURL": "https://dtgxwmigmg3gc.cloudfront.net/imagery/assets/derivations/icon/512/512/true/eyJpZCI6IjNhZTlkYjkwYTM4MDFjMGEwYjUwYThhMDAwYjkyZjM0Iiwic3RvcmFnZSI6InB1YmxpY19zdG9yZSJ9?signature=c1a1db0a5d7b074c388cf08560fd44a4a2b6127821554198e54eeea8474325f6",
            "productDescription": ""
        },
        "priceData": {
            "bestPrice": "2.00",
            "price": "2.00",
            "pricePerLitre": 4.0,
            "bestPricePerLitre": 4.0
        },
        "store": {
            "id": "5e76c0e5ec28665ada001509",
            "name": "Ranui"
        },
        "timestamp": "2021-08-16T17:52:19.906487"
    },
    {
        "productData": {
            "name": "Monster Energy Ultra Paradise 500ml",
            "productId": "monster-energy-drink-ultra-paradise-500ml",
            "productShopPage": "https://ranui.store.freshchoice.co.nz/lines/monster-energy-drink-ultra-paradise-500ml",
            "productImageURL": "https://dtgxwmigmg3gc.cloudfront.net/imagery/assets/derivations/icon/512/512/true/eyJpZCI6ImZiZDRkZTQxNzA0M2FiYTUyMjMwZWI0NTcyZGNmYTE1Iiwic3RvcmFnZSI6InB1YmxpY19zdG9yZSJ9?signature=8a439bf26b71114289dfea1720ed331b1e4784c534deade29db8ac38b1cc7c1a",
            "productDescription": ""
        },
        "priceData": {
            "bestPrice": "2.50",
            "price": "2.50",
            "pricePerLitre": 6.0,
            "bestPricePerLitre": 6.0
        },
        "store": {
            "id": "5e76c0e5ec28665ada001509",
            "name": "Ranui"
        },
        "timestamp": "2021-08-16T17:52:23.817506"
    },
    {
        "productData": {
            "name": "Monster Energy Ultra Sunrise 500ml",
            "productId": "monster-energy-ultra-sunrise-500ml",
            "productShopPage": "https://ranui.store.freshchoice.co.nz/lines/monster-energy-ultra-sunrise-500ml",
            "productImageURL": "https://dtgxwmigmg3gc.cloudfront.net/imagery/assets/derivations/icon/512/512/true/eyJpZCI6ImFlNTVkY2RiZTZiZjg3OGZjZTdlOTU1OTFhMDE4YTdiIiwic3RvcmFnZSI6InB1YmxpY19zdG9yZSJ9?signature=b98350feca08b6ab128cc925fef23a58f65a36f94ede15cb2174f6f88a0f8a0f",
            "productDescription": ""
        },
        "priceData": {
            "bestPrice": "2.50",
            "price": "2.50",
            "pricePerLitre": 6.0,
            "bestPricePerLitre": 6.0
        },
        "store": {
            "id": "5e76c0e5ec28665ada001509",
            "name": "Ranui"
        },
        "timestamp": "2021-08-16T17:52:24.921871"
    },
    {
        "productData": {
            "name": "Monster Energy Ultra Zero 500ml",
            "productId": "monster-energy-ultra-zero-500ml",
            "productShopPage": "https://ranui.store.freshchoice.co.nz/lines/monster-energy-ultra-zero-500ml",
            "productImageURL": "https://dtgxwmigmg3gc.cloudfront.net/imagery/assets/derivations/icon/512/512/true/eyJpZCI6IjdhN2FhYTUwZWU2NTYwYjBiNGY1NThhMTgwNmVlODI3Iiwic3RvcmFnZSI6InB1YmxpY19zdG9yZSJ9?signature=7907c49ba7d043175a426f84a71776de7dd51fa5c249237063aca9cb098abdbe",
            "productDescription": ""
        },
        "priceData": {
            "bestPrice": "2.50",
            "price": "2.50",
            "pricePerLitre": 6.0,
            "bestPricePerLitre": 6.0
        },
        "store": {
            "id": "5e76c0e5ec28665ada001509",
            "name": "Ranui"
        },
        "timestamp": "2021-08-16T17:52:25.908893"
    },
    {
        "productData": {
            "name": "Monster Energy Green 500ml",
            "productId": "monster-energy-green-500ml",
            "productShopPage": "https://ranui.store.freshchoice.co.nz/lines/monster-energy-green-500ml",
            "productImageURL": "https://dtgxwmigmg3gc.cloudfront.net/imagery/assets/derivations/icon/512/512/true/eyJpZCI6ImU3ZjNiNjJiNzI4Y2M0MTIxMjhiNjQ2ZmQ2OTQzMGEzIiwic3RvcmFnZSI6InB1YmxpY19zdG9yZSJ9?signature=637eac56411f57a79f345ea693f1418330d5742c3a04caddb460696dba06da06",
            "productDescription": ""
        },
        "priceData": {
            "bestPrice": "2.50",
            "price": "2.50",
            "pricePerLitre": 6.0,
            "bestPricePerLitre": 6.0
        },
        "store": {
            "id": "5e76c0e5ec28665ada001509",
            "name": "Ranui"
        },
        "timestamp": "2021-08-16T17:52:27.209365"
    },
    {
        "productData": {
            "name": "Monster Energy Drink Ultra Rosa 500ml",
            "productId": "monster-energy-drink-ultra-rosa-500ml",
            "productShopPage": "https://ranui.store.freshchoice.co.nz/lines/monster-energy-drink-ultra-rosa-500ml",
            "productImageURL": "https://dtgxwmigmg3gc.cloudfront.net/imagery/assets/derivations/icon/512/512/true/eyJpZCI6IjZjYzFjMzcwYzM4Mzk4N2MyOTUzNWIyMTFjZTJlYjgxIiwic3RvcmFnZSI6InB1YmxpY19zdG9yZSJ9?signature=9cd08284785f9b24647ecc7d1dc08214d9d00318cc809bebdef1921d6b78bb95",
            "productDescription": ""
        },
        "priceData": {
            "bestPrice": "2.50",
            "price": "2.50",
            "pricePerLitre": 6.0,
            "bestPricePerLitre": 6.0
        },
        "store": {
            "id": "5e76c0e5ec28665ada001509",
            "name": "Ranui"
        },
        "timestamp": "2021-08-16T17:52:28.295842"
    },
    {
        "productData": {
            "name": "Mother Energy Drink Berry 500ml",
            "productId": "mother-energy-drink-berry-500ml",
            "productShopPage": "https://ranui.store.freshchoice.co.nz/lines/mother-energy-drink-berry-500ml",
            "productImageURL": "https://dtgxwmigmg3gc.cloudfront.net/imagery/assets/derivations/icon/512/512/true/eyJpZCI6ImRhYTJlNjUzNzRjZjViNjI0ZDljNzUzNDA3YmE0ZDFkIiwic3RvcmFnZSI6InB1YmxpY19zdG9yZSJ9?signature=d9ffb465d71d599811c2ff7a788845bfe297eb3624ad7866a89cf0b3ece073f0",
            "productDescription": ""
        },
        "priceData": {
            "bestPrice": "2.00",
            "price": "2.00",
            "pricePerLitre": 6.0,
            "bestPricePerLitre": 6.0
        },
        "store": {
            "id": "5e76c0e5ec28665ada001509",
            "name": "Ranui"
        },
        "timestamp": "2021-08-16T17:52:31.262584"
    },
    {
        "productData": {
            "name": "Mother Energy Drink Black 500ml",
            "productId": "mother-energy-drink-black-500ml",
            "productShopPage": "https://ranui.store.freshchoice.co.nz/lines/mother-energy-drink-black-500ml",
            "productImageURL": "https://dtgxwmigmg3gc.cloudfront.net/imagery/assets/derivations/icon/512/512/true/eyJpZCI6ImYyMzA5MjhkYjg3ODFhYmYzZDU3ZjE1YjNmYzU2MWFjIiwic3RvcmFnZSI6InB1YmxpY19zdG9yZSJ9?signature=d3dbddb83d3d457075cd5d8936bef0c5b48fce4fa3fe725995d8b6d57219ceb5",
            "productDescription": ""
        },
        "priceData": {
            "bestPrice": "2.00",
            "price": "2.00",
            "pricePerLitre": 4.0,
            "bestPricePerLitre": 4.0
        },
        "store": {
            "id": "5e76c0e5ec28665ada001509",
            "name": "Ranui"
        },
        "timestamp": "2021-08-16T17:52:32.560065"
    },
    {
        "productData": {
            "name": "Mother Tropical Blast 500ml",
            "productId": "mother-tropical-blast-500ml",
            "productShopPage": "https://ranui.store.freshchoice.co.nz/lines/mother-tropical-blast-500ml",
            "productImageURL": "https://dtgxwmigmg3gc.cloudfront.net/imagery/assets/derivations/icon/512/512/true/eyJpZCI6ImEyZmM1OTUwNDhlODM5YTRhMjQ2MTI1OGEyYzNlZWZhIiwic3RvcmFnZSI6InB1YmxpY19zdG9yZSJ9?signature=6c9470ee4067e8ec32b58eeac9d628404d3986058a9b1cdef46014d1bee50944",
            "productDescription": ""
        },
        "priceData": {
            "bestPrice": "2.00",
            "price": "2.00",
            "pricePerLitre": 4.0,
            "bestPricePerLitre": 4.0
        },
        "store": {
            "id": "5e76c0e5ec28665ada001509",
            "name": "Ranui"
        },
        "timestamp": "2021-08-16T17:52:35.839758"
    },
    {
        "productData": {
            "name": "Mother Epic Swell Energy Drink Twisted Apple 500ml",
            "productId": "mother-epic-swell-energy-drink-twisted-apple-500ml",
            "productShopPage": "https://ranui.store.freshchoice.co.nz/lines/mother-epic-swell-energy-drink-twisted-apple-500ml",
            "productImageURL": "https://dtgxwmigmg3gc.cloudfront.net/imagery/assets/derivations/icon/512/512/true/eyJpZCI6ImE2ZjYxOGNhNjUyYzMxNzRhNjg2MDBhMGVjZmQ3MmJkIiwic3RvcmFnZSI6InB1YmxpY19zdG9yZSJ9?signature=954f74f8aba0fb24cb2a5248b1e93fe8a62fb8c7f902abbb08b7aed24bc44c80",
            "productDescription": ""
        },
        "priceData": {
            "bestPrice": "2.00",
            "price": "2.00",
            "pricePerLitre": 4.0,
            "bestPricePerLitre": 4.0
        },
        "store": {
            "id": "5e76c0e5ec28665ada001509",
            "name": "Ranui"
        },
        "timestamp": "2021-08-16T17:52:38.104062"
    },
    {
        "productData": {
            "name": "V Energy Drink 710ml Can",
            "productId": "v-energy-drink-710ml-can",
            "productShopPage": "https://ranui.store.freshchoice.co.nz/lines/v-energy-drink-710ml-can",
            "productImageURL": "https://dtgxwmigmg3gc.cloudfront.net/imagery/assets/derivations/icon/512/512/true/eyJpZCI6ImU1Mjg5NDIyNDI0MzhlNGM0N2IxY2FmMmExOWQ0OGI0Iiwic3RvcmFnZSI6InB1YmxpY19zdG9yZSJ9?signature=875386458f8ad66eb59967a1ca6ad24a19d1592f97a894e439af7d9be1852340",
            "productDescription": ""
        },
        "priceData": {
            "bestPrice": "3.20",
            "price": "3.20",
            "pricePerLitre": 5.6000000000000005,
            "bestPricePerLitre": 5.6000000000000005
        },
        "store": {
            "id": "5e76c0e5ec28665ada001509",
            "name": "Ranui"
        },
        "timestamp": "2021-08-16T17:52:40.713842"
    },
    {
        "productData": {
            "name": "V Energy Drink Guarana 500ml",
            "productId": "v-energy-drink-guarana-500ml",
            "productShopPage": "https://ranui.store.freshchoice.co.nz/lines/v-energy-drink-guarana-500ml",
            "productImageURL": "https://dtgxwmigmg3gc.cloudfront.net/imagery/assets/derivations/icon/512/512/true/eyJpZCI6IjgzZDAxMjhiMzg4NmEwZmE4YTE2ZjY2NWIzNmM2NzI2Iiwic3RvcmFnZSI6InB1YmxpY19zdG9yZSJ9?signature=f55ecc561066291a4e74a967db35ea2355f881bd1708bf400fd790032384ae4f",
            "productDescription": ""
        },
        "priceData": {
            "bestPrice": "2.50",
            "price": "2.50",
            "pricePerLitre": 7.6,
            "bestPricePerLitre": 7.6
        },
        "store": {
            "id": "5e76c0e5ec28665ada001509",
            "name": "Ranui"
        },
        "timestamp": "2021-08-16T17:52:42.370679"
    },
    {
        "productData": {
            "name": "V Energy Drink Sugarfree 500ml",
            "productId": "v-energy-drink-sugarfree-500ml",
            "productShopPage": "https://ranui.store.freshchoice.co.nz/lines/v-energy-drink-sugarfree-500ml",
            "productImageURL": "https://dtgxwmigmg3gc.cloudfront.net/imagery/assets/derivations/icon/512/512/true/eyJpZCI6ImVkZTAxNTNmMDI1NmU1NDZjNWQ5MTc3MjE3ZTQ3YTQ0Iiwic3RvcmFnZSI6InB1YmxpY19zdG9yZSJ9?signature=abcf72d9faa9ee3044eaa3b7ee0bf9b4fd8f582379018d8727f2234b7d3f3c85",
            "productDescription": ""
        },
        "priceData": {
            "bestPrice": "2.50",
            "price": "2.50",
            "pricePerLitre": 7.6,
            "bestPricePerLitre": 7.6
        },
        "store": {
            "id": "5e76c0e5ec28665ada001509",
            "name": "Ranui"
        },
        "timestamp": "2021-08-16T17:52:43.598739"
    },
    {
        "productData": {
            "name": "V Energy Drink Sugar Free Guarana 250ml",
            "productId": "v-energy-drink-sugar-free-guarana-250ml",
            "productShopPage": "https://ranui.store.freshchoice.co.nz/lines/v-energy-drink-sugar-free-guarana-250ml",
            "productImageURL": "https://dtgxwmigmg3gc.cloudfront.net/imagery/assets/derivations/icon/512/512/true/eyJpZCI6ImZiNzM1NmU4NTMyZDllODlkZTljZmNlOGY2MzQ5NGQwIiwic3RvcmFnZSI6InB1YmxpY19zdG9yZSJ9?signature=72b0ce0a48ca796717c115fe5e8b4564501470f63bf80ae865d26e9d131a2b8c",
            "productDescription": ""
        },
        "priceData": {
            "bestPrice": "2.20",
            "price": "2.20",
            "pricePerLitre": 8.8,
            "bestPricePerLitre": 8.8
        },
        "store": {
            "id": "5e76c0e5ec28665ada001509",
            "name": "Ranui"
        },
        "timestamp": "2021-08-16T17:52:45.089765"
    },
    {
        "productData": {
            "name": "V Energy Drink Blue Guarana Spritzed 350ml",
            "productId": "v-blue-energy-drink-blue-guarana-spritzed-350ml",
            "productShopPage": "https://ranui.store.freshchoice.co.nz/lines/v-blue-energy-drink-blue-guarana-spritzed-350ml",
            "productImageURL": "https://dtgxwmigmg3gc.cloudfront.net/imagery/assets/derivations/icon/512/512/true/eyJpZCI6ImY2OTRlZGI4NjdlNWMzZDM5NzgzMDQ0ODFkMzUxZGZiIiwic3RvcmFnZSI6InB1YmxpY19zdG9yZSJ9?signature=591b3079cb9c2407a29b3bc348eaf42dc1d34daba5c9d7aba65be654725b6719",
            "productDescription": ""
        },
        "priceData": {
            "bestPrice": "3.50",
            "price": "3.50",
            "pricePerLitre": 10.0,
            "bestPricePerLitre": 10.0
        },
        "store": {
            "id": "5e76c0e5ec28665ada001509",
            "name": "Ranui"
        },
        "timestamp": "2021-08-16T17:52:49.040616"
    },
    {
        "productData": {
            "name": "V Energy Drink Green Guarana 350ml",
            "productId": "v-energy-drink-green-guarana-350ml",
            "productShopPage": "https://ranui.store.freshchoice.co.nz/lines/v-energy-drink-green-guarana-350ml",
            "productImageURL": "https://dtgxwmigmg3gc.cloudfront.net/imagery/assets/derivations/icon/512/512/true/eyJpZCI6IjRiNjY4ZjYxOTQ2ODYyN2MzM2NiZWMyNGUyNmIyODk4Iiwic3RvcmFnZSI6InB1YmxpY19zdG9yZSJ9?signature=4cded9cb42349eef45a593461f311b1bb7fa881295733879671ad9fe9887d30c",
            "productDescription": ""
        },
        "priceData": {
            "bestPrice": "3.50",
            "price": "3.50",
            "pricePerLitre": 10.0,
            "bestPricePerLitre": 10.0
        },
        "store": {
            "id": "5e76c0e5ec28665ada001509",
            "name": "Ranui"
        },
        "timestamp": "2021-08-16T17:52:50.162403"
    },
    {
        "productData": {
            "name": "V Energy Drink Guarana Can 250ml",
            "productId": "v-energy-drink-guarana-can-250ml",
            "productShopPage": "https://ranui.store.freshchoice.co.nz/lines/v-energy-drink-guarana-can-250ml",
            "productImageURL": "https://dtgxwmigmg3gc.cloudfront.net/imagery/assets/derivations/icon/512/512/true/eyJpZCI6Ijc3Nzk1NjE2ZDhhNmFiMThhYzEzODYzOTg2ZmNkNzgwIiwic3RvcmFnZSI6InB1YmxpY19zdG9yZSJ9?signature=f5de1854d43e19cc62bff86893d4a55615cd916f8425a4dccd170b52eba81255",
            "productDescription": ""
        },
        "priceData": {
            "bestPrice": "2.20",
            "price": "2.20",
            "pricePerLitre": 8.8,
            "bestPricePerLitre": 8.8
        },
        "store": {
            "id": "5e76c0e5ec28665ada001509",
            "name": "Ranui"
        },
        "timestamp": "2021-08-16T17:52:51.408351"
    },
    {
        "productData": {
            "name": "V Energy Drink Guarana Can 500ml",
            "productId": "v-energy-drink-guarana-can-500ml",
            "productShopPage": "https://ranui.store.freshchoice.co.nz/lines/v-energy-drink-guarana-can-500ml",
            "productImageURL": "https://dtgxwmigmg3gc.cloudfront.net/imagery/assets/derivations/icon/512/512/true/eyJpZCI6ImI0NjgzNGZjNDRkMjU0MjgzYzJjZGNhMzA2NWIxYjA5Iiwic3RvcmFnZSI6InB1YmxpY19zdG9yZSJ9?signature=265e8273409849423466e7623cbbdf8352940707b8830803eec391e8f32c9c5f",
            "productDescription": ""
        },
        "priceData": {
            "bestPrice": "3.50",
            "price": "3.50",
            "pricePerLitre": 7.0,
            "bestPricePerLitre": 7.0
        },
        "store": {
            "id": "5e76c0e5ec28665ada001509",
            "name": "Ranui"
        },
        "timestamp": "2021-08-16T17:52:52.462813"
    },
    {
        "productData": {
            "name": "V Energy Drink Raspberry Lemonade 350ml",
            "productId": "v-energy-drink-raspberry-lemonade-350ml",
            "productShopPage": "https://ranui.store.freshchoice.co.nz/lines/v-energy-drink-raspberry-lemonade-350ml",
            "productImageURL": "https://dtgxwmigmg3gc.cloudfront.net/imagery/assets/derivations/icon/512/512/true/eyJpZCI6IjliNWMwMGJkN2IxYWRhY2UxNzU5NzY1ZTI4MjUzZDgyIiwic3RvcmFnZSI6InB1YmxpY19zdG9yZSJ9?signature=1813e587f3636e394a15aa9e19234f9343024a6880220b0dda0a5d69b1f1c010",
            "productDescription": ""
        },
        "priceData": {
            "bestPrice": "3.50",
            "price": "3.50",
            "pricePerLitre": 10.0,
            "bestPricePerLitre": 10.0
        },
        "store": {
            "id": "5e76c0e5ec28665ada001509",
            "name": "Ranui"
        },
        "timestamp": "2021-08-16T17:52:54.667842"
    },
    {
        "productData": {
            "name": "V Energy Drink Sugar Free Guarana 500ml",
            "productId": "v-energy-drink-sugar-free-guarana-500ml",
            "productShopPage": "https://ranui.store.freshchoice.co.nz/lines/v-energy-drink-sugar-free-guarana-500ml",
            "productImageURL": "https://dtgxwmigmg3gc.cloudfront.net/imagery/assets/derivations/icon/512/512/true/eyJpZCI6Ijg4MGExMDYxOTY4NTJiYzM1ZTExMmU2MGE2OWYxNDE3Iiwic3RvcmFnZSI6InB1YmxpY19zdG9yZSJ9?signature=b0536d25b9da8158705e24c88e21fabbf85c1dabc19f18108c386e956ffd7045",
            "productDescription": ""
        },
        "priceData": {
            "bestPrice": "3.50",
            "price": "3.50",
            "pricePerLitre": 7.0,
            "bestPricePerLitre": 7.0
        },
        "store": {
            "id": "5e76c0e5ec28665ada001509",
            "name": "Ranui"
        },
        "timestamp": "2021-08-16T17:52:55.805832"
    },
    {
        "productData": {
            "name": "V Energy Drink Skills Cans 275ml 4 Pack",
            "productId": "v-energy-drink-skills-cans-275ml-4-pack",
            "productShopPage": "https://ranui.store.freshchoice.co.nz/lines/v-energy-drink-skills-cans-275ml-4-pack",
            "productImageURL": "https://dtgxwmigmg3gc.cloudfront.net/imagery/assets/derivations/icon/512/512/true/eyJpZCI6ImZhMzA2N2NiM2YxMmVkM2ZhZjhhYmM4OGE1YTJhNzczIiwic3RvcmFnZSI6InB1YmxpY19zdG9yZSJ9?signature=34fcde8f5a021036c475a1dfff6748625e0747bb134ec737312b15bbe8e883eb",
            "productDescription": ""
        },
        "priceData": {
            "bestPrice": "7.10",
            "price": "7.10",
            "pricePerLitre": 8.5,
            "bestPricePerLitre": 8.5
        },
        "store": {
            "id": "5e76c0e5ec28665ada001509",
            "name": "Ranui"
        },
        "timestamp": "2021-08-16T17:52:56.936620"
    },
    {
        "productData": {
            "name": "V Blue Energy Drink Bottle 500ml",
            "productId": "v-blue-energy-drink-bottle-500ml",
            "productShopPage": "https://ranui.store.freshchoice.co.nz/lines/v-blue-energy-drink-bottle-500ml",
            "productImageURL": "https://dtgxwmigmg3gc.cloudfront.net/imagery/assets/derivations/icon/512/512/true/eyJpZCI6IjgyYWYxYWY4MGI4MzUxODhiYmVhZGVhM2U2NzY0MzI5Iiwic3RvcmFnZSI6InB1YmxpY19zdG9yZSJ9?signature=7e70fc576864a528a1431734d680cbf177a11b419a692dbfd34800c31b8944ec",
            "productDescription": ""
        },
        "priceData": {
            "bestPrice": "2.50",
            "price": "2.50",
            "pricePerLitre": 7.6,
            "bestPricePerLitre": 7.6
        },
        "store": {
            "id": "5e76c0e5ec28665ada001509",
            "name": "Ranui"
        },
        "timestamp": "2021-08-16T17:53:01.053963"
    },
    {
        "productData": {
            "name": "V Blue Sugarfree Energy Drink 500ml",
            "productId": "v-blue-sugarfree-energy-drink-500ml",
            "productShopPage": "https://ranui.store.freshchoice.co.nz/lines/v-blue-sugarfree-energy-drink-500ml",
            "productImageURL": "https://dtgxwmigmg3gc.cloudfront.net/imagery/assets/derivations/icon/512/512/true/eyJpZCI6ImVmYjQyOWRmM2JjZjc3NTY1ZDIwMTEyNTY0MDdmZjA1Iiwic3RvcmFnZSI6InB1YmxpY19zdG9yZSJ9?signature=2911d59474d8305039a3be3bef0f887c38d9ab84596314b13cc4b150101175ab",
            "productDescription": ""
        },
        "priceData": {
            "bestPrice": "3.50",
            "price": "3.50",
            "pricePerLitre": 7.0,
            "bestPricePerLitre": 7.0
        },
        "store": {
            "id": "5e76c0e5ec28665ada001509",
            "name": "Ranui"
        },
        "timestamp": "2021-08-16T17:53:02.022772"
    },
    {
        "productData": {
            "name": "V Raspberry Lemonade Energy Drink 500ml",
            "productId": "v-energy-drink-raspberry-lemonade-500ml-can",
            "productShopPage": "https://ranui.store.freshchoice.co.nz/lines/v-energy-drink-raspberry-lemonade-500ml-can",
            "productImageURL": "https://dtgxwmigmg3gc.cloudfront.net/imagery/assets/derivations/icon/512/512/true/eyJpZCI6ImE3N2Y5NzBmY2FhOWZhYmZiOTc3MmYyMzE4MGRiOTcxIiwic3RvcmFnZSI6InB1YmxpY19zdG9yZSJ9?signature=2bb7890fe6d7b0c0c6a522be31c78077be0aa570ca4c8aa5549ccf80761262dc",
            "productDescription": ""
        },
        "priceData": {
            "bestPrice": "3.50",
            "price": "3.50",
            "pricePerLitre": 7.0,
            "bestPricePerLitre": 7.0
        },
        "store": {
            "id": "5e76c0e5ec28665ada001509",
            "name": "Ranui"
        },
        "timestamp": "2021-08-16T17:53:03.385756"
    },
    {
        "productData": {
            "name": "V Blue Energy Drink 275ml Cans 4 Pack",
            "productId": "v-blue-energy-drink-275ml-cans-4-pack",
            "productShopPage": "https://ranui.store.freshchoice.co.nz/lines/v-blue-energy-drink-275ml-cans-4-pack",
            "productImageURL": "https://dtgxwmigmg3gc.cloudfront.net/imagery/assets/derivations/icon/512/512/true/eyJpZCI6IjcxMTc0MzEzN2QzNTUzODQwMmUyODZjMDJkNTM3OTk3Iiwic3RvcmFnZSI6InB1YmxpY19zdG9yZSJ9?signature=5697ef2f72e1e995472b76c19c7c6201b3deb266e060743ac9ae1219dbf2226c",
            "productDescription": ""
        },
        "priceData": {
            "bestPrice": "7.10",
            "price": "7.10",
            "pricePerLitre": 8.5,
            "bestPricePerLitre": 8.5
        },
        "store": {
            "id": "5e76c0e5ec28665ada001509",
            "name": "Ranui"
        },
        "timestamp": "2021-08-16T17:53:05.833191"
    },
    {
        "productData": {
            "name": "V Blue Energy Drink Blue Guarana Can 250ml",
            "productId": "v-blue-energy-drink-blue-guarana-can-250ml",
            "productShopPage": "https://ranui.store.freshchoice.co.nz/lines/v-blue-energy-drink-blue-guarana-can-250ml",
            "productImageURL": "https://dtgxwmigmg3gc.cloudfront.net/imagery/assets/derivations/icon/512/512/true/eyJpZCI6IjBmZjQwNDEyZWQ2ZDk4YTg3YWQ2ZDUyMWZlNjM1YzJkIiwic3RvcmFnZSI6InB1YmxpY19zdG9yZSJ9?signature=8f745abe5614ec47b3d7a07f1a34ba529184a87b2a696211ba5a0f9f29c86bf0",
            "productDescription": ""
        },
        "priceData": {
            "bestPrice": "2.20",
            "price": "2.20",
            "pricePerLitre": 8.8,
            "bestPricePerLitre": 8.8
        },
        "store": {
            "id": "5e76c0e5ec28665ada001509",
            "name": "Ranui"
        },
        "timestamp": "2021-08-16T17:53:10.215539"
    },
    {
        "productData": {
            "name": "V Blue Energy Drink Blue Guarana Can 500ml",
            "productId": "v-blue-energy-drink-blue-guarana-can-500ml",
            "productShopPage": "https://ranui.store.freshchoice.co.nz/lines/v-blue-energy-drink-blue-guarana-can-500ml",
            "productImageURL": "https://dtgxwmigmg3gc.cloudfront.net/imagery/assets/derivations/icon/512/512/true/eyJpZCI6ImFmYjEyYjVjYTU2YWI5ZDJhMTVmNGY2MDg2NWFlNzgxIiwic3RvcmFnZSI6InB1YmxpY19zdG9yZSJ9?signature=b537a8cc5a2c0f90f1702b2c541db44c3a740a0ec4a96e92ab2d6537f9320e8d",
            "productDescription": ""
        },
        "priceData": {
            "bestPrice": "3.50",
            "price": "3.50",
            "pricePerLitre": 7.0,
            "bestPricePerLitre": 7.0
        },
        "store": {
            "id": "5e76c0e5ec28665ada001509",
            "name": "Ranui"
        },
        "timestamp": "2021-08-16T17:53:11.356949"
    },
    {
        "productData": {
            "name": "V Iced Coffee Guarana Energy 500ml",
            "productId": "v-iced-coffee-guarana-energy-500ml",
            "productShopPage": "https://ranui.store.freshchoice.co.nz/lines/v-iced-coffee-guarana-energy-500ml",
            "productImageURL": "https://dtgxwmigmg3gc.cloudfront.net/imagery/assets/derivations/icon/512/512/true/eyJpZCI6ImM0Zjc4YjRmYWVjMjk0NTJkZTNkYzZjNmY5MzBlMjU2Iiwic3RvcmFnZSI6InB1YmxpY19zdG9yZSJ9?signature=14312b2813aab9c1ad551700ec97cd58a3a7f95bef4d0bd7ae7aa2dcf8fcdc9d",
            "productDescription": ""
        },
        "priceData": {
            "bestPrice": "3.50",
            "price": "3.50"
        },
        "store": {
            "id": "5e76c0e5ec28665ada001509",
            "name": "Ranui"
        },
        "timestamp": "2021-08-16T17:53:12.478102"
    },
    {
        "productData": {
            "name": "V Iced Mocha Guarana Energy 500ml",
            "productId": "v-iced-mocha-guarana-energy-500ml",
            "productShopPage": "https://ranui.store.freshchoice.co.nz/lines/v-iced-mocha-guarana-energy-500ml",
            "productImageURL": "https://dtgxwmigmg3gc.cloudfront.net/imagery/assets/derivations/icon/512/512/true/eyJpZCI6ImNiMDRkODVlZmQ2YjhiZGMxMWU4Zjk5OGEwOTczODg1Iiwic3RvcmFnZSI6InB1YmxpY19zdG9yZSJ9?signature=3e63d4ec34ef65794a07ea00749a785cb88ce90997e6e7d12629c3c0f205de6d",
            "productDescription": ""
        },
        "priceData": {
            "bestPrice": "3.50",
            "price": "3.50"
        },
        "store": {
            "id": "5e76c0e5ec28665ada001509",
            "name": "Ranui"
        },
        "timestamp": "2021-08-16T17:53:13.519907"
    },
    {
        "productData": {
            "name": "V Energy Drink Sugar Free Guarana 275ml 4 Pack",
            "productId": "v-energy-drink-sugar-free-guarana-275ml-4-pack",
            "productShopPage": "https://ranui.store.freshchoice.co.nz/lines/v-energy-drink-sugar-free-guarana-275ml-4-pack",
            "productImageURL": "https://dtgxwmigmg3gc.cloudfront.net/imagery/assets/derivations/icon/512/512/true/eyJpZCI6IjdiYzk4MzAyN2RlNTU0MjQ4NDZkZTEzOTYzMDhmZWY0Iiwic3RvcmFnZSI6InB1YmxpY19zdG9yZSJ9?signature=6fe2c0378a010de1a1a8a9b1ea9c06d97cf3e6fef4a86c66b9cdd5f4bab7bcd6",
            "productDescription": ""
        },
        "priceData": {
            "bestPrice": "7.10",
            "price": "7.10",
            "pricePerLitre": 8.5,
            "bestPricePerLitre": 8.5
        },
        "store": {
            "id": "5e76c0e5ec28665ada001509",
            "name": "Ranui"
        },
        "timestamp": "2021-08-16T17:53:16.789876"
    },
    {
        "productData": {
            "name": "V Energy Drink Sugar Free Guarana Bottle 350ml",
            "productId": "v-energy-drink-sugar-free-guarana-bottle-350ml",
            "productShopPage": "https://ranui.store.freshchoice.co.nz/lines/v-energy-drink-sugar-free-guarana-bottle-350ml",
            "productImageURL": "https://dtgxwmigmg3gc.cloudfront.net/imagery/assets/derivations/icon/512/512/true/eyJpZCI6IjQzYmZlOTg1YzY2ZGQ0ZDI1YzUyZDk3MGJhMmJhMGM3Iiwic3RvcmFnZSI6InB1YmxpY19zdG9yZSJ9?signature=7a4bb3eb2264f52495ae9ba8fbf21b5a3e59e12c0d6208cfa1591261da333f55",
            "productDescription": ""
        },
        "priceData": {
            "bestPrice": "3.50",
            "price": "3.50",
            "pricePerLitre": 10.0,
            "bestPricePerLitre": 10.0
        },
        "store": {
            "id": "5e76c0e5ec28665ada001509",
            "name": "Ranui"
        },
        "timestamp": "2021-08-16T17:53:17.876822"
    },
    {
        "productData": {
            "name": "V Green Energy Drink 355ml 6 Pack",
            "productId": "v-green-energy-drink-355ml-6-pack",
            "productShopPage": "https://ranui.store.freshchoice.co.nz/lines/v-green-energy-drink-355ml-6-pack",
            "productImageURL": "https://dtgxwmigmg3gc.cloudfront.net/imagery/assets/derivations/icon/512/512/true/eyJpZCI6ImRiOTAxYjhjNGE3NzQyNTEyYTljM2M5YTI2ZmQ5MTE5Iiwic3RvcmFnZSI6InB1YmxpY19zdG9yZSJ9?signature=12de0554d72324a76472d930a39c587a4837a2f051666f744164725a96b2f104",
            "productDescription": ""
        },
        "priceData": {
            "bestPrice": "11.00",
            "price": "11.00",
            "pricePerLitre": 7.7,
            "bestPricePerLitre": 7.7
        },
        "store": {
            "id": "5e76c0e5ec28665ada001509",
            "name": "Ranui"
        },
        "timestamp": "2021-08-16T17:53:23.390562"
    },
    {
        "productData": {
            "name": "Monster Super Fuel Purple Passion 550ml",
            "productId": "monster-super-fuel-purple-passion-550ml",
            "productShopPage": "https://ranui.store.freshchoice.co.nz/lines/monster-super-fuel-purple-passion-550ml",
            "productImageURL": "https://dtgxwmigmg3gc.cloudfront.net/imagery/assets/derivations/icon/512/512/true/eyJpZCI6IjNkMTY1OTQwMzgyOTZjZjVlMjNlNjBjMDQ3NTE1YWM0Iiwic3RvcmFnZSI6InB1YmxpY19zdG9yZSJ9?signature=4d4ccd77dab941d955a8037242a41833afdc7251d3bd5b5c4b99705770273998",
            "productDescription": ""
        },
        "priceData": {
            "bestPrice": "3.50",
            "price": "3.50",
            "pricePerLitre": 7.3,
            "bestPricePerLitre": 7.3
        },
        "store": {
            "id": "5e76c0e5ec28665ada001509",
            "name": "Ranui"
        },
        "timestamp": "2021-08-16T17:53:33.465783"
    },
    {
        "productData": {
            "name": "Monster Energy Pipeline Punch 500ml",
            "productId": "monster-energy-pipeline-punch-500ml",
            "productShopPage": "https://ranui.store.freshchoice.co.nz/lines/monster-energy-pipeline-punch-500ml",
            "productImageURL": "https://dtgxwmigmg3gc.cloudfront.net/imagery/assets/derivations/icon/512/512/true/eyJpZCI6IjM3ZWY2OTY5OWFlNTJlZTRjNTY1ZmFmYWIwOTIxMjg4Iiwic3RvcmFnZSI6InB1YmxpY19zdG9yZSJ9?signature=79ed6699c35bd716a9d5d9457c39ce62c523edaa4059b6b45d4dcc7caf65cef9",
            "productDescription": ""
        },
        "priceData": {
            "bestPrice": "2.50",
            "price": "2.50",
            "pricePerLitre": 6.0,
            "bestPricePerLitre": 6.0
        },
        "store": {
            "id": "5e76c0e5ec28665ada001509",
            "name": "Ranui"
        },
        "timestamp": "2021-08-16T17:53:34.709628"
    },
    {
        "productData": {
            "name": "Live Plus Energy Drink Citrus Flavour 500ml",
            "productId": "live-plus-persist-500ml",
            "productShopPage": "https://ranui.store.freshchoice.co.nz/lines/live-plus-persist-500ml",
            "productImageURL": "https://dtgxwmigmg3gc.cloudfront.net/imagery/assets/derivations/icon/512/512/true/eyJpZCI6IjFlNWQ5YzI4OWM1N2UzNmYzZmI2NThlMDQzZTI3ZjE4Iiwic3RvcmFnZSI6InB1YmxpY19zdG9yZSJ9?signature=756b17fefe47174b90e7dbec8cd09db27f9f59f4994bc750b71256ae93ba9fa8",
            "productDescription": ""
        },
        "priceData": {
            "bestPrice": "2.00",
            "price": "2.00",
            "pricePerLitre": 4.0,
            "bestPricePerLitre": 4.0
        },
        "store": {
            "id": "5e76c0e5ec28665ada001509",
            "name": "Ranui"
        },
        "timestamp": "2021-08-16T17:53:35.900864"
    },
    {
        "productData": {
            "name": "Live Plus Energy Drink Tart Apple Apple Flavour 500ml",
            "productId": "live-plus-ignite-500ml",
            "productShopPage": "https://ranui.store.freshchoice.co.nz/lines/live-plus-ignite-500ml",
            "productImageURL": "https://dtgxwmigmg3gc.cloudfront.net/imagery/assets/derivations/icon/512/512/true/eyJpZCI6IjViOGViZjhmZTQzYjFlYTMzNDM5YjJjMjg3ZDRmY2YyIiwic3RvcmFnZSI6InB1YmxpY19zdG9yZSJ9?signature=140ae19352cd0dcec7e77f90fa4dfaa9fa17086439f730510afc5d906e1415bf",
            "productDescription": ""
        },
        "priceData": {
            "bestPrice": "2.00",
            "price": "2.00",
            "pricePerLitre": 4.0,
            "bestPricePerLitre": 4.0
        },
        "store": {
            "id": "5e76c0e5ec28665ada001509",
            "name": "Ranui"
        },
        "timestamp": "2021-08-16T17:53:37.274731"
    },
    {
        "productData": {
            "name": "Live Plus Energy Drink Original Citrus Flavour 6x250ml",
            "productId": "live-plus-persist-250ml-6pack",
            "productShopPage": "https://ranui.store.freshchoice.co.nz/lines/live-plus-persist-250ml-6pack",
            "productImageURL": "https://dtgxwmigmg3gc.cloudfront.net/imagery/assets/derivations/icon/512/512/true/eyJpZCI6IjNmODNiNGI4MzI4MzJmNzhjZmJhNDA1OGUyZWFlM2ZhIiwic3RvcmFnZSI6InB1YmxpY19zdG9yZSJ9?signature=0257f943d0c41562773e51cbd42327ad911228832e33494e9c30381e20305337",
            "productDescription": ""
        },
        "priceData": {
            "bestPrice": "7.70",
            "price": "7.70",
            "pricePerLitre": 5.1,
            "bestPricePerLitre": 5.1
        },
        "store": {
            "id": "5e76c0e5ec28665ada001509",
            "name": "Ranui"
        },
        "timestamp": "2021-08-16T17:53:41.620129"
    },
    {
        "productData": {
            "name": "Live Plus Live+ Ignite Energy Drink 6 x 250ml Cans",
            "productId": "live-plus-live-ignite-energy-drink-6x250ml-cans",
            "productShopPage": "https://ranui.store.freshchoice.co.nz/lines/live-plus-live-ignite-energy-drink-6x250ml-cans",
            "productImageURL": "https://dtgxwmigmg3gc.cloudfront.net/imagery/assets/derivations/icon/512/512/true/eyJpZCI6Ijk5ZTU3ZDdlN2RjYzc0ZmZlOWY0NGQxMDdkYTI5ZDI5Iiwic3RvcmFnZSI6InB1YmxpY19zdG9yZSJ9?signature=16b8b1fb6c1dbc73b4d1f0110b7542a3259cd273e9b6adea8e6570f5158d8342",
            "productDescription": ""
        },
        "priceData": {
            "bestPrice": "7.70",
            "price": "7.70",
            "pricePerLitre": 5.1,
            "bestPricePerLitre": 5.1
        },
        "store": {
            "id": "5e76c0e5ec28665ada001509",
            "name": "Ranui"
        },
        "timestamp": "2021-08-16T17:53:43.865540"
    },
    {
        "productData": {
            "name": "Rockstar Original Energy Drink 500ml",
            "productId": "rockstar-original-energy-drink-500ml",
            "productShopPage": "https://ranui.store.freshchoice.co.nz/lines/rockstar-original-energy-drink-500ml",
            "productImageURL": "https://dtgxwmigmg3gc.cloudfront.net/imagery/assets/derivations/icon/512/512/true/eyJpZCI6IjA1ZmRmMjE1MTQ0Zjk0YjgzMDFlNzEyMjQ5OWMzZjNjIiwic3RvcmFnZSI6InB1YmxpY19zdG9yZSJ9?signature=d3b539814d47e6a54c00fa8c8b73164ccb677a65cf673f3532132f7f04c657f5",
            "productDescription": ""
        },
        "priceData": {
            "bestPrice": "2.00",
            "price": "2.00",
            "pricePerLitre": 4.0,
            "bestPricePerLitre": 4.0
        },
        "store": {
            "id": "5e76c0e5ec28665ada001509",
            "name": "Ranui"
        },
        "timestamp": "2021-08-16T17:53:44.870435"
    },
    {
        "productData": {
            "name": "Rockstar Punched Energy Guava 500ml",
            "productId": "rockstar-punched-energy-guava-500ml",
            "productShopPage": "https://ranui.store.freshchoice.co.nz/lines/rockstar-punched-energy-guava-500ml",
            "productImageURL": "https://dtgxwmigmg3gc.cloudfront.net/imagery/assets/derivations/icon/512/512/true/eyJpZCI6IjBmNGEyNjU2MGQwM2Y4OGI4MWE3ZTMyODUzYTRlN2QyIiwic3RvcmFnZSI6InB1YmxpY19zdG9yZSJ9?signature=fab45ac774e74d87cf7a79de075f47290676fd6d4afcf212198c745670d5ce29",
            "productDescription": ""
        },
        "priceData": {
            "bestPrice": "2.00",
            "price": "2.00",
            "pricePerLitre": 4.0,
            "bestPricePerLitre": 4.0
        },
        "store": {
            "id": "5e76c0e5ec28665ada001509",
            "name": "Ranui"
        },
        "timestamp": "2021-08-16T17:53:46.105848"
    },
    {
        "productData": {
            "name": "Rockstar Energy Drink Blueberry Can 500ml",
            "productId": "rockstar-energy-drink-xdurance-blueberry-can-500ml",
            "productShopPage": "https://ranui.store.freshchoice.co.nz/lines/rockstar-energy-drink-xdurance-blueberry-can-500ml",
            "productImageURL": "https://dtgxwmigmg3gc.cloudfront.net/imagery/assets/derivations/icon/512/512/true/eyJpZCI6IjY1MTQ4NjBlZDIwNjhlNzI5ZmRhZGMxOTM0ODQyYWU3Iiwic3RvcmFnZSI6InB1YmxpY19zdG9yZSJ9?signature=1eec52fc35535ecd0973dd7428b24690138b0ff6988229d86ccc26bfb1bbfd24",
            "productDescription": ""
        },
        "priceData": {
            "bestPrice": "2.00",
            "price": "2.00",
            "pricePerLitre": 4.0,
            "bestPricePerLitre": 4.0
        },
        "store": {
            "id": "5e76c0e5ec28665ada001509",
            "name": "Ranui"
        },
        "timestamp": "2021-08-16T17:53:48.034127"
    },
    {
        "productData": {
            "name": "Mother Kicked Apple 500ml",
            "productId": "mother-kicked-apple-500ml",
            "productShopPage": "https://teawamutu.store.freshchoice.co.nz/lines/mother-kicked-apple-500ml",
            "productImageURL": "https://dtgxwmigmg3gc.cloudfront.net/imagery/assets/derivations/icon/512/512/true/eyJpZCI6IjNhZTlkYjkwYTM4MDFjMGEwYjUwYThhMDAwYjkyZjM0Iiwic3RvcmFnZSI6InB1YmxpY19zdG9yZSJ9?signature=c1a1db0a5d7b074c388cf08560fd44a4a2b6127821554198e54eeea8474325f6",
            "productDescription": ""
        },
        "priceData": {
            "bestPrice": "2.00",
            "price": "2.00",
            "pricePerLitre": 4.0,
            "bestPricePerLitre": 4.0
        },
        "store": {
            "id": "5e75a5ab60b75a3dea037da2",
            "name": "Te Awamutu"
        },
        "timestamp": "2021-08-16T17:53:49.162875"
    },
    {
        "productData": {
            "name": "Monster Energy Import 550ml",
            "productId": "monster-energy-import-550ml",
            "productShopPage": "https://teawamutu.store.freshchoice.co.nz/lines/monster-energy-import-550ml",
            "productImageURL": "https://dtgxwmigmg3gc.cloudfront.net/imagery/assets/derivations/icon/512/512/true/eyJpZCI6IjExYzliZTgxY2M3MTNjMDQzM2NmZGQ2ZWE1NjI3MTA0Iiwic3RvcmFnZSI6InB1YmxpY19zdG9yZSJ9?signature=e09322a0a00112a858095e689d2e825f79d154fd3e8577005948dde9d51afb47",
            "productDescription": ""
        },
        "priceData": {
            "bestPrice": "3.39",
            "price": "3.39"
        },
        "store": {
            "id": "5e75a5ab60b75a3dea037da2",
            "name": "Te Awamutu"
        },
        "timestamp": "2021-08-16T17:53:53.131733"
    },
    {
        "productData": {
            "name": "Monster Energy Ultra Paradise 500ml",
            "productId": "monster-energy-drink-ultra-paradise-500ml",
            "productShopPage": "https://teawamutu.store.freshchoice.co.nz/lines/monster-energy-drink-ultra-paradise-500ml",
            "productImageURL": "https://dtgxwmigmg3gc.cloudfront.net/imagery/assets/derivations/icon/512/512/true/eyJpZCI6ImZiZDRkZTQxNzA0M2FiYTUyMjMwZWI0NTcyZGNmYTE1Iiwic3RvcmFnZSI6InB1YmxpY19zdG9yZSJ9?signature=8a439bf26b71114289dfea1720ed331b1e4784c534deade29db8ac38b1cc7c1a",
            "productDescription": ""
        },
        "priceData": {
            "bestPrice": "2.50",
            "price": "2.50",
            "pricePerLitre": 6.0,
            "bestPricePerLitre": 6.0
        },
        "store": {
            "id": "5e75a5ab60b75a3dea037da2",
            "name": "Te Awamutu"
        },
        "timestamp": "2021-08-16T17:53:54.194913"
    },
    {
        "productData": {
            "name": "Monster Energy Ultra Zero 500ml",
            "productId": "monster-energy-ultra-zero-500ml",
            "productShopPage": "https://teawamutu.store.freshchoice.co.nz/lines/monster-energy-ultra-zero-500ml",
            "productImageURL": "https://dtgxwmigmg3gc.cloudfront.net/imagery/assets/derivations/icon/512/512/true/eyJpZCI6IjdhN2FhYTUwZWU2NTYwYjBiNGY1NThhMTgwNmVlODI3Iiwic3RvcmFnZSI6InB1YmxpY19zdG9yZSJ9?signature=7907c49ba7d043175a426f84a71776de7dd51fa5c249237063aca9cb098abdbe",
            "productDescription": ""
        },
        "priceData": {
            "bestPrice": "2.50",
            "price": "2.50",
            "pricePerLitre": 6.0,
            "bestPricePerLitre": 6.0
        },
        "store": {
            "id": "5e75a5ab60b75a3dea037da2",
            "name": "Te Awamutu"
        },
        "timestamp": "2021-08-16T17:53:56.492514"
    },
    {
        "productData": {
            "name": "Monster Energy Green 500ml",
            "productId": "monster-energy-green-500ml",
            "productShopPage": "https://teawamutu.store.freshchoice.co.nz/lines/monster-energy-green-500ml",
            "productImageURL": "https://dtgxwmigmg3gc.cloudfront.net/imagery/assets/derivations/icon/512/512/true/eyJpZCI6ImU3ZjNiNjJiNzI4Y2M0MTIxMjhiNjQ2ZmQ2OTQzMGEzIiwic3RvcmFnZSI6InB1YmxpY19zdG9yZSJ9?signature=637eac56411f57a79f345ea693f1418330d5742c3a04caddb460696dba06da06",
            "productDescription": ""
        },
        "priceData": {
            "bestPrice": "2.50",
            "price": "2.50",
            "pricePerLitre": 6.0,
            "bestPricePerLitre": 6.0
        },
        "store": {
            "id": "5e75a5ab60b75a3dea037da2",
            "name": "Te Awamutu"
        },
        "timestamp": "2021-08-16T17:53:57.506862"
    },
    {
        "productData": {
            "name": "Monster Energy Drink Ultra Rosa 500ml",
            "productId": "monster-energy-drink-ultra-rosa-500ml",
            "productShopPage": "https://teawamutu.store.freshchoice.co.nz/lines/monster-energy-drink-ultra-rosa-500ml",
            "productImageURL": "https://dtgxwmigmg3gc.cloudfront.net/imagery/assets/derivations/icon/512/512/true/eyJpZCI6IjZjYzFjMzcwYzM4Mzk4N2MyOTUzNWIyMTFjZTJlYjgxIiwic3RvcmFnZSI6InB1YmxpY19zdG9yZSJ9?signature=9cd08284785f9b24647ecc7d1dc08214d9d00318cc809bebdef1921d6b78bb95",
            "productDescription": ""
        },
        "priceData": {
            "bestPrice": "2.50",
            "price": "2.50",
            "pricePerLitre": 6.0,
            "bestPricePerLitre": 6.0
        },
        "store": {
            "id": "5e75a5ab60b75a3dea037da2",
            "name": "Te Awamutu"
        },
        "timestamp": "2021-08-16T17:53:58.512316"
    },
    {
        "productData": {
            "name": "Mother Energy Drink Berry 500ml",
            "productId": "mother-energy-drink-berry-500ml",
            "productShopPage": "https://teawamutu.store.freshchoice.co.nz/lines/mother-energy-drink-berry-500ml",
            "productImageURL": "https://dtgxwmigmg3gc.cloudfront.net/imagery/assets/derivations/icon/512/512/true/eyJpZCI6ImRhYTJlNjUzNzRjZjViNjI0ZDljNzUzNDA3YmE0ZDFkIiwic3RvcmFnZSI6InB1YmxpY19zdG9yZSJ9?signature=d9ffb465d71d599811c2ff7a788845bfe297eb3624ad7866a89cf0b3ece073f0",
            "productDescription": ""
        },
        "priceData": {
            "bestPrice": "2.00",
            "price": "2.00",
            "pricePerLitre": 4.0,
            "bestPricePerLitre": 4.0
        },
        "store": {
            "id": "5e75a5ab60b75a3dea037da2",
            "name": "Te Awamutu"
        },
        "timestamp": "2021-08-16T17:54:25.748333"
    },
    {
        "productData": {
            "name": "Mother Energy Drink Black 500ml",
            "productId": "mother-energy-drink-black-500ml",
            "productShopPage": "https://teawamutu.store.freshchoice.co.nz/lines/mother-energy-drink-black-500ml",
            "productImageURL": "https://dtgxwmigmg3gc.cloudfront.net/imagery/assets/derivations/icon/512/512/true/eyJpZCI6ImYyMzA5MjhkYjg3ODFhYmYzZDU3ZjE1YjNmYzU2MWFjIiwic3RvcmFnZSI6InB1YmxpY19zdG9yZSJ9?signature=d3dbddb83d3d457075cd5d8936bef0c5b48fce4fa3fe725995d8b6d57219ceb5",
            "productDescription": ""
        },
        "priceData": {
            "bestPrice": "2.00",
            "price": "2.00",
            "pricePerLitre": 4.0,
            "bestPricePerLitre": 4.0
        },
        "store": {
            "id": "5e75a5ab60b75a3dea037da2",
            "name": "Te Awamutu"
        },
        "timestamp": "2021-08-16T17:54:29.368552"
    },
    {
        "productData": {
            "name": "Mother Energy Drink Cans 6x250ml",
            "productId": "mother-energy-drink-6x250ml-cans",
            "productShopPage": "https://teawamutu.store.freshchoice.co.nz/lines/mother-energy-drink-6x250ml-cans",
            "productImageURL": "https://dtgxwmigmg3gc.cloudfront.net/imagery/assets/derivations/icon/512/512/true/eyJpZCI6IjEyOGFhMmU0Y2VkYTU4ZWFkZmVhOWUwZjdlNTZhOTA4Iiwic3RvcmFnZSI6InB1YmxpY19zdG9yZSJ9?signature=5db1908f64527cf28fa7bf3266a83ab854a07ca50453511f7d414d8e6d5c10fb",
            "productDescription": ""
        },
        "priceData": {
            "bestPrice": "7.70",
            "price": "7.70",
            "pricePerLitre": 5.1,
            "bestPricePerLitre": 5.1
        },
        "store": {
            "id": "5e75a5ab60b75a3dea037da2",
            "name": "Te Awamutu"
        },
        "timestamp": "2021-08-16T17:54:30.513939"
    },
    {
        "productData": {
            "name": "Mother Energy Drink Passion 500ml",
            "productId": "mother-energy-drink-passion-500ml",
            "productShopPage": "https://teawamutu.store.freshchoice.co.nz/lines/mother-energy-drink-passion-500ml",
            "productImageURL": "https://dtgxwmigmg3gc.cloudfront.net/imagery/assets/derivations/icon/512/512/true/eyJpZCI6ImQwODE2YTc4ZjBmNGU4NTU5Mzg1YjkxZmI5YjIzZjM0Iiwic3RvcmFnZSI6InB1YmxpY19zdG9yZSJ9?signature=713c495fef96a6427b917f0c7c7e855a963749ac5c1bf7dfd71e24ae08ea3123",
            "productDescription": ""
        },
        "priceData": {
            "bestPrice": "2.00",
            "price": "2.00",
            "pricePerLitre": 4.0,
            "bestPricePerLitre": 4.0
        },
        "store": {
            "id": "5e75a5ab60b75a3dea037da2",
            "name": "Te Awamutu"
        },
        "timestamp": "2021-08-16T17:54:33.622870"
    },
    {
        "productData": {
            "name": "Mother Tropical Blast 500ml",
            "productId": "mother-tropical-blast-500ml",
            "productShopPage": "https://teawamutu.store.freshchoice.co.nz/lines/mother-tropical-blast-500ml",
            "productImageURL": "https://dtgxwmigmg3gc.cloudfront.net/imagery/assets/derivations/icon/512/512/true/eyJpZCI6ImEyZmM1OTUwNDhlODM5YTRhMjQ2MTI1OGEyYzNlZWZhIiwic3RvcmFnZSI6InB1YmxpY19zdG9yZSJ9?signature=6c9470ee4067e8ec32b58eeac9d628404d3986058a9b1cdef46014d1bee50944",
            "productDescription": ""
        },
        "priceData": {
            "bestPrice": "2.00",
            "price": "2.00",
            "pricePerLitre": 4.0,
            "bestPricePerLitre": 4.0
        },
        "store": {
            "id": "5e75a5ab60b75a3dea037da2",
            "name": "Te Awamutu"
        },
        "timestamp": "2021-08-16T17:54:34.666785"
    },
    {
        "productData": {
            "name": "Mother Can Energy 250ml",
            "productId": "mother-can-energy-250ml",
            "productShopPage": "https://teawamutu.store.freshchoice.co.nz/lines/mother-can-energy-250ml",
            "productImageURL": "https://dtgxwmigmg3gc.cloudfront.net/imagery/assets/derivations/icon/512/512/true/eyJpZCI6IjVhOTg3YmMxMjJjMGU2MTcxY2VhNzRjMmY0YzdmNDc2Iiwic3RvcmFnZSI6InB1YmxpY19zdG9yZSJ9?signature=b86ce206a3fb5a708e03da17f785e4d2d6e9436aae122f10ca04f56e5325a61f",
            "productDescription": ""
        },
        "priceData": {
            "bestPrice": "2.86",
            "price": "2.86",
            "pricePerLitre": 5.699999999999999,
            "bestPricePerLitre": 5.699999999999999
        },
        "store": {
            "id": "5e75a5ab60b75a3dea037da2",
            "name": "Te Awamutu"
        },
        "timestamp": "2021-08-16T17:54:35.686571"
    },
    {
        "productData": {
            "name": "Mother Epic Swell Energy Drink Twisted Apple 500ml",
            "productId": "mother-epic-swell-energy-drink-twisted-apple-500ml",
            "productShopPage": "https://teawamutu.store.freshchoice.co.nz/lines/mother-epic-swell-energy-drink-twisted-apple-500ml",
            "productImageURL": "https://dtgxwmigmg3gc.cloudfront.net/imagery/assets/derivations/icon/512/512/true/eyJpZCI6ImE2ZjYxOGNhNjUyYzMxNzRhNjg2MDBhMGVjZmQ3MmJkIiwic3RvcmFnZSI6InB1YmxpY19zdG9yZSJ9?signature=954f74f8aba0fb24cb2a5248b1e93fe8a62fb8c7f902abbb08b7aed24bc44c80",
            "productDescription": ""
        },
        "priceData": {
            "bestPrice": "2.00",
            "price": "2.00",
            "pricePerLitre": 4.0,
            "bestPricePerLitre": 4.0
        },
        "store": {
            "id": "5e75a5ab60b75a3dea037da2",
            "name": "Te Awamutu"
        },
        "timestamp": "2021-08-16T17:54:37.002340"
    },
    {
        "productData": {
            "name": "V Energy Drink 710ml Can",
            "productId": "v-energy-drink-710ml-can",
            "productShopPage": "https://teawamutu.store.freshchoice.co.nz/lines/v-energy-drink-710ml-can",
            "productImageURL": "https://dtgxwmigmg3gc.cloudfront.net/imagery/assets/derivations/icon/512/512/true/eyJpZCI6ImU1Mjg5NDIyNDI0MzhlNGM0N2IxY2FmMmExOWQ0OGI0Iiwic3RvcmFnZSI6InB1YmxpY19zdG9yZSJ9?signature=875386458f8ad66eb59967a1ca6ad24a19d1592f97a894e439af7d9be1852340",
            "productDescription": ""
        },
        "priceData": {
            "bestPrice": "3.20",
            "price": "3.20",
            "pricePerLitre": 5.6000000000000005,
            "bestPricePerLitre": 5.6000000000000005
        },
        "store": {
            "id": "5e75a5ab60b75a3dea037da2",
            "name": "Te Awamutu"
        },
        "timestamp": "2021-08-16T17:54:39.122142"
    },
    {
        "productData": {
            "name": "V Energy Drink Guarana 500ml",
            "productId": "v-energy-drink-guarana-500ml",
            "productShopPage": "https://teawamutu.store.freshchoice.co.nz/lines/v-energy-drink-guarana-500ml",
            "productImageURL": "https://dtgxwmigmg3gc.cloudfront.net/imagery/assets/derivations/icon/512/512/true/eyJpZCI6IjgzZDAxMjhiMzg4NmEwZmE4YTE2ZjY2NWIzNmM2NzI2Iiwic3RvcmFnZSI6InB1YmxpY19zdG9yZSJ9?signature=f55ecc561066291a4e74a967db35ea2355f881bd1708bf400fd790032384ae4f",
            "productDescription": ""
        },
        "priceData": {
            "bestPrice": "2.50",
            "price": "2.50",
            "pricePerLitre": 7.6,
            "bestPricePerLitre": 7.6
        },
        "store": {
            "id": "5e75a5ab60b75a3dea037da2",
            "name": "Te Awamutu"
        },
        "timestamp": "2021-08-16T17:54:42.187979"
    },
    {
        "productData": {
            "name": "V Energy Drink Sugarfree 500ml",
            "productId": "v-energy-drink-sugarfree-500ml",
            "productShopPage": "https://teawamutu.store.freshchoice.co.nz/lines/v-energy-drink-sugarfree-500ml",
            "productImageURL": "https://dtgxwmigmg3gc.cloudfront.net/imagery/assets/derivations/icon/512/512/true/eyJpZCI6ImVkZTAxNTNmMDI1NmU1NDZjNWQ5MTc3MjE3ZTQ3YTQ0Iiwic3RvcmFnZSI6InB1YmxpY19zdG9yZSJ9?signature=abcf72d9faa9ee3044eaa3b7ee0bf9b4fd8f582379018d8727f2234b7d3f3c85",
            "productDescription": ""
        },
        "priceData": {
            "bestPrice": "2.50",
            "price": "2.50",
            "pricePerLitre": 7.6,
            "bestPricePerLitre": 7.6
        },
        "store": {
            "id": "5e75a5ab60b75a3dea037da2",
            "name": "Te Awamutu"
        },
        "timestamp": "2021-08-16T17:54:43.433101"
    },
    {
        "productData": {
            "name": "V Energy Drink Sugar Free Guarana 250ml",
            "productId": "v-energy-drink-sugar-free-guarana-250ml",
            "productShopPage": "https://teawamutu.store.freshchoice.co.nz/lines/v-energy-drink-sugar-free-guarana-250ml",
            "productImageURL": "https://dtgxwmigmg3gc.cloudfront.net/imagery/assets/derivations/icon/512/512/true/eyJpZCI6ImZiNzM1NmU4NTMyZDllODlkZTljZmNlOGY2MzQ5NGQwIiwic3RvcmFnZSI6InB1YmxpY19zdG9yZSJ9?signature=72b0ce0a48ca796717c115fe5e8b4564501470f63bf80ae865d26e9d131a2b8c",
            "productDescription": ""
        },
        "priceData": {
            "bestPrice": "2.20",
            "price": "2.20",
            "pricePerLitre": 8.8,
            "bestPricePerLitre": 8.8
        },
        "store": {
            "id": "5e75a5ab60b75a3dea037da2",
            "name": "Te Awamutu"
        },
        "timestamp": "2021-08-16T17:54:44.595291"
    },
    {
        "productData": {
            "name": "V Energy Drink Blue Guarana Spritzed 350ml",
            "productId": "v-blue-energy-drink-blue-guarana-spritzed-350ml",
            "productShopPage": "https://teawamutu.store.freshchoice.co.nz/lines/v-blue-energy-drink-blue-guarana-spritzed-350ml",
            "productImageURL": "https://dtgxwmigmg3gc.cloudfront.net/imagery/assets/derivations/icon/512/512/true/eyJpZCI6ImY2OTRlZGI4NjdlNWMzZDM5NzgzMDQ0ODFkMzUxZGZiIiwic3RvcmFnZSI6InB1YmxpY19zdG9yZSJ9?signature=591b3079cb9c2407a29b3bc348eaf42dc1d34daba5c9d7aba65be654725b6719",
            "productDescription": ""
        },
        "priceData": {
            "bestPrice": "3.50",
            "price": "3.50",
            "pricePerLitre": 10.0,
            "bestPricePerLitre": 10.0
        },
        "store": {
            "id": "5e75a5ab60b75a3dea037da2",
            "name": "Te Awamutu"
        },
        "timestamp": "2021-08-16T17:54:46.746917"
    },
    {
        "productData": {
            "name": "V Energy Drink Green Guarana 350ml",
            "productId": "v-energy-drink-green-guarana-350ml",
            "productShopPage": "https://teawamutu.store.freshchoice.co.nz/lines/v-energy-drink-green-guarana-350ml",
            "productImageURL": "https://dtgxwmigmg3gc.cloudfront.net/imagery/assets/derivations/icon/512/512/true/eyJpZCI6IjRiNjY4ZjYxOTQ2ODYyN2MzM2NiZWMyNGUyNmIyODk4Iiwic3RvcmFnZSI6InB1YmxpY19zdG9yZSJ9?signature=4cded9cb42349eef45a593461f311b1bb7fa881295733879671ad9fe9887d30c",
            "productDescription": ""
        },
        "priceData": {
            "bestPrice": "3.50",
            "price": "3.50",
            "pricePerLitre": 10.0,
            "bestPricePerLitre": 10.0
        },
        "store": {
            "id": "5e75a5ab60b75a3dea037da2",
            "name": "Te Awamutu"
        },
        "timestamp": "2021-08-16T17:54:47.897853"
    },
    {
        "productData": {
            "name": "V Energy Drink Guarana Can 250ml",
            "productId": "v-energy-drink-guarana-can-250ml",
            "productShopPage": "https://teawamutu.store.freshchoice.co.nz/lines/v-energy-drink-guarana-can-250ml",
            "productImageURL": "https://dtgxwmigmg3gc.cloudfront.net/imagery/assets/derivations/icon/512/512/true/eyJpZCI6Ijc3Nzk1NjE2ZDhhNmFiMThhYzEzODYzOTg2ZmNkNzgwIiwic3RvcmFnZSI6InB1YmxpY19zdG9yZSJ9?signature=f5de1854d43e19cc62bff86893d4a55615cd916f8425a4dccd170b52eba81255",
            "productDescription": ""
        },
        "priceData": {
            "bestPrice": "2.20",
            "price": "2.20",
            "pricePerLitre": 8.8,
            "bestPricePerLitre": 8.8
        },
        "store": {
            "id": "5e75a5ab60b75a3dea037da2",
            "name": "Te Awamutu"
        },
        "timestamp": "2021-08-16T17:54:49.438246"
    },
    {
        "productData": {
            "name": "V Energy Drink Guarana Can 500ml",
            "productId": "v-energy-drink-guarana-can-500ml",
            "productShopPage": "https://teawamutu.store.freshchoice.co.nz/lines/v-energy-drink-guarana-can-500ml",
            "productImageURL": "https://dtgxwmigmg3gc.cloudfront.net/imagery/assets/derivations/icon/512/512/true/eyJpZCI6ImI0NjgzNGZjNDRkMjU0MjgzYzJjZGNhMzA2NWIxYjA5Iiwic3RvcmFnZSI6InB1YmxpY19zdG9yZSJ9?signature=265e8273409849423466e7623cbbdf8352940707b8830803eec391e8f32c9c5f",
            "productDescription": ""
        },
        "priceData": {
            "bestPrice": "3.50",
            "price": "3.50",
            "pricePerLitre": 7.0,
            "bestPricePerLitre": 7.0
        },
        "store": {
            "id": "5e75a5ab60b75a3dea037da2",
            "name": "Te Awamutu"
        },
        "timestamp": "2021-08-16T17:54:50.724839"
    },
    {
        "productData": {
            "name": "V Energy Drink Sugar Free Guarana 500ml",
            "productId": "v-energy-drink-sugar-free-guarana-500ml",
            "productShopPage": "https://teawamutu.store.freshchoice.co.nz/lines/v-energy-drink-sugar-free-guarana-500ml",
            "productImageURL": "https://dtgxwmigmg3gc.cloudfront.net/imagery/assets/derivations/icon/512/512/true/eyJpZCI6Ijg4MGExMDYxOTY4NTJiYzM1ZTExMmU2MGE2OWYxNDE3Iiwic3RvcmFnZSI6InB1YmxpY19zdG9yZSJ9?signature=b0536d25b9da8158705e24c88e21fabbf85c1dabc19f18108c386e956ffd7045",
            "productDescription": ""
        },
        "priceData": {
            "bestPrice": "3.50",
            "price": "3.50",
            "pricePerLitre": 7.0,
            "bestPricePerLitre": 7.0
        },
        "store": {
            "id": "5e75a5ab60b75a3dea037da2",
            "name": "Te Awamutu"
        },
        "timestamp": "2021-08-16T17:54:53.538517"
    },
    {
        "productData": {
            "name": "V Energy Drink Skills Cans 275ml 4 Pack",
            "productId": "v-energy-drink-skills-cans-275ml-4-pack",
            "productShopPage": "https://teawamutu.store.freshchoice.co.nz/lines/v-energy-drink-skills-cans-275ml-4-pack",
            "productImageURL": "https://dtgxwmigmg3gc.cloudfront.net/imagery/assets/derivations/icon/512/512/true/eyJpZCI6ImZhMzA2N2NiM2YxMmVkM2ZhZjhhYmM4OGE1YTJhNzczIiwic3RvcmFnZSI6InB1YmxpY19zdG9yZSJ9?signature=34fcde8f5a021036c475a1dfff6748625e0747bb134ec737312b15bbe8e883eb",
            "productDescription": ""
        },
        "priceData": {
            "bestPrice": "7.10",
            "price": "7.10",
            "pricePerLitre": 8.5,
            "bestPricePerLitre": 8.5
        },
        "store": {
            "id": "5e75a5ab60b75a3dea037da2",
            "name": "Te Awamutu"
        },
        "timestamp": "2021-08-16T17:54:54.868783"
    },
    {
        "productData": {
            "name": "V Guarana Energy Drink Fridge Pack 10x200ml",
            "productId": "v-guarana-energy-drink-fridge-pack-10x200ml",
            "productShopPage": "https://teawamutu.store.freshchoice.co.nz/lines/v-guarana-energy-drink-fridge-pack-10x200ml",
            "productImageURL": "https://dtgxwmigmg3gc.cloudfront.net/imagery/assets/derivations/icon/512/512/true/eyJpZCI6IjBlMjAzZTJiY2QyZDVhYzQ2NGY2NzhmMDFkMmM3YjBhIiwic3RvcmFnZSI6InB1YmxpY19zdG9yZSJ9?signature=a3283c38928a5e2c367f0886f5948460cf671d41affa4dd3a2634f1621779d47",
            "productDescription": ""
        },
        "priceData": {
            "bestPrice": "14.00",
            "price": "14.00",
            "pricePerLitre": 7.0,
            "bestPricePerLitre": 7.0
        },
        "store": {
            "id": "5e75a5ab60b75a3dea037da2",
            "name": "Te Awamutu"
        },
        "timestamp": "2021-08-16T17:54:56.213600"
    },
    {
        "productData": {
            "name": "V Blue Energy Drink Bottle 500ml",
            "productId": "v-blue-energy-drink-bottle-500ml",
            "productShopPage": "https://teawamutu.store.freshchoice.co.nz/lines/v-blue-energy-drink-bottle-500ml",
            "productImageURL": "https://dtgxwmigmg3gc.cloudfront.net/imagery/assets/derivations/icon/512/512/true/eyJpZCI6IjgyYWYxYWY4MGI4MzUxODhiYmVhZGVhM2U2NzY0MzI5Iiwic3RvcmFnZSI6InB1YmxpY19zdG9yZSJ9?signature=7e70fc576864a528a1431734d680cbf177a11b419a692dbfd34800c31b8944ec",
            "productDescription": ""
        },
        "priceData": {
            "bestPrice": "2.50",
            "price": "2.50",
            "pricePerLitre": 7.6,
            "bestPricePerLitre": 7.6
        },
        "store": {
            "id": "5e75a5ab60b75a3dea037da2",
            "name": "Te Awamutu"
        },
        "timestamp": "2021-08-16T17:54:57.467011"
    },
    {
        "productData": {
            "name": "V Blue Sugarfree Energy Drink 500ml",
            "productId": "v-blue-sugarfree-energy-drink-500ml",
            "productShopPage": "https://teawamutu.store.freshchoice.co.nz/lines/v-blue-sugarfree-energy-drink-500ml",
            "productImageURL": "https://dtgxwmigmg3gc.cloudfront.net/imagery/assets/derivations/icon/512/512/true/eyJpZCI6ImVmYjQyOWRmM2JjZjc3NTY1ZDIwMTEyNTY0MDdmZjA1Iiwic3RvcmFnZSI6InB1YmxpY19zdG9yZSJ9?signature=2911d59474d8305039a3be3bef0f887c38d9ab84596314b13cc4b150101175ab",
            "productDescription": ""
        },
        "priceData": {
            "bestPrice": "3.50",
            "price": "3.50",
            "pricePerLitre": 7.0,
            "bestPricePerLitre": 7.0
        },
        "store": {
            "id": "5e75a5ab60b75a3dea037da2",
            "name": "Te Awamutu"
        },
        "timestamp": "2021-08-16T17:54:58.536062"
    },
    {
        "productData": {
            "name": "V Raspberry Lemonade Energy Drink 500ml",
            "productId": "v-energy-drink-raspberry-lemonade-500ml-can",
            "productShopPage": "https://teawamutu.store.freshchoice.co.nz/lines/v-energy-drink-raspberry-lemonade-500ml-can",
            "productImageURL": "https://dtgxwmigmg3gc.cloudfront.net/imagery/assets/derivations/icon/512/512/true/eyJpZCI6ImE3N2Y5NzBmY2FhOWZhYmZiOTc3MmYyMzE4MGRiOTcxIiwic3RvcmFnZSI6InB1YmxpY19zdG9yZSJ9?signature=2bb7890fe6d7b0c0c6a522be31c78077be0aa570ca4c8aa5549ccf80761262dc",
            "productDescription": ""
        },
        "priceData": {
            "bestPrice": "3.50",
            "price": "3.50",
            "pricePerLitre": 7.0,
            "bestPricePerLitre": 7.0
        },
        "store": {
            "id": "5e75a5ab60b75a3dea037da2",
            "name": "Te Awamutu"
        },
        "timestamp": "2021-08-16T17:54:59.877457"
    },
    {
        "productData": {
            "name": "V Blue Energy Drink 275ml Cans 4 Pack",
            "productId": "v-blue-energy-drink-275ml-cans-4-pack",
            "productShopPage": "https://teawamutu.store.freshchoice.co.nz/lines/v-blue-energy-drink-275ml-cans-4-pack",
            "productImageURL": "https://dtgxwmigmg3gc.cloudfront.net/imagery/assets/derivations/icon/512/512/true/eyJpZCI6IjcxMTc0MzEzN2QzNTUzODQwMmUyODZjMDJkNTM3OTk3Iiwic3RvcmFnZSI6InB1YmxpY19zdG9yZSJ9?signature=5697ef2f72e1e995472b76c19c7c6201b3deb266e060743ac9ae1219dbf2226c",
            "productDescription": ""
        },
        "priceData": {
            "bestPrice": "7.10",
            "price": "7.10",
            "pricePerLitre": 8.5,
            "bestPricePerLitre": 8.5
        },
        "store": {
            "id": "5e75a5ab60b75a3dea037da2",
            "name": "Te Awamutu"
        },
        "timestamp": "2021-08-16T17:55:02.056396"
    },
    {
        "productData": {
            "name": "V Blue Energy Drink Blue Guarana Can 250ml",
            "productId": "v-blue-energy-drink-blue-guarana-can-250ml",
            "productShopPage": "https://teawamutu.store.freshchoice.co.nz/lines/v-blue-energy-drink-blue-guarana-can-250ml",
            "productImageURL": "https://dtgxwmigmg3gc.cloudfront.net/imagery/assets/derivations/icon/512/512/true/eyJpZCI6IjBmZjQwNDEyZWQ2ZDk4YTg3YWQ2ZDUyMWZlNjM1YzJkIiwic3RvcmFnZSI6InB1YmxpY19zdG9yZSJ9?signature=8f745abe5614ec47b3d7a07f1a34ba529184a87b2a696211ba5a0f9f29c86bf0",
            "productDescription": ""
        },
        "priceData": {
            "bestPrice": "2.20",
            "price": "2.20",
            "pricePerLitre": 8.8,
            "bestPricePerLitre": 8.8
        },
        "store": {
            "id": "5e75a5ab60b75a3dea037da2",
            "name": "Te Awamutu"
        },
        "timestamp": "2021-08-16T17:55:04.996973"
    },
    {
        "productData": {
            "name": "V Blue Energy Drink Blue Guarana Can 500ml",
            "productId": "v-blue-energy-drink-blue-guarana-can-500ml",
            "productShopPage": "https://teawamutu.store.freshchoice.co.nz/lines/v-blue-energy-drink-blue-guarana-can-500ml",
            "productImageURL": "https://dtgxwmigmg3gc.cloudfront.net/imagery/assets/derivations/icon/512/512/true/eyJpZCI6ImFmYjEyYjVjYTU2YWI5ZDJhMTVmNGY2MDg2NWFlNzgxIiwic3RvcmFnZSI6InB1YmxpY19zdG9yZSJ9?signature=b537a8cc5a2c0f90f1702b2c541db44c3a740a0ec4a96e92ab2d6537f9320e8d",
            "productDescription": ""
        },
        "priceData": {
            "bestPrice": "3.50",
            "price": "3.50",
            "pricePerLitre": 7.0,
            "bestPricePerLitre": 7.0
        },
        "store": {
            "id": "5e75a5ab60b75a3dea037da2",
            "name": "Te Awamutu"
        },
        "timestamp": "2021-08-16T17:55:06.094978"
    },
    {
        "productData": {
            "name": "V Iced Coffee Guarana Energy 500ml",
            "productId": "v-iced-coffee-guarana-energy-500ml",
            "productShopPage": "https://teawamutu.store.freshchoice.co.nz/lines/v-iced-coffee-guarana-energy-500ml",
            "productImageURL": "https://dtgxwmigmg3gc.cloudfront.net/imagery/assets/derivations/icon/512/512/true/eyJpZCI6ImM0Zjc4YjRmYWVjMjk0NTJkZTNkYzZjNmY5MzBlMjU2Iiwic3RvcmFnZSI6InB1YmxpY19zdG9yZSJ9?signature=14312b2813aab9c1ad551700ec97cd58a3a7f95bef4d0bd7ae7aa2dcf8fcdc9d",
            "productDescription": ""
        },
        "priceData": {
            "bestPrice": "3.50",
            "price": "3.50"
        },
        "store": {
            "id": "5e75a5ab60b75a3dea037da2",
            "name": "Te Awamutu"
        },
        "timestamp": "2021-08-16T17:55:07.265312"
    },
    {
        "productData": {
            "name": "V Energy Drink Sugar Free Guarana 275ml 4 Pack",
            "productId": "v-energy-drink-sugar-free-guarana-275ml-4-pack",
            "productShopPage": "https://teawamutu.store.freshchoice.co.nz/lines/v-energy-drink-sugar-free-guarana-275ml-4-pack",
            "productImageURL": "https://dtgxwmigmg3gc.cloudfront.net/imagery/assets/derivations/icon/512/512/true/eyJpZCI6IjdiYzk4MzAyN2RlNTU0MjQ4NDZkZTEzOTYzMDhmZWY0Iiwic3RvcmFnZSI6InB1YmxpY19zdG9yZSJ9?signature=6fe2c0378a010de1a1a8a9b1ea9c06d97cf3e6fef4a86c66b9cdd5f4bab7bcd6",
            "productDescription": ""
        },
        "priceData": {
            "bestPrice": "7.10",
            "price": "7.10",
            "pricePerLitre": 8.5,
            "bestPricePerLitre": 8.5
        },
        "store": {
            "id": "5e75a5ab60b75a3dea037da2",
            "name": "Te Awamutu"
        },
        "timestamp": "2021-08-16T17:55:09.811934"
    },
    {
        "productData": {
            "name": "V Energy Drink Sugar Free Guarana Bottle 350ml",
            "productId": "v-energy-drink-sugar-free-guarana-bottle-350ml",
            "productShopPage": "https://teawamutu.store.freshchoice.co.nz/lines/v-energy-drink-sugar-free-guarana-bottle-350ml",
            "productImageURL": "https://dtgxwmigmg3gc.cloudfront.net/imagery/assets/derivations/icon/512/512/true/eyJpZCI6IjQzYmZlOTg1YzY2ZGQ0ZDI1YzUyZDk3MGJhMmJhMGM3Iiwic3RvcmFnZSI6InB1YmxpY19zdG9yZSJ9?signature=7a4bb3eb2264f52495ae9ba8fbf21b5a3e59e12c0d6208cfa1591261da333f55",
            "productDescription": ""
        },
        "priceData": {
            "bestPrice": "3.50",
            "price": "3.50",
            "pricePerLitre": 10.0,
            "bestPricePerLitre": 10.0
        },
        "store": {
            "id": "5e75a5ab60b75a3dea037da2",
            "name": "Te Awamutu"
        },
        "timestamp": "2021-08-16T17:55:11.133590"
    },
    {
        "productData": {
            "name": "V Green Energy Drink 355ml 6 Pack",
            "productId": "v-green-energy-drink-355ml-6-pack",
            "productShopPage": "https://teawamutu.store.freshchoice.co.nz/lines/v-green-energy-drink-355ml-6-pack",
            "productImageURL": "https://dtgxwmigmg3gc.cloudfront.net/imagery/assets/derivations/icon/512/512/true/eyJpZCI6ImRiOTAxYjhjNGE3NzQyNTEyYTljM2M5YTI2ZmQ5MTE5Iiwic3RvcmFnZSI6InB1YmxpY19zdG9yZSJ9?signature=12de0554d72324a76472d930a39c587a4837a2f051666f744164725a96b2f104",
            "productDescription": ""
        },
        "priceData": {
            "bestPrice": "11.00",
            "price": "11.00",
            "pricePerLitre": 7.7,
            "bestPricePerLitre": 7.7
        },
        "store": {
            "id": "5e75a5ab60b75a3dea037da2",
            "name": "Te Awamutu"
        },
        "timestamp": "2021-08-16T17:55:16.165137"
    },
    {
        "productData": {
            "name": "Monster Energy Zero Ultra 4x500ml",
            "productId": "monster-energy-zero-ultra-4x500ml",
            "productShopPage": "https://teawamutu.store.freshchoice.co.nz/lines/monster-energy-zero-ultra-4x500ml",
            "productImageURL": "https://dtgxwmigmg3gc.cloudfront.net/imagery/assets/derivations/icon/512/512/true/eyJpZCI6ImRiZGZlNzM5NjAyNjUwNWQxYWMzZWYxY2E3YzQzOTc2Iiwic3RvcmFnZSI6InB1YmxpY19zdG9yZSJ9?signature=b4c746d50784f81c260ccd7ebe8975ffb5e2b00c357b2f2748e310c3c70c4089",
            "productDescription": ""
        },
        "priceData": {
            "bestPrice": "11.99",
            "price": "11.99"
        },
        "store": {
            "id": "5e75a5ab60b75a3dea037da2",
            "name": "Te Awamutu"
        },
        "timestamp": "2021-08-16T17:55:18.450337"
    },
    {
        "productData": {
            "name": "Monster Super Fuel Zero Sugar 550ml",
            "productId": "monster-super-fuel-zero-sugar-550ml",
            "productShopPage": "https://teawamutu.store.freshchoice.co.nz/lines/monster-super-fuel-zero-sugar-550ml",
            "productImageURL": "https://dtgxwmigmg3gc.cloudfront.net/imagery/assets/derivations/icon/512/512/true/eyJpZCI6IjRkOTE3NzhmODIxNDI1ZDJjNDg3Yjc0M2YyMzEyYmYxIiwic3RvcmFnZSI6InB1YmxpY19zdG9yZSJ9?signature=4b9dbd15c40f85466e597873c567f989183b284947e8c8dc4df58667789214a2",
            "productDescription": ""
        },
        "priceData": {
            "bestPrice": "3.50",
            "price": "3.50",
            "pricePerLitre": 7.3,
            "bestPricePerLitre": 7.3
        },
        "store": {
            "id": "5e75a5ab60b75a3dea037da2",
            "name": "Te Awamutu"
        },
        "timestamp": "2021-08-16T17:55:20.626145"
    },
    {
        "productData": {
            "name": "Monster Mule Ginger Brew 500ml",
            "productId": "monster-mule-ginger-brew-500ml",
            "productShopPage": "https://teawamutu.store.freshchoice.co.nz/lines/monster-mule-ginger-brew-500ml",
            "productImageURL": "https://dtgxwmigmg3gc.cloudfront.net/imagery/assets/derivations/icon/512/512/true/eyJpZCI6ImM1OTM5MTIyZTRlNmNhNzk0ODFlMDE4ZWVmMWE2Y2ZlIiwic3RvcmFnZSI6InB1YmxpY19zdG9yZSJ9?signature=5d11287f30ef58c148e37382d61c0d83097d5461683a9aa5dd9456941c1f32e5",
            "productDescription": ""
        },
        "priceData": {
            "bestPrice": "2.50",
            "price": "2.50",
            "pricePerLitre": 6.0,
            "bestPricePerLitre": 6.0
        },
        "store": {
            "id": "5e75a5ab60b75a3dea037da2",
            "name": "Te Awamutu"
        },
        "timestamp": "2021-08-16T17:55:21.745697"
    },
    {
        "productData": {
            "name": "Monster Energy 4x500ml Cans",
            "productId": "monster-energy-4x500ml-cans",
            "productShopPage": "https://teawamutu.store.freshchoice.co.nz/lines/monster-energy-4x500ml-cans",
            "productImageURL": "https://dtgxwmigmg3gc.cloudfront.net/imagery/assets/derivations/icon/512/512/true/eyJpZCI6ImQyNWU2MTgwNzVhMmI4MmZmMGU2YmY0OGRlYmRmNTM4Iiwic3RvcmFnZSI6InB1YmxpY19zdG9yZSJ9?signature=afd9c2e0498b55fa2db714a09690152069344eca7b7dddeeb315405178827c0a",
            "productDescription": ""
        },
        "priceData": {
            "bestPrice": "11.99",
            "price": "11.99",
            "pricePerLitre": 6.0,
            "bestPricePerLitre": 6.0
        },
        "store": {
            "id": "5e75a5ab60b75a3dea037da2",
            "name": "Te Awamutu"
        },
        "timestamp": "2021-08-16T17:55:23.982312"
    },
    {
        "productData": {
            "name": "Monster Super Fuel Purple Passion 550ml",
            "productId": "monster-super-fuel-purple-passion-550ml",
            "productShopPage": "https://teawamutu.store.freshchoice.co.nz/lines/monster-super-fuel-purple-passion-550ml",
            "productImageURL": "https://dtgxwmigmg3gc.cloudfront.net/imagery/assets/derivations/icon/512/512/true/eyJpZCI6IjNkMTY1OTQwMzgyOTZjZjVlMjNlNjBjMDQ3NTE1YWM0Iiwic3RvcmFnZSI6InB1YmxpY19zdG9yZSJ9?signature=4d4ccd77dab941d955a8037242a41833afdc7251d3bd5b5c4b99705770273998",
            "productDescription": ""
        },
        "priceData": {
            "bestPrice": "3.50",
            "price": "3.50",
            "pricePerLitre": 7.3,
            "bestPricePerLitre": 7.3
        },
        "store": {
            "id": "5e75a5ab60b75a3dea037da2",
            "name": "Te Awamutu"
        },
        "timestamp": "2021-08-16T17:55:24.996556"
    },
    {
        "productData": {
            "name": "Live Plus Energy Drink Citrus Flavour 500ml",
            "productId": "live-plus-persist-500ml",
            "productShopPage": "https://teawamutu.store.freshchoice.co.nz/lines/live-plus-persist-500ml",
            "productImageURL": "https://dtgxwmigmg3gc.cloudfront.net/imagery/assets/derivations/icon/512/512/true/eyJpZCI6IjFlNWQ5YzI4OWM1N2UzNmYzZmI2NThlMDQzZTI3ZjE4Iiwic3RvcmFnZSI6InB1YmxpY19zdG9yZSJ9?signature=756b17fefe47174b90e7dbec8cd09db27f9f59f4994bc750b71256ae93ba9fa8",
            "productDescription": ""
        },
        "priceData": {
            "bestPrice": "2.00",
            "price": "2.00",
            "pricePerLitre": 4.0,
            "bestPricePerLitre": 4.0
        },
        "store": {
            "id": "5e75a5ab60b75a3dea037da2",
            "name": "Te Awamutu"
        },
        "timestamp": "2021-08-16T17:55:27.097326"
    },
    {
        "productData": {
            "name": "Live Plus Energy Drink Tart Apple Apple Flavour 500ml",
            "productId": "live-plus-ignite-500ml",
            "productShopPage": "https://teawamutu.store.freshchoice.co.nz/lines/live-plus-ignite-500ml",
            "productImageURL": "https://dtgxwmigmg3gc.cloudfront.net/imagery/assets/derivations/icon/512/512/true/eyJpZCI6IjViOGViZjhmZTQzYjFlYTMzNDM5YjJjMjg3ZDRmY2YyIiwic3RvcmFnZSI6InB1YmxpY19zdG9yZSJ9?signature=140ae19352cd0dcec7e77f90fa4dfaa9fa17086439f730510afc5d906e1415bf",
            "productDescription": ""
        },
        "priceData": {
            "bestPrice": "2.00",
            "price": "2.00",
            "pricePerLitre": 4.0,
            "bestPricePerLitre": 4.0
        },
        "store": {
            "id": "5e75a5ab60b75a3dea037da2",
            "name": "Te Awamutu"
        },
        "timestamp": "2021-08-16T17:55:33.831328"
    },
    {
        "productData": {
            "name": "V Guarana Energy Drink Blue Sugarfree 250ml",
            "productId": "v-blue-sugarfree-energy-drink-250ml",
            "productShopPage": "https://teawamutu.store.freshchoice.co.nz/lines/v-blue-sugarfree-energy-drink-250ml",
            "productImageURL": "https://dtgxwmigmg3gc.cloudfront.net/imagery/assets/derivations/icon/512/512/true/eyJpZCI6IjI3YWJiOTVhYjNhMjEwMDU2MWJhMmRhNTM3YjRhZjVmIiwic3RvcmFnZSI6InB1YmxpY19zdG9yZSJ9?signature=66769306ca1d0ba674603954d338186dc999f6d1839090d49fde9416b3252365",
            "productDescription": ""
        },
        "priceData": {
            "bestPrice": "2.20",
            "price": "2.20",
            "pricePerLitre": 8.8,
            "bestPricePerLitre": 8.8
        },
        "store": {
            "id": "5e75a5ab60b75a3dea037da2",
            "name": "Te Awamutu"
        },
        "timestamp": "2021-08-16T17:55:34.856636"
    },
    {
        "productData": {
            "name": "Live Plus Energy Drink Original Citrus Flavour 355ml",
            "productId": "live-plus-persist-glass-355ml",
            "productShopPage": "https://teawamutu.store.freshchoice.co.nz/lines/live-plus-persist-glass-355ml",
            "productImageURL": "https://dtgxwmigmg3gc.cloudfront.net/imagery/assets/derivations/icon/512/512/true/eyJpZCI6ImYzMjZlMTdmMmI5ZGRjZGYzYmFmNzNiMWQzN2Y5NDI4Iiwic3RvcmFnZSI6InB1YmxpY19zdG9yZSJ9?signature=8fa31eb2b309e9c7a293ba2e7a7541e3cdc686b1d3f519044aa97c666ae5f630",
            "productDescription": ""
        },
        "priceData": {
            "bestPrice": "2.00",
            "price": "2.00",
            "pricePerLitre": 7.9,
            "bestPricePerLitre": 7.9
        },
        "store": {
            "id": "5e75a5ab60b75a3dea037da2",
            "name": "Te Awamutu"
        },
        "timestamp": "2021-08-16T17:55:38.736496"
    },
    {
        "productData": {
            "name": "Live Plus Energy Drink Original Citrus Flavour 6x250ml",
            "productId": "live-plus-persist-250ml-6pack",
            "productShopPage": "https://teawamutu.store.freshchoice.co.nz/lines/live-plus-persist-250ml-6pack",
            "productImageURL": "https://dtgxwmigmg3gc.cloudfront.net/imagery/assets/derivations/icon/512/512/true/eyJpZCI6IjNmODNiNGI4MzI4MzJmNzhjZmJhNDA1OGUyZWFlM2ZhIiwic3RvcmFnZSI6InB1YmxpY19zdG9yZSJ9?signature=0257f943d0c41562773e51cbd42327ad911228832e33494e9c30381e20305337",
            "productDescription": ""
        },
        "priceData": {
            "bestPrice": "7.70",
            "price": "7.70",
            "pricePerLitre": 5.1,
            "bestPricePerLitre": 5.1
        },
        "store": {
            "id": "5e75a5ab60b75a3dea037da2",
            "name": "Te Awamutu"
        },
        "timestamp": "2021-08-16T17:55:39.920883"
    },
    {
        "productData": {
            "name": "Rockstar Punched Energy Guava 500ml",
            "productId": "rockstar-punched-energy-guava-500ml",
            "productShopPage": "https://teawamutu.store.freshchoice.co.nz/lines/rockstar-punched-energy-guava-500ml",
            "productImageURL": "https://dtgxwmigmg3gc.cloudfront.net/imagery/assets/derivations/icon/512/512/true/eyJpZCI6IjBmNGEyNjU2MGQwM2Y4OGI4MWE3ZTMyODUzYTRlN2QyIiwic3RvcmFnZSI6InB1YmxpY19zdG9yZSJ9?signature=fab45ac774e74d87cf7a79de075f47290676fd6d4afcf212198c745670d5ce29",
            "productDescription": ""
        },
        "priceData": {
            "bestPrice": "2.00",
            "price": "2.00",
            "pricePerLitre": 4.0,
            "bestPricePerLitre": 4.0
        },
        "store": {
            "id": "5e75a5ab60b75a3dea037da2",
            "name": "Te Awamutu"
        },
        "timestamp": "2021-08-16T17:55:44.957169"
    },
    {
        "productData": {
            "name": "Mother Kicked Apple 500ml",
            "productId": "mother-kicked-apple-500ml",
            "productShopPage": "https://tengae.store.freshchoice.co.nz/lines/mother-kicked-apple-500ml",
            "productImageURL": "https://dtgxwmigmg3gc.cloudfront.net/imagery/assets/derivations/icon/512/512/true/eyJpZCI6IjNhZTlkYjkwYTM4MDFjMGEwYjUwYThhMDAwYjkyZjM0Iiwic3RvcmFnZSI6InB1YmxpY19zdG9yZSJ9?signature=c1a1db0a5d7b074c388cf08560fd44a4a2b6127821554198e54eeea8474325f6",
            "productDescription": ""
        },
        "priceData": {
            "bestPrice": "2.00",
            "price": "2.00",
            "pricePerLitre": 4.0,
            "bestPricePerLitre": 4.0
        },
        "store": {
            "id": "5e6030689cdbf54492018c12",
            "name": "Te Ngae"
        },
        "timestamp": "2021-08-16T17:55:48.028427"
    },
    {
        "productData": {
            "name": "Monster Energy Ultra Paradise 500ml",
            "productId": "monster-energy-drink-ultra-paradise-500ml",
            "productShopPage": "https://tengae.store.freshchoice.co.nz/lines/monster-energy-drink-ultra-paradise-500ml",
            "productImageURL": "https://dtgxwmigmg3gc.cloudfront.net/imagery/assets/derivations/icon/512/512/true/eyJpZCI6ImZiZDRkZTQxNzA0M2FiYTUyMjMwZWI0NTcyZGNmYTE1Iiwic3RvcmFnZSI6InB1YmxpY19zdG9yZSJ9?signature=8a439bf26b71114289dfea1720ed331b1e4784c534deade29db8ac38b1cc7c1a",
            "productDescription": ""
        },
        "priceData": {
            "bestPrice": "2.50",
            "price": "2.50",
            "pricePerLitre": 6.0,
            "bestPricePerLitre": 6.0
        },
        "store": {
            "id": "5e6030689cdbf54492018c12",
            "name": "Te Ngae"
        },
        "timestamp": "2021-08-16T17:55:51.107309"
    },
    {
        "productData": {
            "name": "Monster Energy Ultra Zero 500ml",
            "productId": "monster-energy-ultra-zero-500ml",
            "productShopPage": "https://tengae.store.freshchoice.co.nz/lines/monster-energy-ultra-zero-500ml",
            "productImageURL": "https://dtgxwmigmg3gc.cloudfront.net/imagery/assets/derivations/icon/512/512/true/eyJpZCI6IjdhN2FhYTUwZWU2NTYwYjBiNGY1NThhMTgwNmVlODI3Iiwic3RvcmFnZSI6InB1YmxpY19zdG9yZSJ9?signature=7907c49ba7d043175a426f84a71776de7dd51fa5c249237063aca9cb098abdbe",
            "productDescription": ""
        },
        "priceData": {
            "bestPrice": "2.50",
            "price": "2.50",
            "pricePerLitre": 6.0,
            "bestPricePerLitre": 6.0
        },
        "store": {
            "id": "5e6030689cdbf54492018c12",
            "name": "Te Ngae"
        },
        "timestamp": "2021-08-16T17:55:53.638193"
    },
    {
        "productData": {
            "name": "Monster Energy Drink Ultra Rosa 500ml",
            "productId": "monster-energy-drink-ultra-rosa-500ml",
            "productShopPage": "https://tengae.store.freshchoice.co.nz/lines/monster-energy-drink-ultra-rosa-500ml",
            "productImageURL": "https://dtgxwmigmg3gc.cloudfront.net/imagery/assets/derivations/icon/512/512/true/eyJpZCI6IjZjYzFjMzcwYzM4Mzk4N2MyOTUzNWIyMTFjZTJlYjgxIiwic3RvcmFnZSI6InB1YmxpY19zdG9yZSJ9?signature=9cd08284785f9b24647ecc7d1dc08214d9d00318cc809bebdef1921d6b78bb95",
            "productDescription": ""
        },
        "priceData": {
            "bestPrice": "2.50",
            "price": "2.50",
            "pricePerLitre": 6.0,
            "bestPricePerLitre": 6.0
        },
        "store": {
            "id": "5e6030689cdbf54492018c12",
            "name": "Te Ngae"
        },
        "timestamp": "2021-08-16T17:55:55.680859"
    },
    {
        "productData": {
            "name": "Mother Energy Drink Black 500ml",
            "productId": "mother-energy-drink-black-500ml",
            "productShopPage": "https://tengae.store.freshchoice.co.nz/lines/mother-energy-drink-black-500ml",
            "productImageURL": "https://dtgxwmigmg3gc.cloudfront.net/imagery/assets/derivations/icon/512/512/true/eyJpZCI6ImYyMzA5MjhkYjg3ODFhYmYzZDU3ZjE1YjNmYzU2MWFjIiwic3RvcmFnZSI6InB1YmxpY19zdG9yZSJ9?signature=d3dbddb83d3d457075cd5d8936bef0c5b48fce4fa3fe725995d8b6d57219ceb5",
            "productDescription": ""
        },
        "priceData": {
            "bestPrice": "2.00",
            "price": "2.00",
            "pricePerLitre": 4.0,
            "bestPricePerLitre": 4.0
        },
        "store": {
            "id": "5e6030689cdbf54492018c12",
            "name": "Te Ngae"
        },
        "timestamp": "2021-08-16T17:55:59.675021"
    },
    {
        "productData": {
            "name": "Mother Energy Drink Cans 6x250ml",
            "productId": "mother-energy-drink-6x250ml-cans",
            "productShopPage": "https://tengae.store.freshchoice.co.nz/lines/mother-energy-drink-6x250ml-cans",
            "productImageURL": "https://dtgxwmigmg3gc.cloudfront.net/imagery/assets/derivations/icon/512/512/true/eyJpZCI6IjEyOGFhMmU0Y2VkYTU4ZWFkZmVhOWUwZjdlNTZhOTA4Iiwic3RvcmFnZSI6InB1YmxpY19zdG9yZSJ9?signature=5db1908f64527cf28fa7bf3266a83ab854a07ca50453511f7d414d8e6d5c10fb",
            "productDescription": ""
        },
        "priceData": {
            "bestPrice": "7.70",
            "price": "7.70",
            "pricePerLitre": 5.1,
            "bestPricePerLitre": 5.1
        },
        "store": {
            "id": "5e6030689cdbf54492018c12",
            "name": "Te Ngae"
        },
        "timestamp": "2021-08-16T17:56:00.834546"
    },
    {
        "productData": {
            "name": "Mother Energy Drink Passion 500ml",
            "productId": "mother-energy-drink-passion-500ml",
            "productShopPage": "https://tengae.store.freshchoice.co.nz/lines/mother-energy-drink-passion-500ml",
            "productImageURL": "https://dtgxwmigmg3gc.cloudfront.net/imagery/assets/derivations/icon/512/512/true/eyJpZCI6ImQwODE2YTc4ZjBmNGU4NTU5Mzg1YjkxZmI5YjIzZjM0Iiwic3RvcmFnZSI6InB1YmxpY19zdG9yZSJ9?signature=713c495fef96a6427b917f0c7c7e855a963749ac5c1bf7dfd71e24ae08ea3123",
            "productDescription": ""
        },
        "priceData": {
            "bestPrice": "2.00",
            "price": "2.00",
            "pricePerLitre": 4.0,
            "bestPricePerLitre": 4.0
        },
        "store": {
            "id": "5e6030689cdbf54492018c12",
            "name": "Te Ngae"
        },
        "timestamp": "2021-08-16T17:56:05.372986"
    },
    {
        "productData": {
            "name": "Mother Tropical Blast 500ml",
            "productId": "mother-tropical-blast-500ml",
            "productShopPage": "https://tengae.store.freshchoice.co.nz/lines/mother-tropical-blast-500ml",
            "productImageURL": "https://dtgxwmigmg3gc.cloudfront.net/imagery/assets/derivations/icon/512/512/true/eyJpZCI6ImEyZmM1OTUwNDhlODM5YTRhMjQ2MTI1OGEyYzNlZWZhIiwic3RvcmFnZSI6InB1YmxpY19zdG9yZSJ9?signature=6c9470ee4067e8ec32b58eeac9d628404d3986058a9b1cdef46014d1bee50944",
            "productDescription": ""
        },
        "priceData": {
            "bestPrice": "2.00",
            "price": "2.00",
            "pricePerLitre": 4.0,
            "bestPricePerLitre": 4.0
        },
        "store": {
            "id": "5e6030689cdbf54492018c12",
            "name": "Te Ngae"
        },
        "timestamp": "2021-08-16T17:56:06.579263"
    },
    {
        "productData": {
            "name": "Mother Epic Swell Energy Drink Twisted Apple 500ml",
            "productId": "mother-epic-swell-energy-drink-twisted-apple-500ml",
            "productShopPage": "https://tengae.store.freshchoice.co.nz/lines/mother-epic-swell-energy-drink-twisted-apple-500ml",
            "productImageURL": "https://dtgxwmigmg3gc.cloudfront.net/imagery/assets/derivations/icon/512/512/true/eyJpZCI6ImE2ZjYxOGNhNjUyYzMxNzRhNjg2MDBhMGVjZmQ3MmJkIiwic3RvcmFnZSI6InB1YmxpY19zdG9yZSJ9?signature=954f74f8aba0fb24cb2a5248b1e93fe8a62fb8c7f902abbb08b7aed24bc44c80",
            "productDescription": ""
        },
        "priceData": {
            "bestPrice": "2.00",
            "price": "2.00",
            "pricePerLitre": 4.0,
            "bestPricePerLitre": 4.0
        },
        "store": {
            "id": "5e6030689cdbf54492018c12",
            "name": "Te Ngae"
        },
        "timestamp": "2021-08-16T17:56:08.633171"
    },
    {
        "productData": {
            "name": "V Energy Drink Guarana 500ml",
            "productId": "v-energy-drink-guarana-500ml",
            "productShopPage": "https://tengae.store.freshchoice.co.nz/lines/v-energy-drink-guarana-500ml",
            "productImageURL": "https://dtgxwmigmg3gc.cloudfront.net/imagery/assets/derivations/icon/512/512/true/eyJpZCI6IjgzZDAxMjhiMzg4NmEwZmE4YTE2ZjY2NWIzNmM2NzI2Iiwic3RvcmFnZSI6InB1YmxpY19zdG9yZSJ9?signature=f55ecc561066291a4e74a967db35ea2355f881bd1708bf400fd790032384ae4f",
            "productDescription": ""
        },
        "priceData": {
            "bestPrice": "2.50",
            "price": "2.50",
            "pricePerLitre": 7.6,
            "bestPricePerLitre": 7.6
        },
        "store": {
            "id": "5e6030689cdbf54492018c12",
            "name": "Te Ngae"
        },
        "timestamp": "2021-08-16T17:56:11.866347"
    },
    {
        "productData": {
            "name": "V Energy Drink Sugarfree 500ml",
            "productId": "v-energy-drink-sugarfree-500ml",
            "productShopPage": "https://tengae.store.freshchoice.co.nz/lines/v-energy-drink-sugarfree-500ml",
            "productImageURL": "https://dtgxwmigmg3gc.cloudfront.net/imagery/assets/derivations/icon/512/512/true/eyJpZCI6ImVkZTAxNTNmMDI1NmU1NDZjNWQ5MTc3MjE3ZTQ3YTQ0Iiwic3RvcmFnZSI6InB1YmxpY19zdG9yZSJ9?signature=abcf72d9faa9ee3044eaa3b7ee0bf9b4fd8f582379018d8727f2234b7d3f3c85",
            "productDescription": ""
        },
        "priceData": {
            "bestPrice": "2.50",
            "price": "2.50",
            "pricePerLitre": 7.6,
            "bestPricePerLitre": 7.6
        },
        "store": {
            "id": "5e6030689cdbf54492018c12",
            "name": "Te Ngae"
        },
        "timestamp": "2021-08-16T17:56:13.177086"
    },
    {
        "productData": {
            "name": "V Energy Drink Blue Guarana Spritzed 350ml",
            "productId": "v-blue-energy-drink-blue-guarana-spritzed-350ml",
            "productShopPage": "https://tengae.store.freshchoice.co.nz/lines/v-blue-energy-drink-blue-guarana-spritzed-350ml",
            "productImageURL": "https://dtgxwmigmg3gc.cloudfront.net/imagery/assets/derivations/icon/512/512/true/eyJpZCI6ImY2OTRlZGI4NjdlNWMzZDM5NzgzMDQ0ODFkMzUxZGZiIiwic3RvcmFnZSI6InB1YmxpY19zdG9yZSJ9?signature=591b3079cb9c2407a29b3bc348eaf42dc1d34daba5c9d7aba65be654725b6719",
            "productDescription": ""
        },
        "priceData": {
            "bestPrice": "3.50",
            "price": "3.50",
            "pricePerLitre": 10.0,
            "bestPricePerLitre": 10.0
        },
        "store": {
            "id": "5e6030689cdbf54492018c12",
            "name": "Te Ngae"
        },
        "timestamp": "2021-08-16T17:56:16.506803"
    },
    {
        "productData": {
            "name": "V Energy Drink Green Guarana 350ml",
            "productId": "v-energy-drink-green-guarana-350ml",
            "productShopPage": "https://tengae.store.freshchoice.co.nz/lines/v-energy-drink-green-guarana-350ml",
            "productImageURL": "https://dtgxwmigmg3gc.cloudfront.net/imagery/assets/derivations/icon/512/512/true/eyJpZCI6IjRiNjY4ZjYxOTQ2ODYyN2MzM2NiZWMyNGUyNmIyODk4Iiwic3RvcmFnZSI6InB1YmxpY19zdG9yZSJ9?signature=4cded9cb42349eef45a593461f311b1bb7fa881295733879671ad9fe9887d30c",
            "productDescription": ""
        },
        "priceData": {
            "bestPrice": "3.50",
            "price": "3.50",
            "pricePerLitre": 10.0,
            "bestPricePerLitre": 10.0
        },
        "store": {
            "id": "5e6030689cdbf54492018c12",
            "name": "Te Ngae"
        },
        "timestamp": "2021-08-16T17:56:17.942709"
    },
    {
        "productData": {
            "name": "V Energy Drink Guarana Can 500ml",
            "productId": "v-energy-drink-guarana-can-500ml",
            "productShopPage": "https://tengae.store.freshchoice.co.nz/lines/v-energy-drink-guarana-can-500ml",
            "productImageURL": "https://dtgxwmigmg3gc.cloudfront.net/imagery/assets/derivations/icon/512/512/true/eyJpZCI6ImI0NjgzNGZjNDRkMjU0MjgzYzJjZGNhMzA2NWIxYjA5Iiwic3RvcmFnZSI6InB1YmxpY19zdG9yZSJ9?signature=265e8273409849423466e7623cbbdf8352940707b8830803eec391e8f32c9c5f",
            "productDescription": ""
        },
        "priceData": {
            "bestPrice": "3.50",
            "price": "3.50",
            "pricePerLitre": 7.0,
            "bestPricePerLitre": 7.0
        },
        "store": {
            "id": "5e6030689cdbf54492018c12",
            "name": "Te Ngae"
        },
        "timestamp": "2021-08-16T17:56:20.094103"
    },
    {
        "productData": {
            "name": "V Energy Drink Sugar Free Guarana 500ml",
            "productId": "v-energy-drink-sugar-free-guarana-500ml",
            "productShopPage": "https://tengae.store.freshchoice.co.nz/lines/v-energy-drink-sugar-free-guarana-500ml",
            "productImageURL": "https://dtgxwmigmg3gc.cloudfront.net/imagery/assets/derivations/icon/512/512/true/eyJpZCI6Ijg4MGExMDYxOTY4NTJiYzM1ZTExMmU2MGE2OWYxNDE3Iiwic3RvcmFnZSI6InB1YmxpY19zdG9yZSJ9?signature=b0536d25b9da8158705e24c88e21fabbf85c1dabc19f18108c386e956ffd7045",
            "productDescription": ""
        },
        "priceData": {
            "bestPrice": "3.50",
            "price": "3.50",
            "pricePerLitre": 7.0,
            "bestPricePerLitre": 7.0
        },
        "store": {
            "id": "5e6030689cdbf54492018c12",
            "name": "Te Ngae"
        },
        "timestamp": "2021-08-16T17:56:23.303809"
    },
    {
        "productData": {
            "name": "V Energy Drink Skills Cans 275ml 4 Pack",
            "productId": "v-energy-drink-skills-cans-275ml-4-pack",
            "productShopPage": "https://tengae.store.freshchoice.co.nz/lines/v-energy-drink-skills-cans-275ml-4-pack",
            "productImageURL": "https://dtgxwmigmg3gc.cloudfront.net/imagery/assets/derivations/icon/512/512/true/eyJpZCI6ImZhMzA2N2NiM2YxMmVkM2ZhZjhhYmM4OGE1YTJhNzczIiwic3RvcmFnZSI6InB1YmxpY19zdG9yZSJ9?signature=34fcde8f5a021036c475a1dfff6748625e0747bb134ec737312b15bbe8e883eb",
            "productDescription": ""
        },
        "priceData": {
            "bestPrice": "7.10",
            "price": "7.10",
            "pricePerLitre": 8.5,
            "bestPricePerLitre": 8.5
        },
        "store": {
            "id": "5e6030689cdbf54492018c12",
            "name": "Te Ngae"
        },
        "timestamp": "2021-08-16T17:56:24.359012"
    },
    {
        "productData": {
            "name": "V Guarana Energy Drink Fridge Pack 10x200ml",
            "productId": "v-guarana-energy-drink-fridge-pack-10x200ml",
            "productShopPage": "https://tengae.store.freshchoice.co.nz/lines/v-guarana-energy-drink-fridge-pack-10x200ml",
            "productImageURL": "https://dtgxwmigmg3gc.cloudfront.net/imagery/assets/derivations/icon/512/512/true/eyJpZCI6IjBlMjAzZTJiY2QyZDVhYzQ2NGY2NzhmMDFkMmM3YjBhIiwic3RvcmFnZSI6InB1YmxpY19zdG9yZSJ9?signature=a3283c38928a5e2c367f0886f5948460cf671d41affa4dd3a2634f1621779d47",
            "productDescription": ""
        },
        "priceData": {
            "bestPrice": "14.00",
            "price": "14.00",
            "pricePerLitre": 7.800000000000001,
            "bestPricePerLitre": 7.800000000000001
        },
        "store": {
            "id": "5e6030689cdbf54492018c12",
            "name": "Te Ngae"
        },
        "timestamp": "2021-08-16T17:56:25.370937"
    },
    {
        "productData": {
            "name": "V Blue Energy Drink Bottle 500ml",
            "productId": "v-blue-energy-drink-bottle-500ml",
            "productShopPage": "https://tengae.store.freshchoice.co.nz/lines/v-blue-energy-drink-bottle-500ml",
            "productImageURL": "https://dtgxwmigmg3gc.cloudfront.net/imagery/assets/derivations/icon/512/512/true/eyJpZCI6IjgyYWYxYWY4MGI4MzUxODhiYmVhZGVhM2U2NzY0MzI5Iiwic3RvcmFnZSI6InB1YmxpY19zdG9yZSJ9?signature=7e70fc576864a528a1431734d680cbf177a11b419a692dbfd34800c31b8944ec",
            "productDescription": ""
        },
        "priceData": {
            "bestPrice": "2.50",
            "price": "2.50",
            "pricePerLitre": 7.6,
            "bestPricePerLitre": 7.6
        },
        "store": {
            "id": "5e6030689cdbf54492018c12",
            "name": "Te Ngae"
        },
        "timestamp": "2021-08-16T17:56:26.416504"
    },
    {
        "productData": {
            "name": "V Blue Sugarfree Energy Drink 500ml",
            "productId": "v-blue-sugarfree-energy-drink-500ml",
            "productShopPage": "https://tengae.store.freshchoice.co.nz/lines/v-blue-sugarfree-energy-drink-500ml",
            "productImageURL": "https://dtgxwmigmg3gc.cloudfront.net/imagery/assets/derivations/icon/512/512/true/eyJpZCI6ImVmYjQyOWRmM2JjZjc3NTY1ZDIwMTEyNTY0MDdmZjA1Iiwic3RvcmFnZSI6InB1YmxpY19zdG9yZSJ9?signature=2911d59474d8305039a3be3bef0f887c38d9ab84596314b13cc4b150101175ab",
            "productDescription": ""
        },
        "priceData": {
            "bestPrice": "3.50",
            "price": "3.50",
            "pricePerLitre": 7.0,
            "bestPricePerLitre": 7.0
        },
        "store": {
            "id": "5e6030689cdbf54492018c12",
            "name": "Te Ngae"
        },
        "timestamp": "2021-08-16T17:56:27.511466"
    },
    {
        "productData": {
            "name": "V Raspberry Lemonade Energy Drink 500ml",
            "productId": "v-energy-drink-raspberry-lemonade-500ml-can",
            "productShopPage": "https://tengae.store.freshchoice.co.nz/lines/v-energy-drink-raspberry-lemonade-500ml-can",
            "productImageURL": "https://dtgxwmigmg3gc.cloudfront.net/imagery/assets/derivations/icon/512/512/true/eyJpZCI6ImE3N2Y5NzBmY2FhOWZhYmZiOTc3MmYyMzE4MGRiOTcxIiwic3RvcmFnZSI6InB1YmxpY19zdG9yZSJ9?signature=2bb7890fe6d7b0c0c6a522be31c78077be0aa570ca4c8aa5549ccf80761262dc",
            "productDescription": ""
        },
        "priceData": {
            "bestPrice": "3.50",
            "price": "3.50",
            "pricePerLitre": 7.0,
            "bestPricePerLitre": 7.0
        },
        "store": {
            "id": "5e6030689cdbf54492018c12",
            "name": "Te Ngae"
        },
        "timestamp": "2021-08-16T17:56:28.775245"
    },
    {
        "productData": {
            "name": "V Blue Energy Drink 275ml Cans 4 Pack",
            "productId": "v-blue-energy-drink-275ml-cans-4-pack",
            "productShopPage": "https://tengae.store.freshchoice.co.nz/lines/v-blue-energy-drink-275ml-cans-4-pack",
            "productImageURL": "https://dtgxwmigmg3gc.cloudfront.net/imagery/assets/derivations/icon/512/512/true/eyJpZCI6IjcxMTc0MzEzN2QzNTUzODQwMmUyODZjMDJkNTM3OTk3Iiwic3RvcmFnZSI6InB1YmxpY19zdG9yZSJ9?signature=5697ef2f72e1e995472b76c19c7c6201b3deb266e060743ac9ae1219dbf2226c",
            "productDescription": ""
        },
        "priceData": {
            "bestPrice": "7.10",
            "price": "7.10",
            "pricePerLitre": 8.5,
            "bestPricePerLitre": 8.5
        },
        "store": {
            "id": "5e6030689cdbf54492018c12",
            "name": "Te Ngae"
        },
        "timestamp": "2021-08-16T17:56:30.822135"
    },
    {
        "productData": {
            "name": "V Blue Energy Drink Blue Guarana Can 500ml",
            "productId": "v-blue-energy-drink-blue-guarana-can-500ml",
            "productShopPage": "https://tengae.store.freshchoice.co.nz/lines/v-blue-energy-drink-blue-guarana-can-500ml",
            "productImageURL": "https://dtgxwmigmg3gc.cloudfront.net/imagery/assets/derivations/icon/512/512/true/eyJpZCI6ImFmYjEyYjVjYTU2YWI5ZDJhMTVmNGY2MDg2NWFlNzgxIiwic3RvcmFnZSI6InB1YmxpY19zdG9yZSJ9?signature=b537a8cc5a2c0f90f1702b2c541db44c3a740a0ec4a96e92ab2d6537f9320e8d",
            "productDescription": ""
        },
        "priceData": {
            "bestPrice": "3.50",
            "price": "3.50",
            "pricePerLitre": 7.0,
            "bestPricePerLitre": 7.0
        },
        "store": {
            "id": "5e6030689cdbf54492018c12",
            "name": "Te Ngae"
        },
        "timestamp": "2021-08-16T17:56:32.930307"
    },
    {
        "productData": {
            "name": "V Iced Coffee Guarana Energy 500ml",
            "productId": "v-iced-coffee-guarana-energy-500ml",
            "productShopPage": "https://tengae.store.freshchoice.co.nz/lines/v-iced-coffee-guarana-energy-500ml",
            "productImageURL": "https://dtgxwmigmg3gc.cloudfront.net/imagery/assets/derivations/icon/512/512/true/eyJpZCI6ImM0Zjc4YjRmYWVjMjk0NTJkZTNkYzZjNmY5MzBlMjU2Iiwic3RvcmFnZSI6InB1YmxpY19zdG9yZSJ9?signature=14312b2813aab9c1ad551700ec97cd58a3a7f95bef4d0bd7ae7aa2dcf8fcdc9d",
            "productDescription": ""
        },
        "priceData": {
            "bestPrice": "3.50",
            "price": "3.50"
        },
        "store": {
            "id": "5e6030689cdbf54492018c12",
            "name": "Te Ngae"
        },
        "timestamp": "2021-08-16T17:56:34.118557"
    },
    {
        "productData": {
            "name": "V Iced Mocha Guarana Energy 500ml",
            "productId": "v-iced-mocha-guarana-energy-500ml",
            "productShopPage": "https://tengae.store.freshchoice.co.nz/lines/v-iced-mocha-guarana-energy-500ml",
            "productImageURL": "https://dtgxwmigmg3gc.cloudfront.net/imagery/assets/derivations/icon/512/512/true/eyJpZCI6ImNiMDRkODVlZmQ2YjhiZGMxMWU4Zjk5OGEwOTczODg1Iiwic3RvcmFnZSI6InB1YmxpY19zdG9yZSJ9?signature=3e63d4ec34ef65794a07ea00749a785cb88ce90997e6e7d12629c3c0f205de6d",
            "productDescription": ""
        },
        "priceData": {
            "bestPrice": "3.50",
            "price": "3.50"
        },
        "store": {
            "id": "5e6030689cdbf54492018c12",
            "name": "Te Ngae"
        },
        "timestamp": "2021-08-16T17:56:35.162312"
    },
    {
        "productData": {
            "name": "V Energy Drink Sugar Free Guarana Bottle 350ml",
            "productId": "v-energy-drink-sugar-free-guarana-bottle-350ml",
            "productShopPage": "https://tengae.store.freshchoice.co.nz/lines/v-energy-drink-sugar-free-guarana-bottle-350ml",
            "productImageURL": "https://dtgxwmigmg3gc.cloudfront.net/imagery/assets/derivations/icon/512/512/true/eyJpZCI6IjQzYmZlOTg1YzY2ZGQ0ZDI1YzUyZDk3MGJhMmJhMGM3Iiwic3RvcmFnZSI6InB1YmxpY19zdG9yZSJ9?signature=7a4bb3eb2264f52495ae9ba8fbf21b5a3e59e12c0d6208cfa1591261da333f55",
            "productDescription": ""
        },
        "priceData": {
            "bestPrice": "3.50",
            "price": "3.50",
            "pricePerLitre": 10.0,
            "bestPricePerLitre": 10.0
        },
        "store": {
            "id": "5e6030689cdbf54492018c12",
            "name": "Te Ngae"
        },
        "timestamp": "2021-08-16T17:56:37.122666"
    },
    {
        "productData": {
            "name": "V Raspberry Lemonade Energy Drink 4x275ml",
            "productId": "v-energy-drink-raspberry-lemonade-4-x-275ml-cans",
            "productShopPage": "https://tengae.store.freshchoice.co.nz/lines/v-energy-drink-raspberry-lemonade-4-x-275ml-cans",
            "productImageURL": "https://dtgxwmigmg3gc.cloudfront.net/imagery/assets/derivations/icon/512/512/true/eyJpZCI6IjQ2MzE5NTc1YTNlNDc2YWFlOWFmYzkzYjg5YTIzZmU3Iiwic3RvcmFnZSI6InB1YmxpY19zdG9yZSJ9?signature=9589191fe8e8372f03cc1eafaa844916cfe9f79df0af381c3fcba9ff575f2803",
            "productDescription": ""
        },
        "priceData": {
            "bestPrice": "7.10",
            "price": "7.10",
            "pricePerLitre": 8.5,
            "bestPricePerLitre": 8.5
        },
        "store": {
            "id": "5e6030689cdbf54492018c12",
            "name": "Te Ngae"
        },
        "timestamp": "2021-08-16T17:56:39.245290"
    },
    {
        "productData": {
            "name": "V Pure Energy Drink Bottle 330ml",
            "productId": "v-pure-330ml-bottle",
            "productShopPage": "https://tengae.store.freshchoice.co.nz/lines/v-pure-330ml-bottle",
            "productImageURL": "https://dtgxwmigmg3gc.cloudfront.net/imagery/assets/derivations/icon/512/512/true/eyJpZCI6ImFjZmFlNGE1MmQ1ZmNhOTVhN2IyNzdhOGQ3ZTBjNTY0Iiwic3RvcmFnZSI6InB1YmxpY19zdG9yZSJ9?signature=ff03797de044ef70d02854192249a79b3cd819353c7171ef7358378e76bfc089",
            "productDescription": ""
        },
        "priceData": {
            "bestPrice": "3.50",
            "price": "3.50",
            "pricePerLitre": 10.600000000000001,
            "bestPricePerLitre": 10.600000000000001
        },
        "store": {
            "id": "5e6030689cdbf54492018c12",
            "name": "Te Ngae"
        },
        "timestamp": "2021-08-16T17:56:43.594735"
    },
    {
        "productData": {
            "name": "V Green Energy Drink 355ml 6 Pack",
            "productId": "v-green-energy-drink-355ml-6-pack",
            "productShopPage": "https://tengae.store.freshchoice.co.nz/lines/v-green-energy-drink-355ml-6-pack",
            "productImageURL": "https://dtgxwmigmg3gc.cloudfront.net/imagery/assets/derivations/icon/512/512/true/eyJpZCI6ImRiOTAxYjhjNGE3NzQyNTEyYTljM2M5YTI2ZmQ5MTE5Iiwic3RvcmFnZSI6InB1YmxpY19zdG9yZSJ9?signature=12de0554d72324a76472d930a39c587a4837a2f051666f744164725a96b2f104",
            "productDescription": ""
        },
        "priceData": {
            "bestPrice": "11.00",
            "price": "11.00",
            "pricePerLitre": 7.7,
            "bestPricePerLitre": 7.7
        },
        "store": {
            "id": "5e6030689cdbf54492018c12",
            "name": "Te Ngae"
        },
        "timestamp": "2021-08-16T17:56:44.777210"
    },
    {
        "productData": {
            "name": "Monster Super Fuel Zero Sugar 550ml",
            "productId": "monster-super-fuel-zero-sugar-550ml",
            "productShopPage": "https://tengae.store.freshchoice.co.nz/lines/monster-super-fuel-zero-sugar-550ml",
            "productImageURL": "https://dtgxwmigmg3gc.cloudfront.net/imagery/assets/derivations/icon/512/512/true/eyJpZCI6IjRkOTE3NzhmODIxNDI1ZDJjNDg3Yjc0M2YyMzEyYmYxIiwic3RvcmFnZSI6InB1YmxpY19zdG9yZSJ9?signature=4b9dbd15c40f85466e597873c567f989183b284947e8c8dc4df58667789214a2",
            "productDescription": ""
        },
        "priceData": {
            "bestPrice": "3.50",
            "price": "3.50",
            "pricePerLitre": 7.3,
            "bestPricePerLitre": 7.3
        },
        "store": {
            "id": "5e6030689cdbf54492018c12",
            "name": "Te Ngae"
        },
        "timestamp": "2021-08-16T17:56:48.864561"
    },
    {
        "productData": {
            "name": "Monster Mule Ginger Brew 500ml",
            "productId": "monster-mule-ginger-brew-500ml",
            "productShopPage": "https://tengae.store.freshchoice.co.nz/lines/monster-mule-ginger-brew-500ml",
            "productImageURL": "https://dtgxwmigmg3gc.cloudfront.net/imagery/assets/derivations/icon/512/512/true/eyJpZCI6ImM1OTM5MTIyZTRlNmNhNzk0ODFlMDE4ZWVmMWE2Y2ZlIiwic3RvcmFnZSI6InB1YmxpY19zdG9yZSJ9?signature=5d11287f30ef58c148e37382d61c0d83097d5461683a9aa5dd9456941c1f32e5",
            "productDescription": ""
        },
        "priceData": {
            "bestPrice": "2.50",
            "price": "2.50",
            "pricePerLitre": 6.0,
            "bestPricePerLitre": 6.0
        },
        "store": {
            "id": "5e6030689cdbf54492018c12",
            "name": "Te Ngae"
        },
        "timestamp": "2021-08-16T17:56:49.839152"
    },
    {
        "productData": {
            "name": "Monster Super Fuel Purple Passion 550ml",
            "productId": "monster-super-fuel-purple-passion-550ml",
            "productShopPage": "https://tengae.store.freshchoice.co.nz/lines/monster-super-fuel-purple-passion-550ml",
            "productImageURL": "https://dtgxwmigmg3gc.cloudfront.net/imagery/assets/derivations/icon/512/512/true/eyJpZCI6IjNkMTY1OTQwMzgyOTZjZjVlMjNlNjBjMDQ3NTE1YWM0Iiwic3RvcmFnZSI6InB1YmxpY19zdG9yZSJ9?signature=4d4ccd77dab941d955a8037242a41833afdc7251d3bd5b5c4b99705770273998",
            "productDescription": ""
        },
        "priceData": {
            "bestPrice": "3.50",
            "price": "3.50",
            "pricePerLitre": 7.3,
            "bestPricePerLitre": 7.3
        },
        "store": {
            "id": "5e6030689cdbf54492018c12",
            "name": "Te Ngae"
        },
        "timestamp": "2021-08-16T17:56:52.823271"
    },
    {
        "productData": {
            "name": "Monster Energy Pipeline Punch 500ml",
            "productId": "monster-energy-pipeline-punch-500ml",
            "productShopPage": "https://tengae.store.freshchoice.co.nz/lines/monster-energy-pipeline-punch-500ml",
            "productImageURL": "https://dtgxwmigmg3gc.cloudfront.net/imagery/assets/derivations/icon/512/512/true/eyJpZCI6IjM3ZWY2OTY5OWFlNTJlZTRjNTY1ZmFmYWIwOTIxMjg4Iiwic3RvcmFnZSI6InB1YmxpY19zdG9yZSJ9?signature=79ed6699c35bd716a9d5d9457c39ce62c523edaa4059b6b45d4dcc7caf65cef9",
            "productDescription": ""
        },
        "priceData": {
            "bestPrice": "2.50",
            "price": "2.50",
            "pricePerLitre": 6.0,
            "bestPricePerLitre": 6.0
        },
        "store": {
            "id": "5e6030689cdbf54492018c12",
            "name": "Te Ngae"
        },
        "timestamp": "2021-08-16T17:56:53.833114"
    },
    {
        "productData": {
            "name": "Live Plus Energy Drink Citrus Flavour 500ml",
            "productId": "live-plus-persist-500ml",
            "productShopPage": "https://tengae.store.freshchoice.co.nz/lines/live-plus-persist-500ml",
            "productImageURL": "https://dtgxwmigmg3gc.cloudfront.net/imagery/assets/derivations/icon/512/512/true/eyJpZCI6IjFlNWQ5YzI4OWM1N2UzNmYzZmI2NThlMDQzZTI3ZjE4Iiwic3RvcmFnZSI6InB1YmxpY19zdG9yZSJ9?signature=756b17fefe47174b90e7dbec8cd09db27f9f59f4994bc750b71256ae93ba9fa8",
            "productDescription": ""
        },
        "priceData": {
            "bestPrice": "2.00",
            "price": "2.00",
            "pricePerLitre": 4.0,
            "bestPricePerLitre": 4.0
        },
        "store": {
            "id": "5e6030689cdbf54492018c12",
            "name": "Te Ngae"
        },
        "timestamp": "2021-08-16T17:56:55.043384"
    },
    {
        "productData": {
            "name": "Live Plus Energy Drink Tart Apple Apple Flavour 500ml",
            "productId": "live-plus-ignite-500ml",
            "productShopPage": "https://tengae.store.freshchoice.co.nz/lines/live-plus-ignite-500ml",
            "productImageURL": "https://dtgxwmigmg3gc.cloudfront.net/imagery/assets/derivations/icon/512/512/true/eyJpZCI6IjViOGViZjhmZTQzYjFlYTMzNDM5YjJjMjg3ZDRmY2YyIiwic3RvcmFnZSI6InB1YmxpY19zdG9yZSJ9?signature=140ae19352cd0dcec7e77f90fa4dfaa9fa17086439f730510afc5d906e1415bf",
            "productDescription": ""
        },
        "priceData": {
            "bestPrice": "2.00",
            "price": "2.00",
            "pricePerLitre": 4.0,
            "bestPricePerLitre": 4.0
        },
        "store": {
            "id": "5e6030689cdbf54492018c12",
            "name": "Te Ngae"
        },
        "timestamp": "2021-08-16T17:56:56.155036"
    },
    {
        "productData": {
            "name": "V Guarana Energy Drink Blue Sugarfree 250ml",
            "productId": "v-blue-sugarfree-energy-drink-250ml",
            "productShopPage": "https://tengae.store.freshchoice.co.nz/lines/v-blue-sugarfree-energy-drink-250ml",
            "productImageURL": "https://dtgxwmigmg3gc.cloudfront.net/imagery/assets/derivations/icon/512/512/true/eyJpZCI6IjI3YWJiOTVhYjNhMjEwMDU2MWJhMmRhNTM3YjRhZjVmIiwic3RvcmFnZSI6InB1YmxpY19zdG9yZSJ9?signature=66769306ca1d0ba674603954d338186dc999f6d1839090d49fde9416b3252365",
            "productDescription": ""
        },
        "priceData": {
            "bestPrice": "2.20",
            "price": "2.20",
            "pricePerLitre": 8.8,
            "bestPricePerLitre": 8.8
        },
        "store": {
            "id": "5e6030689cdbf54492018c12",
            "name": "Te Ngae"
        },
        "timestamp": "2021-08-16T17:56:57.202105"
    },
    {
        "productData": {
            "name": "Live Plus Energy Drink Original Citrus Flavour 355ml",
            "productId": "live-plus-persist-glass-355ml",
            "productShopPage": "https://tengae.store.freshchoice.co.nz/lines/live-plus-persist-glass-355ml",
            "productImageURL": "https://dtgxwmigmg3gc.cloudfront.net/imagery/assets/derivations/icon/512/512/true/eyJpZCI6ImYzMjZlMTdmMmI5ZGRjZGYzYmFmNzNiMWQzN2Y5NDI4Iiwic3RvcmFnZSI6InB1YmxpY19zdG9yZSJ9?signature=8fa31eb2b309e9c7a293ba2e7a7541e3cdc686b1d3f519044aa97c666ae5f630",
            "productDescription": ""
        },
        "priceData": {
            "bestPrice": "2.00",
            "price": "2.00",
            "pricePerLitre": 7.9,
            "bestPricePerLitre": 7.9
        },
        "store": {
            "id": "5e6030689cdbf54492018c12",
            "name": "Te Ngae"
        },
        "timestamp": "2021-08-16T17:57:01.501890"
    },
    {
        "productData": {
            "name": "Live Plus Energy Drink Original Citrus Flavour 6x250ml",
            "productId": "live-plus-persist-250ml-6pack",
            "productShopPage": "https://tengae.store.freshchoice.co.nz/lines/live-plus-persist-250ml-6pack",
            "productImageURL": "https://dtgxwmigmg3gc.cloudfront.net/imagery/assets/derivations/icon/512/512/true/eyJpZCI6IjNmODNiNGI4MzI4MzJmNzhjZmJhNDA1OGUyZWFlM2ZhIiwic3RvcmFnZSI6InB1YmxpY19zdG9yZSJ9?signature=0257f943d0c41562773e51cbd42327ad911228832e33494e9c30381e20305337",
            "productDescription": ""
        },
        "priceData": {
            "bestPrice": "7.70",
            "price": "7.70",
            "pricePerLitre": 5.1,
            "bestPricePerLitre": 5.1
        },
        "store": {
            "id": "5e6030689cdbf54492018c12",
            "name": "Te Ngae"
        },
        "timestamp": "2021-08-16T17:57:02.609743"
    },
    {
        "productData": {
            "name": "Rockstar Original Energy Drink 500ml",
            "productId": "rockstar-original-energy-drink-500ml",
            "productShopPage": "https://tengae.store.freshchoice.co.nz/lines/rockstar-original-energy-drink-500ml",
            "productImageURL": "https://dtgxwmigmg3gc.cloudfront.net/imagery/assets/derivations/icon/512/512/true/eyJpZCI6IjA1ZmRmMjE1MTQ0Zjk0YjgzMDFlNzEyMjQ5OWMzZjNjIiwic3RvcmFnZSI6InB1YmxpY19zdG9yZSJ9?signature=d3b539814d47e6a54c00fa8c8b73164ccb677a65cf673f3532132f7f04c657f5",
            "productDescription": ""
        },
        "priceData": {
            "bestPrice": "2.00",
            "price": "2.00",
            "pricePerLitre": 4.0,
            "bestPricePerLitre": 4.0
        },
        "store": {
            "id": "5e6030689cdbf54492018c12",
            "name": "Te Ngae"
        },
        "timestamp": "2021-08-16T17:57:07.836869"
    },
    {
        "productData": {
            "name": "Rockstar Punched Energy Guava 500ml",
            "productId": "rockstar-punched-energy-guava-500ml",
            "productShopPage": "https://tengae.store.freshchoice.co.nz/lines/rockstar-punched-energy-guava-500ml",
            "productImageURL": "https://dtgxwmigmg3gc.cloudfront.net/imagery/assets/derivations/icon/512/512/true/eyJpZCI6IjBmNGEyNjU2MGQwM2Y4OGI4MWE3ZTMyODUzYTRlN2QyIiwic3RvcmFnZSI6InB1YmxpY19zdG9yZSJ9?signature=fab45ac774e74d87cf7a79de075f47290676fd6d4afcf212198c745670d5ce29",
            "productDescription": ""
        },
        "priceData": {
            "bestPrice": "2.00",
            "price": "2.00",
            "pricePerLitre": 4.0,
            "bestPricePerLitre": 4.0
        },
        "store": {
            "id": "5e6030689cdbf54492018c12",
            "name": "Te Ngae"
        },
        "timestamp": "2021-08-16T17:57:09.084855"
    },
    {
        "productData": {
            "name": "Rockstar Punched Watermelon Freeze Energy Drink 500ml",
            "productId": "rockstar-punched-watermelon-freeze-energy-drink-500ml",
            "productShopPage": "https://tengae.store.freshchoice.co.nz/lines/rockstar-punched-watermelon-freeze-energy-drink-500ml",
            "productImageURL": "https://dtgxwmigmg3gc.cloudfront.net/imagery/assets/derivations/icon/512/512/true/eyJpZCI6IjlhMzZkN2M2YmNhYzgwZGNlNzQ1NjBkOTA5NGU3MzQ2Iiwic3RvcmFnZSI6InB1YmxpY19zdG9yZSJ9?signature=09f452e46dbf31dd8b35e72b6651c800dd4e8856d7322f55db022f54e5cc9867",
            "productDescription": ""
        },
        "priceData": {
            "bestPrice": "2.00",
            "price": "2.00",
            "pricePerLitre": 4.0,
            "bestPricePerLitre": 4.0
        },
        "store": {
            "id": "5e6030689cdbf54492018c12",
            "name": "Te Ngae"
        },
        "timestamp": "2021-08-16T17:57:10.096779"
    },
    {
        "productData": {
            "name": "Monster Energy Drink Ultra Rosa 500ml",
            "productId": "monster-energy-drink-ultra-rosa-500ml",
            "productShopPage": "https://waimauku.store.freshchoice.co.nz/lines/monster-energy-drink-ultra-rosa-500ml",
            "productImageURL": "https://dtgxwmigmg3gc.cloudfront.net/imagery/assets/derivations/icon/512/512/true/eyJpZCI6IjZjYzFjMzcwYzM4Mzk4N2MyOTUzNWIyMTFjZTJlYjgxIiwic3RvcmFnZSI6InB1YmxpY19zdG9yZSJ9?signature=9cd08284785f9b24647ecc7d1dc08214d9d00318cc809bebdef1921d6b78bb95",
            "productDescription": ""
        },
        "priceData": {
            "bestPrice": "2.50",
            "price": "2.50",
            "pricePerLitre": 6.0,
            "bestPricePerLitre": 6.0
        },
        "store": {
            "id": "5e736e0d60b75a139404c695",
            "name": "Waimauku"
        },
        "timestamp": "2021-08-16T17:57:21.362574"
    },
    {
        "productData": {
            "name": "Monster Energy Pipeline Punch 500ml",
            "productId": "monster-energy-p-line-pnch-500ml",
            "productShopPage": "https://waimauku.store.freshchoice.co.nz/lines/monster-energy-p-line-pnch-500ml",
            "productImageURL": "https://dtgxwmigmg3gc.cloudfront.net/imagery/assets/derivations/icon/512/512/true/eyJpZCI6IjM3ZWY2OTY5OWFlNTJlZTRjNTY1ZmFmYWIwOTIxMjg4Iiwic3RvcmFnZSI6InB1YmxpY19zdG9yZSJ9?signature=79ed6699c35bd716a9d5d9457c39ce62c523edaa4059b6b45d4dcc7caf65cef9",
            "productDescription": ""
        },
        "priceData": {
            "bestPrice": "2.50",
            "price": "2.50",
            "pricePerLitre": 6.0,
            "bestPricePerLitre": 6.0
        },
        "store": {
            "id": "5e736e0d60b75a139404c695",
            "name": "Waimauku"
        },
        "timestamp": "2021-08-16T17:57:24.352370"
    },
    {
        "productData": {
            "name": "Mother Tropical Blast 500ml",
            "productId": "mother-tropical-blast-500ml",
            "productShopPage": "https://waimauku.store.freshchoice.co.nz/lines/mother-tropical-blast-500ml",
            "productImageURL": "https://dtgxwmigmg3gc.cloudfront.net/imagery/assets/derivations/icon/512/512/true/eyJpZCI6ImEyZmM1OTUwNDhlODM5YTRhMjQ2MTI1OGEyYzNlZWZhIiwic3RvcmFnZSI6InB1YmxpY19zdG9yZSJ9?signature=6c9470ee4067e8ec32b58eeac9d628404d3986058a9b1cdef46014d1bee50944",
            "productDescription": ""
        },
        "priceData": {
            "bestPrice": "2.00",
            "price": "2.00",
            "pricePerLitre": 4.0,
            "bestPricePerLitre": 4.0
        },
        "store": {
            "id": "5e736e0d60b75a139404c695",
            "name": "Waimauku"
        },
        "timestamp": "2021-08-16T17:57:30.737926"
    },
    {
        "productData": {
            "name": "Mother Epic Swell Energy Drink Twisted Apple 500ml",
            "productId": "mother-epic-swell-energy-drink-twisted-apple-500ml",
            "productShopPage": "https://waimauku.store.freshchoice.co.nz/lines/mother-epic-swell-energy-drink-twisted-apple-500ml",
            "productImageURL": "https://dtgxwmigmg3gc.cloudfront.net/imagery/assets/derivations/icon/512/512/true/eyJpZCI6ImE2ZjYxOGNhNjUyYzMxNzRhNjg2MDBhMGVjZmQ3MmJkIiwic3RvcmFnZSI6InB1YmxpY19zdG9yZSJ9?signature=954f74f8aba0fb24cb2a5248b1e93fe8a62fb8c7f902abbb08b7aed24bc44c80",
            "productDescription": ""
        },
        "priceData": {
            "bestPrice": "2.00",
            "price": "2.00",
            "pricePerLitre": 4.0,
            "bestPricePerLitre": 4.0
        },
        "store": {
            "id": "5e736e0d60b75a139404c695",
            "name": "Waimauku"
        },
        "timestamp": "2021-08-16T17:57:32.705901"
    },
    {
        "productData": {
            "name": "V Energy Drink Guarana 500ml",
            "productId": "v-energy-drink-guarana-500ml",
            "productShopPage": "https://waimauku.store.freshchoice.co.nz/lines/v-energy-drink-guarana-500ml",
            "productImageURL": "https://dtgxwmigmg3gc.cloudfront.net/imagery/assets/derivations/icon/512/512/true/eyJpZCI6IjgzZDAxMjhiMzg4NmEwZmE4YTE2ZjY2NWIzNmM2NzI2Iiwic3RvcmFnZSI6InB1YmxpY19zdG9yZSJ9?signature=f55ecc561066291a4e74a967db35ea2355f881bd1708bf400fd790032384ae4f",
            "productDescription": ""
        },
        "priceData": {
            "bestPrice": "2.50",
            "price": "2.50",
            "pricePerLitre": 7.6,
            "bestPricePerLitre": 7.6
        },
        "store": {
            "id": "5e736e0d60b75a139404c695",
            "name": "Waimauku"
        },
        "timestamp": "2021-08-16T17:57:36.178549"
    },
    {
        "productData": {
            "name": "V Energy Drink Sugarfree 500ml",
            "productId": "v-energy-drink-sugarfree-500ml",
            "productShopPage": "https://waimauku.store.freshchoice.co.nz/lines/v-energy-drink-sugarfree-500ml",
            "productImageURL": "https://dtgxwmigmg3gc.cloudfront.net/imagery/assets/derivations/icon/512/512/true/eyJpZCI6ImVkZTAxNTNmMDI1NmU1NDZjNWQ5MTc3MjE3ZTQ3YTQ0Iiwic3RvcmFnZSI6InB1YmxpY19zdG9yZSJ9?signature=abcf72d9faa9ee3044eaa3b7ee0bf9b4fd8f582379018d8727f2234b7d3f3c85",
            "productDescription": ""
        },
        "priceData": {
            "bestPrice": "2.50",
            "price": "2.50",
            "pricePerLitre": 7.6,
            "bestPricePerLitre": 7.6
        },
        "store": {
            "id": "5e736e0d60b75a139404c695",
            "name": "Waimauku"
        },
        "timestamp": "2021-08-16T17:57:37.263530"
    },
    {
        "productData": {
            "name": "V Blue Energy Drink Bottle 500ml",
            "productId": "v-blue-energy-drink-bottle-500ml",
            "productShopPage": "https://waimauku.store.freshchoice.co.nz/lines/v-blue-energy-drink-bottle-500ml",
            "productImageURL": "https://dtgxwmigmg3gc.cloudfront.net/imagery/assets/derivations/icon/512/512/true/eyJpZCI6IjgyYWYxYWY4MGI4MzUxODhiYmVhZGVhM2U2NzY0MzI5Iiwic3RvcmFnZSI6InB1YmxpY19zdG9yZSJ9?signature=7e70fc576864a528a1431734d680cbf177a11b419a692dbfd34800c31b8944ec",
            "productDescription": ""
        },
        "priceData": {
            "bestPrice": "2.50",
            "price": "2.50",
            "pricePerLitre": 7.6,
            "bestPricePerLitre": 7.6
        },
        "store": {
            "id": "5e736e0d60b75a139404c695",
            "name": "Waimauku"
        },
        "timestamp": "2021-08-16T17:57:48.775909"
    },
    {
        "productData": {
            "name": "V Blue Sugarfree Energy Drink 500ml",
            "productId": "v-blue-sugarfree-energy-drink-500ml",
            "productShopPage": "https://waimauku.store.freshchoice.co.nz/lines/v-blue-sugarfree-energy-drink-500ml",
            "productImageURL": "https://dtgxwmigmg3gc.cloudfront.net/imagery/assets/derivations/icon/512/512/true/eyJpZCI6ImVmYjQyOWRmM2JjZjc3NTY1ZDIwMTEyNTY0MDdmZjA1Iiwic3RvcmFnZSI6InB1YmxpY19zdG9yZSJ9?signature=2911d59474d8305039a3be3bef0f887c38d9ab84596314b13cc4b150101175ab",
            "productDescription": ""
        },
        "priceData": {
            "bestPrice": "3.50",
            "price": "3.50",
            "pricePerLitre": 7.0,
            "bestPricePerLitre": 7.0
        },
        "store": {
            "id": "5e736e0d60b75a139404c695",
            "name": "Waimauku"
        },
        "timestamp": "2021-08-16T17:57:49.887095"
    },
    {
        "productData": {
            "name": "V Energy Drink Sugar Free Guarana 275ml 4 Pack",
            "productId": "v-energy-drink-sugar-free-guarana-275ml-4-pack",
            "productShopPage": "https://waimauku.store.freshchoice.co.nz/lines/v-energy-drink-sugar-free-guarana-275ml-4-pack",
            "productImageURL": "https://dtgxwmigmg3gc.cloudfront.net/imagery/assets/derivations/icon/512/512/true/eyJpZCI6IjdiYzk4MzAyN2RlNTU0MjQ4NDZkZTEzOTYzMDhmZWY0Iiwic3RvcmFnZSI6InB1YmxpY19zdG9yZSJ9?signature=6fe2c0378a010de1a1a8a9b1ea9c06d97cf3e6fef4a86c66b9cdd5f4bab7bcd6",
            "productDescription": ""
        },
        "priceData": {
            "bestPrice": "7.10",
            "price": "7.10",
            "pricePerLitre": 8.5,
            "bestPricePerLitre": 8.5
        },
        "store": {
            "id": "5e736e0d60b75a139404c695",
            "name": "Waimauku"
        },
        "timestamp": "2021-08-16T17:57:59.916593"
    },
    {
        "productData": {
            "name": "V Energy Drink Sugar Free Guarana Bottle 350ml",
            "productId": "v-energy-drink-sugar-free-guarana-bottle-350ml",
            "productShopPage": "https://waimauku.store.freshchoice.co.nz/lines/v-energy-drink-sugar-free-guarana-bottle-350ml",
            "productImageURL": "https://dtgxwmigmg3gc.cloudfront.net/imagery/assets/derivations/icon/512/512/true/eyJpZCI6IjQzYmZlOTg1YzY2ZGQ0ZDI1YzUyZDk3MGJhMmJhMGM3Iiwic3RvcmFnZSI6InB1YmxpY19zdG9yZSJ9?signature=7a4bb3eb2264f52495ae9ba8fbf21b5a3e59e12c0d6208cfa1591261da333f55",
            "productDescription": ""
        },
        "priceData": {
            "bestPrice": "3.50",
            "price": "3.50",
            "pricePerLitre": 10.0,
            "bestPricePerLitre": 10.0
        },
        "store": {
            "id": "5e736e0d60b75a139404c695",
            "name": "Waimauku"
        },
        "timestamp": "2021-08-16T17:58:01.076770"
    },
    {
        "productData": {
            "name": "Monster Super Fuel Zero Sugar 550ml",
            "productId": "monster-super-fuel-zero-sugar-550ml",
            "productShopPage": "https://waimauku.store.freshchoice.co.nz/lines/monster-super-fuel-zero-sugar-550ml",
            "productImageURL": "https://dtgxwmigmg3gc.cloudfront.net/imagery/assets/derivations/icon/512/512/true/eyJpZCI6IjRkOTE3NzhmODIxNDI1ZDJjNDg3Yjc0M2YyMzEyYmYxIiwic3RvcmFnZSI6InB1YmxpY19zdG9yZSJ9?signature=4b9dbd15c40f85466e597873c567f989183b284947e8c8dc4df58667789214a2",
            "productDescription": ""
        },
        "priceData": {
            "bestPrice": "3.50",
            "price": "3.50",
            "pricePerLitre": 7.3,
            "bestPricePerLitre": 7.3
        },
        "store": {
            "id": "5e736e0d60b75a139404c695",
            "name": "Waimauku"
        },
        "timestamp": "2021-08-16T17:58:10.554547"
    },
    {
        "productData": {
            "name": "Monster Mule Ginger Brew 500ml",
            "productId": "monster-mule-ginger-brew-500ml",
            "productShopPage": "https://waimauku.store.freshchoice.co.nz/lines/monster-mule-ginger-brew-500ml",
            "productImageURL": "https://dtgxwmigmg3gc.cloudfront.net/imagery/assets/derivations/icon/512/512/true/eyJpZCI6ImM1OTM5MTIyZTRlNmNhNzk0ODFlMDE4ZWVmMWE2Y2ZlIiwic3RvcmFnZSI6InB1YmxpY19zdG9yZSJ9?signature=5d11287f30ef58c148e37382d61c0d83097d5461683a9aa5dd9456941c1f32e5",
            "productDescription": ""
        },
        "priceData": {
            "bestPrice": "2.50",
            "price": "2.50",
            "pricePerLitre": 6.0,
            "bestPricePerLitre": 6.0
        },
        "store": {
            "id": "5e736e0d60b75a139404c695",
            "name": "Waimauku"
        },
        "timestamp": "2021-08-16T17:58:11.898486"
    },
    {
        "productData": {
            "name": "Monster Super Fuel Purple Passion 550ml",
            "productId": "monster-super-fuel-purple-passion-550ml",
            "productShopPage": "https://waimauku.store.freshchoice.co.nz/lines/monster-super-fuel-purple-passion-550ml",
            "productImageURL": "https://dtgxwmigmg3gc.cloudfront.net/imagery/assets/derivations/icon/512/512/true/eyJpZCI6IjNkMTY1OTQwMzgyOTZjZjVlMjNlNjBjMDQ3NTE1YWM0Iiwic3RvcmFnZSI6InB1YmxpY19zdG9yZSJ9?signature=4d4ccd77dab941d955a8037242a41833afdc7251d3bd5b5c4b99705770273998",
            "productDescription": ""
        },
        "priceData": {
            "bestPrice": "3.50",
            "price": "3.50",
            "pricePerLitre": 7.3,
            "bestPricePerLitre": 7.3
        },
        "store": {
            "id": "5e736e0d60b75a139404c695",
            "name": "Waimauku"
        },
        "timestamp": "2021-08-16T17:58:14.761618"
    },
    {
        "productData": {
            "name": "V Guarana Energy Drink Blue Sugarfree 250ml",
            "productId": "v-blue-sugarfree-energy-drink-250ml",
            "productShopPage": "https://waimauku.store.freshchoice.co.nz/lines/v-blue-sugarfree-energy-drink-250ml",
            "productImageURL": "https://dtgxwmigmg3gc.cloudfront.net/imagery/assets/derivations/icon/512/512/true/eyJpZCI6IjI3YWJiOTVhYjNhMjEwMDU2MWJhMmRhNTM3YjRhZjVmIiwic3RvcmFnZSI6InB1YmxpY19zdG9yZSJ9?signature=66769306ca1d0ba674603954d338186dc999f6d1839090d49fde9416b3252365",
            "productDescription": ""
        },
        "priceData": {
            "bestPrice": "2.20",
            "price": "2.20",
            "pricePerLitre": 8.8,
            "bestPricePerLitre": 8.8
        },
        "store": {
            "id": "5e736e0d60b75a139404c695",
            "name": "Waimauku"
        },
        "timestamp": "2021-08-16T17:58:18.763266"
    },
    {
        "productData": {
            "name": "Live Plus Energy Drink Persist Glass 355ml",
            "productId": "live-plus-persist-glass-355ml",
            "productShopPage": "https://waimauku.store.freshchoice.co.nz/lines/live-plus-persist-glass-355ml",
            "productImageURL": "https://dtgxwmigmg3gc.cloudfront.net/imagery/assets/derivations/icon/512/512/true/eyJpZCI6IjBiMjhiZTQ0NDk1ODBiZWI4NDRkY2JhM2MxZDdhOTMwIiwic3RvcmFnZSI6InB1YmxpY19zdG9yZSJ9?signature=62025738d86469fbbd64cd53b03b4beee6372d1fbd30b8a9c5708ffdafeebf0d",
            "productDescription": ""
        },
        "priceData": {
            "bestPrice": "2.00",
            "price": "2.00",
            "pricePerLitre": 7.9,
            "bestPricePerLitre": 7.9
        },
        "store": {
            "id": "5e736e0d60b75a139404c695",
            "name": "Waimauku"
        },
        "timestamp": "2021-08-16T17:58:20.810540"
    },
    {
        "productData": {
            "name": "Monster Energy Ultra Paradise 500ml",
            "productId": "monster-energy-drink-ultra-paradise-500ml",
            "productShopPage": "https://barrington.store.freshchoice.co.nz/lines/monster-energy-drink-ultra-paradise-500ml",
            "productImageURL": "https://dtgxwmigmg3gc.cloudfront.net/imagery/assets/derivations/icon/512/512/true/eyJpZCI6ImZiZDRkZTQxNzA0M2FiYTUyMjMwZWI0NTcyZGNmYTE1Iiwic3RvcmFnZSI6InB1YmxpY19zdG9yZSJ9?signature=8a439bf26b71114289dfea1720ed331b1e4784c534deade29db8ac38b1cc7c1a",
            "productDescription": ""
        },
        "priceData": {
            "bestPrice": "2.50",
            "price": "2.50",
            "pricePerLitre": 6.0,
            "bestPricePerLitre": 6.0
        },
        "store": {
            "id": "5817bdf5777a4256e504a7a2",
            "name": "Barrington"
        },
        "timestamp": "2021-08-16T17:58:30.902358"
    },
    {
        "productData": {
            "name": "Monster Energy Drink Can Green 500ml",
            "productId": "monster-energy-green-500ml",
            "productShopPage": "https://barrington.store.freshchoice.co.nz/lines/monster-energy-green-500ml",
            "productImageURL": "https://dtgxwmigmg3gc.cloudfront.net/imagery/assets/derivations/icon/512/512/true/eyJpZCI6ImU3ZjNiNjJiNzI4Y2M0MTIxMjhiNjQ2ZmQ2OTQzMGEzIiwic3RvcmFnZSI6InB1YmxpY19zdG9yZSJ9?signature=637eac56411f57a79f345ea693f1418330d5742c3a04caddb460696dba06da06",
            "productDescription": ""
        },
        "priceData": {
            "bestPrice": "2.50",
            "price": "2.50",
            "pricePerLitre": 6.0,
            "bestPricePerLitre": 6.0
        },
        "store": {
            "id": "5817bdf5777a4256e504a7a2",
            "name": "Barrington"
        },
        "timestamp": "2021-08-16T17:58:34.244291"
    },
    {
        "productData": {
            "name": "Monster Energy Drink Ultra Rosa 500ml",
            "productId": "monster-energy-drink-ultra-rosa-500ml",
            "productShopPage": "https://barrington.store.freshchoice.co.nz/lines/monster-energy-drink-ultra-rosa-500ml",
            "productImageURL": "https://dtgxwmigmg3gc.cloudfront.net/imagery/assets/derivations/icon/512/512/true/eyJpZCI6IjZjYzFjMzcwYzM4Mzk4N2MyOTUzNWIyMTFjZTJlYjgxIiwic3RvcmFnZSI6InB1YmxpY19zdG9yZSJ9?signature=9cd08284785f9b24647ecc7d1dc08214d9d00318cc809bebdef1921d6b78bb95",
            "productDescription": ""
        },
        "priceData": {
            "bestPrice": "2.50",
            "price": "2.50",
            "pricePerLitre": 6.0,
            "bestPricePerLitre": 6.0
        },
        "store": {
            "id": "5817bdf5777a4256e504a7a2",
            "name": "Barrington"
        },
        "timestamp": "2021-08-16T17:58:37.452887"
    },
    {
        "productData": {
            "name": "Mother Energy Drink Passion 500ml",
            "productId": "mother-energy-drink-passion-500ml",
            "productShopPage": "https://barrington.store.freshchoice.co.nz/lines/mother-energy-drink-passion-500ml",
            "productImageURL": "https://dtgxwmigmg3gc.cloudfront.net/imagery/assets/derivations/icon/512/512/true/eyJpZCI6ImQwODE2YTc4ZjBmNGU4NTU5Mzg1YjkxZmI5YjIzZjM0Iiwic3RvcmFnZSI6InB1YmxpY19zdG9yZSJ9?signature=713c495fef96a6427b917f0c7c7e855a963749ac5c1bf7dfd71e24ae08ea3123",
            "productDescription": ""
        },
        "priceData": {
            "bestPrice": "2.00",
            "price": "2.00",
            "pricePerLitre": 6.0,
            "bestPricePerLitre": 6.0
        },
        "store": {
            "id": "5817bdf5777a4256e504a7a2",
            "name": "Barrington"
        },
        "timestamp": "2021-08-16T17:58:43.903455"
    },
    {
        "productData": {
            "name": "Mother Tropical Blast 500ml",
            "productId": "mother-tropical-blast-500ml",
            "productShopPage": "https://barrington.store.freshchoice.co.nz/lines/mother-tropical-blast-500ml",
            "productImageURL": "https://dtgxwmigmg3gc.cloudfront.net/imagery/assets/derivations/icon/512/512/true/eyJpZCI6ImEyZmM1OTUwNDhlODM5YTRhMjQ2MTI1OGEyYzNlZWZhIiwic3RvcmFnZSI6InB1YmxpY19zdG9yZSJ9?signature=6c9470ee4067e8ec32b58eeac9d628404d3986058a9b1cdef46014d1bee50944",
            "productDescription": ""
        },
        "priceData": {
            "bestPrice": "2.00",
            "price": "2.00",
            "pricePerLitre": 6.0,
            "bestPricePerLitre": 6.0
        },
        "store": {
            "id": "5817bdf5777a4256e504a7a2",
            "name": "Barrington"
        },
        "timestamp": "2021-08-16T17:58:44.973582"
    },
    {
        "productData": {
            "name": "Mother Epic Swell Energy Drink Twisted Apple 500ml",
            "productId": "mother-epic-swell-energy-drink-twisted-apple-500ml",
            "productShopPage": "https://barrington.store.freshchoice.co.nz/lines/mother-epic-swell-energy-drink-twisted-apple-500ml",
            "productImageURL": "https://dtgxwmigmg3gc.cloudfront.net/imagery/assets/derivations/icon/512/512/true/eyJpZCI6ImE2ZjYxOGNhNjUyYzMxNzRhNjg2MDBhMGVjZmQ3MmJkIiwic3RvcmFnZSI6InB1YmxpY19zdG9yZSJ9?signature=954f74f8aba0fb24cb2a5248b1e93fe8a62fb8c7f902abbb08b7aed24bc44c80",
            "productDescription": ""
        },
        "priceData": {
            "bestPrice": "2.00",
            "price": "2.00",
            "pricePerLitre": 6.0,
            "bestPricePerLitre": 6.0
        },
        "store": {
            "id": "5817bdf5777a4256e504a7a2",
            "name": "Barrington"
        },
        "timestamp": "2021-08-16T17:58:49.373746"
    },
    {
        "productData": {
            "name": "V Energy Drink 710ml Can",
            "productId": "v-energy-drink-710ml-can",
            "productShopPage": "https://barrington.store.freshchoice.co.nz/lines/v-energy-drink-710ml-can",
            "productImageURL": "https://dtgxwmigmg3gc.cloudfront.net/imagery/assets/derivations/icon/512/512/true/eyJpZCI6ImU1Mjg5NDIyNDI0MzhlNGM0N2IxY2FmMmExOWQ0OGI0Iiwic3RvcmFnZSI6InB1YmxpY19zdG9yZSJ9?signature=875386458f8ad66eb59967a1ca6ad24a19d1592f97a894e439af7d9be1852340",
            "productDescription": ""
        },
        "priceData": {
            "bestPrice": "3.20",
            "price": "3.20",
            "pricePerLitre": 5.6000000000000005,
            "bestPricePerLitre": 5.6000000000000005
        },
        "store": {
            "id": "5817bdf5777a4256e504a7a2",
            "name": "Barrington"
        },
        "timestamp": "2021-08-16T17:58:51.569020"
    },
    {
        "productData": {
            "name": "V Energy Drink Raspberry Lemonade 350ml",
            "productId": "v-energy-drink-raspberry-lemonade-350ml",
            "productShopPage": "https://barrington.store.freshchoice.co.nz/lines/v-energy-drink-raspberry-lemonade-350ml",
            "productImageURL": "https://dtgxwmigmg3gc.cloudfront.net/imagery/assets/derivations/icon/512/512/true/eyJpZCI6IjliNWMwMGJkN2IxYWRhY2UxNzU5NzY1ZTI4MjUzZDgyIiwic3RvcmFnZSI6InB1YmxpY19zdG9yZSJ9?signature=1813e587f3636e394a15aa9e19234f9343024a6880220b0dda0a5d69b1f1c010",
            "productDescription": ""
        },
        "priceData": {
            "bestPrice": "3.50",
            "price": "3.50",
            "pricePerLitre": 10.0,
            "bestPricePerLitre": 10.0
        },
        "store": {
            "id": "5817bdf5777a4256e504a7a2",
            "name": "Barrington"
        },
        "timestamp": "2021-08-16T17:59:03.918640"
    },
    {
        "productData": {
            "name": "V Blue Sugarfree Energy Drink 500ml",
            "productId": "v-blue-sugarfree-energy-drink-500ml",
            "productShopPage": "https://barrington.store.freshchoice.co.nz/lines/v-blue-sugarfree-energy-drink-500ml",
            "productImageURL": "https://dtgxwmigmg3gc.cloudfront.net/imagery/assets/derivations/icon/512/512/true/eyJpZCI6ImVmYjQyOWRmM2JjZjc3NTY1ZDIwMTEyNTY0MDdmZjA1Iiwic3RvcmFnZSI6InB1YmxpY19zdG9yZSJ9?signature=2911d59474d8305039a3be3bef0f887c38d9ab84596314b13cc4b150101175ab",
            "productDescription": ""
        },
        "priceData": {
            "bestPrice": "3.50",
            "price": "3.50",
            "pricePerLitre": 7.0,
            "bestPricePerLitre": 7.0
        },
        "store": {
            "id": "5817bdf5777a4256e504a7a2",
            "name": "Barrington"
        },
        "timestamp": "2021-08-16T17:59:11.069858"
    },
    {
        "productData": {
            "name": "V Raspberry Lemonade Energy Drink 500ml",
            "productId": "v-energy-drink-raspberry-lemonade-500ml-can",
            "productShopPage": "https://barrington.store.freshchoice.co.nz/lines/v-energy-drink-raspberry-lemonade-500ml-can",
            "productImageURL": "https://dtgxwmigmg3gc.cloudfront.net/imagery/assets/derivations/icon/512/512/true/eyJpZCI6ImE3N2Y5NzBmY2FhOWZhYmZiOTc3MmYyMzE4MGRiOTcxIiwic3RvcmFnZSI6InB1YmxpY19zdG9yZSJ9?signature=2bb7890fe6d7b0c0c6a522be31c78077be0aa570ca4c8aa5549ccf80761262dc",
            "productDescription": ""
        },
        "priceData": {
            "bestPrice": "3.50",
            "price": "3.50",
            "pricePerLitre": 7.0,
            "bestPricePerLitre": 7.0
        },
        "store": {
            "id": "5817bdf5777a4256e504a7a2",
            "name": "Barrington"
        },
        "timestamp": "2021-08-16T17:59:12.682059"
    },
    {
        "productData": {
            "name": "V Blue Energy Drink Blue Guarana Can 500ml",
            "productId": "v-blue-energy-drink-blue-guarana-can-500ml",
            "productShopPage": "https://barrington.store.freshchoice.co.nz/lines/v-blue-energy-drink-blue-guarana-can-500ml",
            "productImageURL": "https://dtgxwmigmg3gc.cloudfront.net/imagery/assets/derivations/icon/512/512/true/eyJpZCI6ImFmYjEyYjVjYTU2YWI5ZDJhMTVmNGY2MDg2NWFlNzgxIiwic3RvcmFnZSI6InB1YmxpY19zdG9yZSJ9?signature=b537a8cc5a2c0f90f1702b2c541db44c3a740a0ec4a96e92ab2d6537f9320e8d",
            "productDescription": ""
        },
        "priceData": {
            "bestPrice": "3.50",
            "price": "3.50",
            "pricePerLitre": 7.0,
            "bestPricePerLitre": 7.0
        },
        "store": {
            "id": "5817bdf5777a4256e504a7a2",
            "name": "Barrington"
        },
        "timestamp": "2021-08-16T17:59:17.060514"
    },
    {
        "productData": {
            "name": "V Iced Mocha Guarana Energy 500ml",
            "productId": "v-iced-mocha-guarana-energy-500ml",
            "productShopPage": "https://barrington.store.freshchoice.co.nz/lines/v-iced-mocha-guarana-energy-500ml",
            "productImageURL": "https://dtgxwmigmg3gc.cloudfront.net/imagery/assets/derivations/icon/512/512/true/eyJpZCI6ImNiMDRkODVlZmQ2YjhiZGMxMWU4Zjk5OGEwOTczODg1Iiwic3RvcmFnZSI6InB1YmxpY19zdG9yZSJ9?signature=3e63d4ec34ef65794a07ea00749a785cb88ce90997e6e7d12629c3c0f205de6d",
            "productDescription": ""
        },
        "priceData": {
            "bestPrice": "3.50",
            "price": "3.50"
        },
        "store": {
            "id": "5817bdf5777a4256e504a7a2",
            "name": "Barrington"
        },
        "timestamp": "2021-08-16T17:59:19.481515"
    },
    {
        "productData": {
            "name": "Monster Mule Ginger Brew 500ml",
            "productId": "monster-mule-ginger-brew-500ml",
            "productShopPage": "https://barrington.store.freshchoice.co.nz/lines/monster-mule-ginger-brew-500ml",
            "productImageURL": "https://dtgxwmigmg3gc.cloudfront.net/imagery/assets/derivations/icon/512/512/true/eyJpZCI6ImM1OTM5MTIyZTRlNmNhNzk0ODFlMDE4ZWVmMWE2Y2ZlIiwic3RvcmFnZSI6InB1YmxpY19zdG9yZSJ9?signature=5d11287f30ef58c148e37382d61c0d83097d5461683a9aa5dd9456941c1f32e5",
            "productDescription": ""
        },
        "priceData": {
            "bestPrice": "2.50",
            "price": "2.50",
            "pricePerLitre": 6.0,
            "bestPricePerLitre": 6.0
        },
        "store": {
            "id": "5817bdf5777a4256e504a7a2",
            "name": "Barrington"
        },
        "timestamp": "2021-08-16T17:59:35.892931"
    },
    {
        "productData": {
            "name": "Mother Energy Drink Cans 6x250ml",
            "productId": "mother-energy-can-250ml-6-pack",
            "productShopPage": "https://barrington.store.freshchoice.co.nz/lines/mother-energy-can-250ml-6-pack",
            "productImageURL": "https://dtgxwmigmg3gc.cloudfront.net/imagery/assets/derivations/icon/512/512/true/eyJpZCI6IjEyOGFhMmU0Y2VkYTU4ZWFkZmVhOWUwZjdlNTZhOTA4Iiwic3RvcmFnZSI6InB1YmxpY19zdG9yZSJ9?signature=5db1908f64527cf28fa7bf3266a83ab854a07ca50453511f7d414d8e6d5c10fb",
            "productDescription": ""
        },
        "priceData": {
            "bestPrice": "7.70",
            "price": "7.70",
            "pricePerLitre": 5.1,
            "bestPricePerLitre": 5.1
        },
        "store": {
            "id": "5817bdf5777a4256e504a7a2",
            "name": "Barrington"
        },
        "timestamp": "2021-08-16T17:59:36.951904"
    },
    {
        "productData": {
            "name": "Monster Energy Pipeline Punch 500ml",
            "productId": "monster-energy-pipeline-punch-500ml",
            "productShopPage": "https://barrington.store.freshchoice.co.nz/lines/monster-energy-pipeline-punch-500ml",
            "productImageURL": "https://dtgxwmigmg3gc.cloudfront.net/imagery/assets/derivations/icon/512/512/true/eyJpZCI6IjM3ZWY2OTY5OWFlNTJlZTRjNTY1ZmFmYWIwOTIxMjg4Iiwic3RvcmFnZSI6InB1YmxpY19zdG9yZSJ9?signature=79ed6699c35bd716a9d5d9457c39ce62c523edaa4059b6b45d4dcc7caf65cef9",
            "productDescription": ""
        },
        "priceData": {
            "bestPrice": "2.50",
            "price": "2.50",
            "pricePerLitre": 6.0,
            "bestPricePerLitre": 6.0
        },
        "store": {
            "id": "5817bdf5777a4256e504a7a2",
            "name": "Barrington"
        },
        "timestamp": "2021-08-16T17:59:40.019210"
    },
    {
        "productData": {
            "name": "Live Plus Energy Drink Citrus Flavour 500ml",
            "productId": "live-plus-persist-500ml",
            "productShopPage": "https://barrington.store.freshchoice.co.nz/lines/live-plus-persist-500ml",
            "productImageURL": "https://dtgxwmigmg3gc.cloudfront.net/imagery/assets/derivations/icon/512/512/true/eyJpZCI6IjFlNWQ5YzI4OWM1N2UzNmYzZmI2NThlMDQzZTI3ZjE4Iiwic3RvcmFnZSI6InB1YmxpY19zdG9yZSJ9?signature=756b17fefe47174b90e7dbec8cd09db27f9f59f4994bc750b71256ae93ba9fa8",
            "productDescription": ""
        },
        "priceData": {
            "bestPrice": "2.00",
            "price": "2.00",
            "pricePerLitre": 6.0,
            "bestPricePerLitre": 6.0
        },
        "store": {
            "id": "5817bdf5777a4256e504a7a2",
            "name": "Barrington"
        },
        "timestamp": "2021-08-16T17:59:41.572250"
    },
    {
        "productData": {
            "name": "Live Plus Energy Drink Tart Apple Apple Flavour 500ml",
            "productId": "live-plus-ignite-500ml",
            "productShopPage": "https://barrington.store.freshchoice.co.nz/lines/live-plus-ignite-500ml",
            "productImageURL": "https://dtgxwmigmg3gc.cloudfront.net/imagery/assets/derivations/icon/512/512/true/eyJpZCI6IjViOGViZjhmZTQzYjFlYTMzNDM5YjJjMjg3ZDRmY2YyIiwic3RvcmFnZSI6InB1YmxpY19zdG9yZSJ9?signature=140ae19352cd0dcec7e77f90fa4dfaa9fa17086439f730510afc5d906e1415bf",
            "productDescription": ""
        },
        "priceData": {
            "bestPrice": "2.00",
            "price": "2.00",
            "pricePerLitre": 6.0,
            "bestPricePerLitre": 6.0
        },
        "store": {
            "id": "5817bdf5777a4256e504a7a2",
            "name": "Barrington"
        },
        "timestamp": "2021-08-16T17:59:42.907445"
    },
    {
        "productData": {
            "name": "V Guarana Energy Drink Blue Sugarfree 250ml",
            "productId": "v-blue-sugarfree-energy-drink-250ml",
            "productShopPage": "https://barrington.store.freshchoice.co.nz/lines/v-blue-sugarfree-energy-drink-250ml",
            "productImageURL": "https://dtgxwmigmg3gc.cloudfront.net/imagery/assets/derivations/icon/512/512/true/eyJpZCI6IjI3YWJiOTVhYjNhMjEwMDU2MWJhMmRhNTM3YjRhZjVmIiwic3RvcmFnZSI6InB1YmxpY19zdG9yZSJ9?signature=66769306ca1d0ba674603954d338186dc999f6d1839090d49fde9416b3252365",
            "productDescription": ""
        },
        "priceData": {
            "bestPrice": "2.60",
            "price": "2.60",
            "pricePerLitre": 10.4,
            "bestPricePerLitre": 10.4
        },
        "store": {
            "id": "5817bdf5777a4256e504a7a2",
            "name": "Barrington"
        },
        "timestamp": "2021-08-16T17:59:44.018843"
    },
    {
        "productData": {
            "name": "Live Plus Energy Drink Original Citrus Flavour 355ml",
            "productId": "live-plus-persist-glass-355ml",
            "productShopPage": "https://barrington.store.freshchoice.co.nz/lines/live-plus-persist-glass-355ml",
            "productImageURL": "https://dtgxwmigmg3gc.cloudfront.net/imagery/assets/derivations/icon/512/512/true/eyJpZCI6ImYzMjZlMTdmMmI5ZGRjZGYzYmFmNzNiMWQzN2Y5NDI4Iiwic3RvcmFnZSI6InB1YmxpY19zdG9yZSJ9?signature=8fa31eb2b309e9c7a293ba2e7a7541e3cdc686b1d3f519044aa97c666ae5f630",
            "productDescription": ""
        },
        "priceData": {
            "bestPrice": "2.00",
            "price": "2.00",
            "pricePerLitre": 8.100000000000001,
            "bestPricePerLitre": 8.100000000000001
        },
        "store": {
            "id": "5817bdf5777a4256e504a7a2",
            "name": "Barrington"
        },
        "timestamp": "2021-08-16T17:59:46.029443"
    },
    {
        "productData": {
            "name": "Live Plus Energy Drink Original Citrus Flavour 6x250ml",
            "productId": "live-plus-persist-250ml-6pack",
            "productShopPage": "https://barrington.store.freshchoice.co.nz/lines/live-plus-persist-250ml-6pack",
            "productImageURL": "https://dtgxwmigmg3gc.cloudfront.net/imagery/assets/derivations/icon/512/512/true/eyJpZCI6IjNmODNiNGI4MzI4MzJmNzhjZmJhNDA1OGUyZWFlM2ZhIiwic3RvcmFnZSI6InB1YmxpY19zdG9yZSJ9?signature=0257f943d0c41562773e51cbd42327ad911228832e33494e9c30381e20305337",
            "productDescription": ""
        },
        "priceData": {
            "bestPrice": "7.70",
            "price": "7.70",
            "pricePerLitre": 5.1,
            "bestPricePerLitre": 5.1
        },
        "store": {
            "id": "5817bdf5777a4256e504a7a2",
            "name": "Barrington"
        },
        "timestamp": "2021-08-16T17:59:47.184942"
    },
    {
        "productData": {
            "name": "Monster Energy Import 550ml",
            "productId": "monster-energy-import-550ml",
            "productShopPage": "https://citymarket.store.freshchoice.co.nz/lines/monster-energy-import-550ml",
            "productImageURL": "https://dtgxwmigmg3gc.cloudfront.net/imagery/assets/derivations/icon/512/512/true/eyJpZCI6IjExYzliZTgxY2M3MTNjMDQzM2NmZGQ2ZWE1NjI3MTA0Iiwic3RvcmFnZSI6InB1YmxpY19zdG9yZSJ9?signature=e09322a0a00112a858095e689d2e825f79d154fd3e8577005948dde9d51afb47",
            "productDescription": ""
        },
        "priceData": {
            "bestPrice": "4.00",
            "price": "4.00",
            "pricePerLitre": 7.3,
            "bestPricePerLitre": 7.3
        },
        "store": {
            "id": "595ef52252ba0b437e0040db",
            "name": "City Market, Christchurch"
        },
        "timestamp": "2021-08-16T17:59:58.883779"
    },
    {
        "productData": {
            "name": "Monster Energy Pipeline Punch 500ml",
            "productId": "monster-energy-p-line-pnch-500ml",
            "productShopPage": "https://citymarket.store.freshchoice.co.nz/lines/monster-energy-p-line-pnch-500ml",
            "productImageURL": "https://dtgxwmigmg3gc.cloudfront.net/imagery/assets/derivations/icon/512/512/true/eyJpZCI6IjM3ZWY2OTY5OWFlNTJlZTRjNTY1ZmFmYWIwOTIxMjg4Iiwic3RvcmFnZSI6InB1YmxpY19zdG9yZSJ9?signature=79ed6699c35bd716a9d5d9457c39ce62c523edaa4059b6b45d4dcc7caf65cef9",
            "productDescription": ""
        },
        "priceData": {
            "bestPrice": "2.50",
            "price": "2.50",
            "pricePerLitre": 8.0,
            "bestPricePerLitre": 8.0
        },
        "store": {
            "id": "595ef52252ba0b437e0040db",
            "name": "City Market, Christchurch"
        },
        "timestamp": "2021-08-16T18:00:04.916557"
    },
    {
        "productData": {
            "name": "Mother Tropical Blast 500ml",
            "productId": "mother-tropical-blast-500ml",
            "productShopPage": "https://citymarket.store.freshchoice.co.nz/lines/mother-tropical-blast-500ml",
            "productImageURL": "https://dtgxwmigmg3gc.cloudfront.net/imagery/assets/derivations/icon/512/512/true/eyJpZCI6ImEyZmM1OTUwNDhlODM5YTRhMjQ2MTI1OGEyYzNlZWZhIiwic3RvcmFnZSI6InB1YmxpY19zdG9yZSJ9?signature=6c9470ee4067e8ec32b58eeac9d628404d3986058a9b1cdef46014d1bee50944",
            "productDescription": ""
        },
        "priceData": {
            "bestPrice": "2.20",
            "price": "2.20",
            "pricePerLitre": 4.4,
            "bestPricePerLitre": 4.4
        },
        "store": {
            "id": "595ef52252ba0b437e0040db",
            "name": "City Market, Christchurch"
        },
        "timestamp": "2021-08-16T18:00:11.303942"
    },
    {
        "productData": {
            "name": "Mother Energy Drink Cans 6x250ml",
            "productId": "mother-energy-can-250ml-6-pack",
            "productShopPage": "https://citymarket.store.freshchoice.co.nz/lines/mother-energy-can-250ml-6-pack",
            "productImageURL": "https://dtgxwmigmg3gc.cloudfront.net/imagery/assets/derivations/icon/512/512/true/eyJpZCI6IjEyOGFhMmU0Y2VkYTU4ZWFkZmVhOWUwZjdlNTZhOTA4Iiwic3RvcmFnZSI6InB1YmxpY19zdG9yZSJ9?signature=5db1908f64527cf28fa7bf3266a83ab854a07ca50453511f7d414d8e6d5c10fb",
            "productDescription": ""
        },
        "priceData": {
            "bestPrice": "7.70",
            "price": "7.70",
            "pricePerLitre": 5.1,
            "bestPricePerLitre": 5.1
        },
        "store": {
            "id": "595ef52252ba0b437e0040db",
            "name": "City Market, Christchurch"
        },
        "timestamp": "2021-08-16T18:00:54.925522"
    },
    {
        "productData": {
            "name": "Live Plus Energy Drink Original Citrus Flavour 6x250ml",
            "productId": "live-plus-persist-250ml-6pack",
            "productShopPage": "https://citymarket.store.freshchoice.co.nz/lines/live-plus-persist-250ml-6pack",
            "productImageURL": "https://dtgxwmigmg3gc.cloudfront.net/imagery/assets/derivations/icon/512/512/true/eyJpZCI6IjNmODNiNGI4MzI4MzJmNzhjZmJhNDA1OGUyZWFlM2ZhIiwic3RvcmFnZSI6InB1YmxpY19zdG9yZSJ9?signature=0257f943d0c41562773e51cbd42327ad911228832e33494e9c30381e20305337",
            "productDescription": ""
        },
        "priceData": {
            "bestPrice": "8.00",
            "price": "8.00",
            "pricePerLitre": 5.300000000000001,
            "bestPricePerLitre": 5.300000000000001
        },
        "store": {
            "id": "595ef52252ba0b437e0040db",
            "name": "City Market, Christchurch"
        },
        "timestamp": "2021-08-16T18:01:05.531632"
    },
    {
        "productData": {
            "name": "Rockstar Energy Drink Blueberry Can 500ml",
            "productId": "rockstar-energy-drink-xdurance-blueberry-can-500ml",
            "productShopPage": "https://citymarket.store.freshchoice.co.nz/lines/rockstar-energy-drink-xdurance-blueberry-can-500ml",
            "productImageURL": "https://dtgxwmigmg3gc.cloudfront.net/imagery/assets/derivations/icon/512/512/true/eyJpZCI6IjY1MTQ4NjBlZDIwNjhlNzI5ZmRhZGMxOTM0ODQyYWU3Iiwic3RvcmFnZSI6InB1YmxpY19zdG9yZSJ9?signature=1eec52fc35535ecd0973dd7428b24690138b0ff6988229d86ccc26bfb1bbfd24",
            "productDescription": ""
        },
        "priceData": {
            "bestPrice": "2.89",
            "price": "2.89",
            "pricePerLitre": 5.8,
            "bestPricePerLitre": 5.8
        },
        "store": {
            "id": "595ef52252ba0b437e0040db",
            "name": "City Market, Christchurch"
        },
        "timestamp": "2021-08-16T18:01:11.869079"
    },
    {
        "productData": {
            "name": "Monster Energy Drink Ultra Rosa 500ml",
            "productId": "monster-energy-drink-ultra-rosa-500ml",
            "productShopPage": "https://cromwell.store.freshchoice.co.nz/lines/monster-energy-drink-ultra-rosa-500ml",
            "productImageURL": "https://dtgxwmigmg3gc.cloudfront.net/imagery/assets/derivations/icon/512/512/true/eyJpZCI6IjZjYzFjMzcwYzM4Mzk4N2MyOTUzNWIyMTFjZTJlYjgxIiwic3RvcmFnZSI6InB1YmxpY19zdG9yZSJ9?signature=9cd08284785f9b24647ecc7d1dc08214d9d00318cc809bebdef1921d6b78bb95",
            "productDescription": ""
        },
        "priceData": {
            "bestPrice": "2.50",
            "price": "2.50",
            "pricePerLitre": 6.0,
            "bestPricePerLitre": 6.0
        },
        "store": {
            "id": "5a08e79952ba0b09c500c535",
            "name": "Cromwell"
        },
        "timestamp": "2021-08-16T18:01:20.736278"
    },
    {
        "productData": {
            "name": "Mother Energy Drink Berry 500ml",
            "productId": "mother-energy-drink-berry-500ml",
            "productShopPage": "https://cromwell.store.freshchoice.co.nz/lines/mother-energy-drink-berry-500ml",
            "productImageURL": "https://dtgxwmigmg3gc.cloudfront.net/imagery/assets/derivations/icon/512/512/true/eyJpZCI6ImRhYTJlNjUzNzRjZjViNjI0ZDljNzUzNDA3YmE0ZDFkIiwic3RvcmFnZSI6InB1YmxpY19zdG9yZSJ9?signature=d9ffb465d71d599811c2ff7a788845bfe297eb3624ad7866a89cf0b3ece073f0",
            "productDescription": ""
        },
        "priceData": {
            "bestPrice": "2.00",
            "price": "2.00",
            "pricePerLitre": 4.0,
            "bestPricePerLitre": 4.0
        },
        "store": {
            "id": "5a08e79952ba0b09c500c535",
            "name": "Cromwell"
        },
        "timestamp": "2021-08-16T18:01:24.314600"
    },
    {
        "productData": {
            "name": "Mother Energy Drink Black 500ml",
            "productId": "mother-energy-drink-black-500ml",
            "productShopPage": "https://cromwell.store.freshchoice.co.nz/lines/mother-energy-drink-black-500ml",
            "productImageURL": "https://dtgxwmigmg3gc.cloudfront.net/imagery/assets/derivations/icon/512/512/true/eyJpZCI6ImYyMzA5MjhkYjg3ODFhYmYzZDU3ZjE1YjNmYzU2MWFjIiwic3RvcmFnZSI6InB1YmxpY19zdG9yZSJ9?signature=d3dbddb83d3d457075cd5d8936bef0c5b48fce4fa3fe725995d8b6d57219ceb5",
            "productDescription": ""
        },
        "priceData": {
            "bestPrice": "2.00",
            "price": "2.00",
            "pricePerLitre": 6.0,
            "bestPricePerLitre": 6.0
        },
        "store": {
            "id": "5a08e79952ba0b09c500c535",
            "name": "Cromwell"
        },
        "timestamp": "2021-08-16T18:01:25.807074"
    },
    {
        "productData": {
            "name": "Mother Energy Drink Passion 500ml",
            "productId": "mother-energy-drink-passion-500ml",
            "productShopPage": "https://cromwell.store.freshchoice.co.nz/lines/mother-energy-drink-passion-500ml",
            "productImageURL": "https://dtgxwmigmg3gc.cloudfront.net/imagery/assets/derivations/icon/512/512/true/eyJpZCI6ImQwODE2YTc4ZjBmNGU4NTU5Mzg1YjkxZmI5YjIzZjM0Iiwic3RvcmFnZSI6InB1YmxpY19zdG9yZSJ9?signature=713c495fef96a6427b917f0c7c7e855a963749ac5c1bf7dfd71e24ae08ea3123",
            "productDescription": ""
        },
        "priceData": {
            "bestPrice": "2.00",
            "price": "2.00",
            "pricePerLitre": 4.0,
            "bestPricePerLitre": 4.0
        },
        "store": {
            "id": "5a08e79952ba0b09c500c535",
            "name": "Cromwell"
        },
        "timestamp": "2021-08-16T18:01:28.079258"
    },
    {
        "productData": {
            "name": "Mother Tropical Blast 500ml",
            "productId": "mother-tropical-blast-500ml",
            "productShopPage": "https://cromwell.store.freshchoice.co.nz/lines/mother-tropical-blast-500ml",
            "productImageURL": "https://dtgxwmigmg3gc.cloudfront.net/imagery/assets/derivations/icon/512/512/true/eyJpZCI6ImEyZmM1OTUwNDhlODM5YTRhMjQ2MTI1OGEyYzNlZWZhIiwic3RvcmFnZSI6InB1YmxpY19zdG9yZSJ9?signature=6c9470ee4067e8ec32b58eeac9d628404d3986058a9b1cdef46014d1bee50944",
            "productDescription": ""
        },
        "priceData": {
            "bestPrice": "2.00",
            "price": "2.00",
            "pricePerLitre": 4.0,
            "bestPricePerLitre": 4.0
        },
        "store": {
            "id": "5a08e79952ba0b09c500c535",
            "name": "Cromwell"
        },
        "timestamp": "2021-08-16T18:01:29.385112"
    },
    {
        "productData": {
            "name": "V Energy Drink Raspberry Lemonade 350ml",
            "productId": "v-energy-drink-raspberry-lemonade-350ml",
            "productShopPage": "https://cromwell.store.freshchoice.co.nz/lines/v-energy-drink-raspberry-lemonade-350ml",
            "productImageURL": "https://dtgxwmigmg3gc.cloudfront.net/imagery/assets/derivations/icon/512/512/true/eyJpZCI6IjliNWMwMGJkN2IxYWRhY2UxNzU5NzY1ZTI4MjUzZDgyIiwic3RvcmFnZSI6InB1YmxpY19zdG9yZSJ9?signature=1813e587f3636e394a15aa9e19234f9343024a6880220b0dda0a5d69b1f1c010",
            "productDescription": ""
        },
        "priceData": {
            "bestPrice": "3.50",
            "price": "3.50",
            "pricePerLitre": 10.0,
            "bestPricePerLitre": 10.0
        },
        "store": {
            "id": "5a08e79952ba0b09c500c535",
            "name": "Cromwell"
        },
        "timestamp": "2021-08-16T18:01:45.127049"
    },
    {
        "productData": {
            "name": "V Blue Sugarfree Energy Drink 500ml",
            "productId": "v-blue-sugarfree-energy-drink-500ml",
            "productShopPage": "https://cromwell.store.freshchoice.co.nz/lines/v-blue-sugarfree-energy-drink-500ml",
            "productImageURL": "https://dtgxwmigmg3gc.cloudfront.net/imagery/assets/derivations/icon/512/512/true/eyJpZCI6ImVmYjQyOWRmM2JjZjc3NTY1ZDIwMTEyNTY0MDdmZjA1Iiwic3RvcmFnZSI6InB1YmxpY19zdG9yZSJ9?signature=2911d59474d8305039a3be3bef0f887c38d9ab84596314b13cc4b150101175ab",
            "productDescription": ""
        },
        "priceData": {
            "bestPrice": "3.50",
            "price": "3.50",
            "pricePerLitre": 7.0,
            "bestPricePerLitre": 7.0
        },
        "store": {
            "id": "5a08e79952ba0b09c500c535",
            "name": "Cromwell"
        },
        "timestamp": "2021-08-16T18:01:50.895409"
    },
    {
        "productData": {
            "name": "V Raspberry Lemonade Energy Drink 500ml",
            "productId": "v-energy-drink-raspberry-lemonade-500ml-can",
            "productShopPage": "https://cromwell.store.freshchoice.co.nz/lines/v-energy-drink-raspberry-lemonade-500ml-can",
            "productImageURL": "https://dtgxwmigmg3gc.cloudfront.net/imagery/assets/derivations/icon/512/512/true/eyJpZCI6ImE3N2Y5NzBmY2FhOWZhYmZiOTc3MmYyMzE4MGRiOTcxIiwic3RvcmFnZSI6InB1YmxpY19zdG9yZSJ9?signature=2bb7890fe6d7b0c0c6a522be31c78077be0aa570ca4c8aa5549ccf80761262dc",
            "productDescription": ""
        },
        "priceData": {
            "bestPrice": "3.50",
            "price": "3.50",
            "pricePerLitre": 7.0,
            "bestPricePerLitre": 7.0
        },
        "store": {
            "id": "5a08e79952ba0b09c500c535",
            "name": "Cromwell"
        },
        "timestamp": "2021-08-16T18:01:52.235317"
    },
    {
        "productData": {
            "name": "V Sugarfree Energy Drink Berry Twist 350ml",
            "productId": "v-sugarfree-energy-drink-berry-twist-350ml",
            "productShopPage": "https://cromwell.store.freshchoice.co.nz/lines/v-sugarfree-energy-drink-berry-twist-350ml",
            "productImageURL": "https://dtgxwmigmg3gc.cloudfront.net/imagery/assets/derivations/icon/512/512/true/eyJpZCI6IjMxY2RlOWU3MTE1YTA4ZGRhYzFiODM0NjQ4NDFmOTM5Iiwic3RvcmFnZSI6InB1YmxpY19zdG9yZSJ9?signature=055982afa93dd6614e2f3de353af4c76a52ab79cac4e2b4660a75933fb1bc9a4",
            "productDescription": ""
        },
        "priceData": {
            "bestPrice": "3.50",
            "price": "3.50",
            "pricePerLitre": 10.0,
            "bestPricePerLitre": 10.0
        },
        "store": {
            "id": "5a08e79952ba0b09c500c535",
            "name": "Cromwell"
        },
        "timestamp": "2021-08-16T18:01:53.467744"
    },
    {
        "productData": {
            "name": "V Pure Energy Drink 250ml",
            "productId": "v-pure-energy-drink-250ml",
            "productShopPage": "https://cromwell.store.freshchoice.co.nz/lines/v-pure-energy-drink-250ml",
            "productImageURL": "https://dtgxwmigmg3gc.cloudfront.net/imagery/assets/derivations/icon/512/512/true/eyJpZCI6Ijk3N2I4MDM5OTQxMjFjYjI5MjRmODdmOTJkM2Q2OWIxIiwic3RvcmFnZSI6InB1YmxpY19zdG9yZSJ9?signature=b74ae9543645865e1c2414381c96a37f8a53629edb30e9b6a59f54f59ba09cfb",
            "productDescription": ""
        },
        "priceData": {
            "bestPrice": "2.20",
            "price": "2.20",
            "pricePerLitre": 8.8,
            "bestPricePerLitre": 8.8
        },
        "store": {
            "id": "5a08e79952ba0b09c500c535",
            "name": "Cromwell"
        },
        "timestamp": "2021-08-16T18:02:02.723094"
    },
    {
        "productData": {
            "name": "V Pure Energy Drink Bottle 330ml",
            "productId": "v-pure-330ml-bottle",
            "productShopPage": "https://cromwell.store.freshchoice.co.nz/lines/v-pure-330ml-bottle",
            "productImageURL": "https://dtgxwmigmg3gc.cloudfront.net/imagery/assets/derivations/icon/512/512/true/eyJpZCI6ImFjZmFlNGE1MmQ1ZmNhOTVhN2IyNzdhOGQ3ZTBjNTY0Iiwic3RvcmFnZSI6InB1YmxpY19zdG9yZSJ9?signature=ff03797de044ef70d02854192249a79b3cd819353c7171ef7358378e76bfc089",
            "productDescription": ""
        },
        "priceData": {
            "bestPrice": "3.50",
            "price": "3.50",
            "pricePerLitre": 10.600000000000001,
            "bestPricePerLitre": 10.600000000000001
        },
        "store": {
            "id": "5a08e79952ba0b09c500c535",
            "name": "Cromwell"
        },
        "timestamp": "2021-08-16T18:02:06.391040"
    },
    {
        "productData": {
            "name": "Monster Super Fuel Zero Sugar 550ml",
            "productId": "monster-super-fuel-zero-sugar-550ml",
            "productShopPage": "https://cromwell.store.freshchoice.co.nz/lines/monster-super-fuel-zero-sugar-550ml",
            "productImageURL": "https://dtgxwmigmg3gc.cloudfront.net/imagery/assets/derivations/icon/512/512/true/eyJpZCI6IjRkOTE3NzhmODIxNDI1ZDJjNDg3Yjc0M2YyMzEyYmYxIiwic3RvcmFnZSI6InB1YmxpY19zdG9yZSJ9?signature=4b9dbd15c40f85466e597873c567f989183b284947e8c8dc4df58667789214a2",
            "productDescription": ""
        },
        "priceData": {
            "bestPrice": "3.50",
            "price": "3.50",
            "pricePerLitre": 7.3,
            "bestPricePerLitre": 7.3
        },
        "store": {
            "id": "5a08e79952ba0b09c500c535",
            "name": "Cromwell"
        },
        "timestamp": "2021-08-16T18:02:12.200585"
    },
    {
        "productData": {
            "name": "Monster Mule Ginger Brew 500ml",
            "productId": "monster-mule-ginger-brew-500ml",
            "productShopPage": "https://cromwell.store.freshchoice.co.nz/lines/monster-mule-ginger-brew-500ml",
            "productImageURL": "https://dtgxwmigmg3gc.cloudfront.net/imagery/assets/derivations/icon/512/512/true/eyJpZCI6ImM1OTM5MTIyZTRlNmNhNzk0ODFlMDE4ZWVmMWE2Y2ZlIiwic3RvcmFnZSI6InB1YmxpY19zdG9yZSJ9?signature=5d11287f30ef58c148e37382d61c0d83097d5461683a9aa5dd9456941c1f32e5",
            "productDescription": ""
        },
        "priceData": {
            "bestPrice": "2.50",
            "price": "2.50",
            "pricePerLitre": 6.0,
            "bestPricePerLitre": 6.0
        },
        "store": {
            "id": "5a08e79952ba0b09c500c535",
            "name": "Cromwell"
        },
        "timestamp": "2021-08-16T18:02:13.657646"
    },
    {
        "productData": {
            "name": "Monster Super Fuel Purple Passion 550ml",
            "productId": "monster-super-fuel-purple-passion-550ml",
            "productShopPage": "https://cromwell.store.freshchoice.co.nz/lines/monster-super-fuel-purple-passion-550ml",
            "productImageURL": "https://dtgxwmigmg3gc.cloudfront.net/imagery/assets/derivations/icon/512/512/true/eyJpZCI6IjNkMTY1OTQwMzgyOTZjZjVlMjNlNjBjMDQ3NTE1YWM0Iiwic3RvcmFnZSI6InB1YmxpY19zdG9yZSJ9?signature=4d4ccd77dab941d955a8037242a41833afdc7251d3bd5b5c4b99705770273998",
            "productDescription": ""
        },
        "priceData": {
            "bestPrice": "3.50",
            "price": "3.50",
            "pricePerLitre": 7.3,
            "bestPricePerLitre": 7.3
        },
        "store": {
            "id": "5a08e79952ba0b09c500c535",
            "name": "Cromwell"
        },
        "timestamp": "2021-08-16T18:02:16.839844"
    },
    {
        "productData": {
            "name": "Monster Energy Pipeline Punch 500ml",
            "productId": "monster-energy-pipeline-punch-500ml",
            "productShopPage": "https://cromwell.store.freshchoice.co.nz/lines/monster-energy-pipeline-punch-500ml",
            "productImageURL": "https://dtgxwmigmg3gc.cloudfront.net/imagery/assets/derivations/icon/512/512/true/eyJpZCI6IjM3ZWY2OTY5OWFlNTJlZTRjNTY1ZmFmYWIwOTIxMjg4Iiwic3RvcmFnZSI6InB1YmxpY19zdG9yZSJ9?signature=79ed6699c35bd716a9d5d9457c39ce62c523edaa4059b6b45d4dcc7caf65cef9",
            "productDescription": ""
        },
        "priceData": {
            "bestPrice": "2.50",
            "price": "2.50",
            "pricePerLitre": 6.0,
            "bestPricePerLitre": 6.0
        },
        "store": {
            "id": "5a08e79952ba0b09c500c535",
            "name": "Cromwell"
        },
        "timestamp": "2021-08-16T18:02:18.054451"
    },
    {
        "productData": {
            "name": "Live Plus Energy Drink Citrus Flavour 500ml",
            "productId": "live-plus-persist-500ml",
            "productShopPage": "https://cromwell.store.freshchoice.co.nz/lines/live-plus-persist-500ml",
            "productImageURL": "https://dtgxwmigmg3gc.cloudfront.net/imagery/assets/derivations/icon/512/512/true/eyJpZCI6IjFlNWQ5YzI4OWM1N2UzNmYzZmI2NThlMDQzZTI3ZjE4Iiwic3RvcmFnZSI6InB1YmxpY19zdG9yZSJ9?signature=756b17fefe47174b90e7dbec8cd09db27f9f59f4994bc750b71256ae93ba9fa8",
            "productDescription": ""
        },
        "priceData": {
            "bestPrice": "2.00",
            "price": "2.00",
            "pricePerLitre": 6.0,
            "bestPricePerLitre": 6.0
        },
        "store": {
            "id": "5a08e79952ba0b09c500c535",
            "name": "Cromwell"
        },
        "timestamp": "2021-08-16T18:02:19.279948"
    },
    {
        "productData": {
            "name": "V Guarana Energy Drink Blue Sugarfree 250ml",
            "productId": "v-blue-sugarfree-energy-drink-250ml",
            "productShopPage": "https://cromwell.store.freshchoice.co.nz/lines/v-blue-sugarfree-energy-drink-250ml",
            "productImageURL": "https://dtgxwmigmg3gc.cloudfront.net/imagery/assets/derivations/icon/512/512/true/eyJpZCI6IjI3YWJiOTVhYjNhMjEwMDU2MWJhMmRhNTM3YjRhZjVmIiwic3RvcmFnZSI6InB1YmxpY19zdG9yZSJ9?signature=66769306ca1d0ba674603954d338186dc999f6d1839090d49fde9416b3252365",
            "productDescription": ""
        },
        "priceData": {
            "bestPrice": "2.20",
            "price": "2.20",
            "pricePerLitre": 8.8,
            "bestPricePerLitre": 8.8
        },
        "store": {
            "id": "5a08e79952ba0b09c500c535",
            "name": "Cromwell"
        },
        "timestamp": "2021-08-16T18:02:21.309106"
    },
    {
        "productData": {
            "name": "Rockstar Energy Drink Blueberry Can 500ml",
            "productId": "rockstar-energy-drink-xdurance-blueberry-can-500ml",
            "productShopPage": "https://cromwell.store.freshchoice.co.nz/lines/rockstar-energy-drink-xdurance-blueberry-can-500ml",
            "productImageURL": "https://dtgxwmigmg3gc.cloudfront.net/imagery/assets/derivations/icon/512/512/true/eyJpZCI6IjY1MTQ4NjBlZDIwNjhlNzI5ZmRhZGMxOTM0ODQyYWU3Iiwic3RvcmFnZSI6InB1YmxpY19zdG9yZSJ9?signature=1eec52fc35535ecd0973dd7428b24690138b0ff6988229d86ccc26bfb1bbfd24",
            "productDescription": ""
        },
        "priceData": {
            "bestPrice": "2.00",
            "price": "2.00",
            "pricePerLitre": 4.0,
            "bestPricePerLitre": 4.0
        },
        "store": {
            "id": "5a08e79952ba0b09c500c535",
            "name": "Cromwell"
        },
        "timestamp": "2021-08-16T18:02:31.151511"
    },
    {
        "productData": {
            "name": "Mother Kicked Apple 500ml",
            "productId": "mother-kicked-apple-500ml",
            "productShopPage": "https://edgeware.store.freshchoice.co.nz/lines/mother-kicked-apple-500ml",
            "productImageURL": "https://dtgxwmigmg3gc.cloudfront.net/imagery/assets/derivations/icon/512/512/true/eyJpZCI6IjNhZTlkYjkwYTM4MDFjMGEwYjUwYThhMDAwYjkyZjM0Iiwic3RvcmFnZSI6InB1YmxpY19zdG9yZSJ9?signature=c1a1db0a5d7b074c388cf08560fd44a4a2b6127821554198e54eeea8474325f6",
            "productDescription": ""
        },
        "priceData": {
            "bestPrice": "2.00",
            "price": "2.00",
            "pricePerLitre": 4.0,
            "bestPricePerLitre": 4.0
        },
        "store": {
            "id": "5e792dfe04015f1aa1072ad3",
            "name": "Edgeware"
        },
        "timestamp": "2021-08-16T18:02:32.290121"
    },
    {
        "productData": {
            "name": "Monster Energy Ultra Paradise 500ml",
            "productId": "monster-energy-drink-ultra-paradise-500ml",
            "productShopPage": "https://edgeware.store.freshchoice.co.nz/lines/monster-energy-drink-ultra-paradise-500ml",
            "productImageURL": "https://dtgxwmigmg3gc.cloudfront.net/imagery/assets/derivations/icon/512/512/true/eyJpZCI6ImZiZDRkZTQxNzA0M2FiYTUyMjMwZWI0NTcyZGNmYTE1Iiwic3RvcmFnZSI6InB1YmxpY19zdG9yZSJ9?signature=8a439bf26b71114289dfea1720ed331b1e4784c534deade29db8ac38b1cc7c1a",
            "productDescription": ""
        },
        "priceData": {
            "bestPrice": "2.50",
            "price": "2.50",
            "pricePerLitre": 6.0,
            "bestPricePerLitre": 6.0
        },
        "store": {
            "id": "5e792dfe04015f1aa1072ad3",
            "name": "Edgeware"
        },
        "timestamp": "2021-08-16T18:02:35.432415"
    },
    {
        "productData": {
            "name": "Monster Energy Ultra Zero 500ml",
            "productId": "monster-energy-ultra-zero-500ml",
            "productShopPage": "https://edgeware.store.freshchoice.co.nz/lines/monster-energy-ultra-zero-500ml",
            "productImageURL": "https://dtgxwmigmg3gc.cloudfront.net/imagery/assets/derivations/icon/512/512/true/eyJpZCI6IjdhN2FhYTUwZWU2NTYwYjBiNGY1NThhMTgwNmVlODI3Iiwic3RvcmFnZSI6InB1YmxpY19zdG9yZSJ9?signature=7907c49ba7d043175a426f84a71776de7dd51fa5c249237063aca9cb098abdbe",
            "productDescription": ""
        },
        "priceData": {
            "bestPrice": "2.50",
            "price": "2.50",
            "pricePerLitre": 6.0,
            "bestPricePerLitre": 6.0
        },
        "store": {
            "id": "5e792dfe04015f1aa1072ad3",
            "name": "Edgeware"
        },
        "timestamp": "2021-08-16T18:02:37.694464"
    },
    {
        "productData": {
            "name": "Monster Energy Drink Can Green 500ml",
            "productId": "monster-energy-green-500ml",
            "productShopPage": "https://edgeware.store.freshchoice.co.nz/lines/monster-energy-green-500ml",
            "productImageURL": "https://dtgxwmigmg3gc.cloudfront.net/imagery/assets/derivations/icon/512/512/true/eyJpZCI6ImU3ZjNiNjJiNzI4Y2M0MTIxMjhiNjQ2ZmQ2OTQzMGEzIiwic3RvcmFnZSI6InB1YmxpY19zdG9yZSJ9?signature=637eac56411f57a79f345ea693f1418330d5742c3a04caddb460696dba06da06",
            "productDescription": ""
        },
        "priceData": {
            "bestPrice": "2.50",
            "price": "2.50",
            "pricePerLitre": 6.0,
            "bestPricePerLitre": 6.0
        },
        "store": {
            "id": "5e792dfe04015f1aa1072ad3",
            "name": "Edgeware"
        },
        "timestamp": "2021-08-16T18:02:39.058106"
    },
    {
        "productData": {
            "name": "Monster Energy Drink Ultra Rosa 500ml",
            "productId": "monster-energy-drink-ultra-rosa-500ml",
            "productShopPage": "https://edgeware.store.freshchoice.co.nz/lines/monster-energy-drink-ultra-rosa-500ml",
            "productImageURL": "https://dtgxwmigmg3gc.cloudfront.net/imagery/assets/derivations/icon/512/512/true/eyJpZCI6IjZjYzFjMzcwYzM4Mzk4N2MyOTUzNWIyMTFjZTJlYjgxIiwic3RvcmFnZSI6InB1YmxpY19zdG9yZSJ9?signature=9cd08284785f9b24647ecc7d1dc08214d9d00318cc809bebdef1921d6b78bb95",
            "productDescription": ""
        },
        "priceData": {
            "bestPrice": "2.50",
            "price": "2.50",
            "pricePerLitre": 6.0,
            "bestPricePerLitre": 6.0
        },
        "store": {
            "id": "5e792dfe04015f1aa1072ad3",
            "name": "Edgeware"
        },
        "timestamp": "2021-08-16T18:02:40.172418"
    },
    {
        "productData": {
            "name": "Mother Energy Drink Berry 500ml",
            "productId": "mother-energy-drink-berry-500ml",
            "productShopPage": "https://edgeware.store.freshchoice.co.nz/lines/mother-energy-drink-berry-500ml",
            "productImageURL": "https://dtgxwmigmg3gc.cloudfront.net/imagery/assets/derivations/icon/512/512/true/eyJpZCI6ImRhYTJlNjUzNzRjZjViNjI0ZDljNzUzNDA3YmE0ZDFkIiwic3RvcmFnZSI6InB1YmxpY19zdG9yZSJ9?signature=d9ffb465d71d599811c2ff7a788845bfe297eb3624ad7866a89cf0b3ece073f0",
            "productDescription": ""
        },
        "priceData": {
            "bestPrice": "2.00",
            "price": "2.00",
            "pricePerLitre": 4.0,
            "bestPricePerLitre": 4.0
        },
        "store": {
            "id": "5e792dfe04015f1aa1072ad3",
            "name": "Edgeware"
        },
        "timestamp": "2021-08-16T18:02:43.146142"
    },
    {
        "productData": {
            "name": "Mother Energy Drink Black 500ml",
            "productId": "mother-energy-drink-black-500ml",
            "productShopPage": "https://edgeware.store.freshchoice.co.nz/lines/mother-energy-drink-black-500ml",
            "productImageURL": "https://dtgxwmigmg3gc.cloudfront.net/imagery/assets/derivations/icon/512/512/true/eyJpZCI6ImYyMzA5MjhkYjg3ODFhYmYzZDU3ZjE1YjNmYzU2MWFjIiwic3RvcmFnZSI6InB1YmxpY19zdG9yZSJ9?signature=d3dbddb83d3d457075cd5d8936bef0c5b48fce4fa3fe725995d8b6d57219ceb5",
            "productDescription": ""
        },
        "priceData": {
            "bestPrice": "2.00",
            "price": "2.00",
            "pricePerLitre": 4.0,
            "bestPricePerLitre": 4.0
        },
        "store": {
            "id": "5e792dfe04015f1aa1072ad3",
            "name": "Edgeware"
        },
        "timestamp": "2021-08-16T18:02:44.445227"
    },
    {
        "productData": {
            "name": "Mother Energy Drink Passion 500ml",
            "productId": "mother-energy-drink-passion-500ml",
            "productShopPage": "https://edgeware.store.freshchoice.co.nz/lines/mother-energy-drink-passion-500ml",
            "productImageURL": "https://dtgxwmigmg3gc.cloudfront.net/imagery/assets/derivations/icon/512/512/true/eyJpZCI6ImQwODE2YTc4ZjBmNGU4NTU5Mzg1YjkxZmI5YjIzZjM0Iiwic3RvcmFnZSI6InB1YmxpY19zdG9yZSJ9?signature=713c495fef96a6427b917f0c7c7e855a963749ac5c1bf7dfd71e24ae08ea3123",
            "productDescription": ""
        },
        "priceData": {
            "bestPrice": "2.00",
            "price": "2.00",
            "pricePerLitre": 4.0,
            "bestPricePerLitre": 4.0
        },
        "store": {
            "id": "5e792dfe04015f1aa1072ad3",
            "name": "Edgeware"
        },
        "timestamp": "2021-08-16T18:02:46.364722"
    },
    {
        "productData": {
            "name": "Mother Tropical Blast 500ml",
            "productId": "mother-tropical-blast-500ml",
            "productShopPage": "https://edgeware.store.freshchoice.co.nz/lines/mother-tropical-blast-500ml",
            "productImageURL": "https://dtgxwmigmg3gc.cloudfront.net/imagery/assets/derivations/icon/512/512/true/eyJpZCI6ImEyZmM1OTUwNDhlODM5YTRhMjQ2MTI1OGEyYzNlZWZhIiwic3RvcmFnZSI6InB1YmxpY19zdG9yZSJ9?signature=6c9470ee4067e8ec32b58eeac9d628404d3986058a9b1cdef46014d1bee50944",
            "productDescription": ""
        },
        "priceData": {
            "bestPrice": "2.00",
            "price": "2.00",
            "pricePerLitre": 4.0,
            "bestPricePerLitre": 4.0
        },
        "store": {
            "id": "5e792dfe04015f1aa1072ad3",
            "name": "Edgeware"
        },
        "timestamp": "2021-08-16T18:02:47.543887"
    },
    {
        "productData": {
            "name": "Mother Epic Swell Energy Drink Twisted Apple 500ml",
            "productId": "mother-epic-swell-energy-drink-twisted-apple-500ml",
            "productShopPage": "https://edgeware.store.freshchoice.co.nz/lines/mother-epic-swell-energy-drink-twisted-apple-500ml",
            "productImageURL": "https://dtgxwmigmg3gc.cloudfront.net/imagery/assets/derivations/icon/512/512/true/eyJpZCI6ImE2ZjYxOGNhNjUyYzMxNzRhNjg2MDBhMGVjZmQ3MmJkIiwic3RvcmFnZSI6InB1YmxpY19zdG9yZSJ9?signature=954f74f8aba0fb24cb2a5248b1e93fe8a62fb8c7f902abbb08b7aed24bc44c80",
            "productDescription": ""
        },
        "priceData": {
            "bestPrice": "2.00",
            "price": "2.00",
            "pricePerLitre": 4.0,
            "bestPricePerLitre": 4.0
        },
        "store": {
            "id": "5e792dfe04015f1aa1072ad3",
            "name": "Edgeware"
        },
        "timestamp": "2021-08-16T18:02:49.894154"
    },
    {
        "productData": {
            "name": "V Energy Drink Guarana 500ml",
            "productId": "v-energy-drink-guarana-500ml",
            "productShopPage": "https://edgeware.store.freshchoice.co.nz/lines/v-energy-drink-guarana-500ml",
            "productImageURL": "https://dtgxwmigmg3gc.cloudfront.net/imagery/assets/derivations/icon/512/512/true/eyJpZCI6IjgzZDAxMjhiMzg4NmEwZmE4YTE2ZjY2NWIzNmM2NzI2Iiwic3RvcmFnZSI6InB1YmxpY19zdG9yZSJ9?signature=f55ecc561066291a4e74a967db35ea2355f881bd1708bf400fd790032384ae4f",
            "productDescription": ""
        },
        "priceData": {
            "bestPrice": "2.50",
            "price": "2.50",
            "pricePerLitre": 7.6,
            "bestPricePerLitre": 7.6
        },
        "store": {
            "id": "5e792dfe04015f1aa1072ad3",
            "name": "Edgeware"
        },
        "timestamp": "2021-08-16T18:02:53.464177"
    },
    {
        "productData": {
            "name": "V Energy Drink Sugar Free Guarana 250ml",
            "productId": "v-energy-drink-sugar-free-guarana-250ml",
            "productShopPage": "https://edgeware.store.freshchoice.co.nz/lines/v-energy-drink-sugar-free-guarana-250ml",
            "productImageURL": "https://dtgxwmigmg3gc.cloudfront.net/imagery/assets/derivations/icon/512/512/true/eyJpZCI6ImZiNzM1NmU4NTMyZDllODlkZTljZmNlOGY2MzQ5NGQwIiwic3RvcmFnZSI6InB1YmxpY19zdG9yZSJ9?signature=72b0ce0a48ca796717c115fe5e8b4564501470f63bf80ae865d26e9d131a2b8c",
            "productDescription": ""
        },
        "priceData": {
            "bestPrice": "2.20",
            "price": "2.20",
            "pricePerLitre": 8.8,
            "bestPricePerLitre": 8.8
        },
        "store": {
            "id": "5e792dfe04015f1aa1072ad3",
            "name": "Edgeware"
        },
        "timestamp": "2021-08-16T18:02:55.447018"
    },
    {
        "productData": {
            "name": "V Energy Drink Blue Guarana Spritzed 350ml",
            "productId": "v-blue-energy-drink-blue-guarana-spritzed-350ml",
            "productShopPage": "https://edgeware.store.freshchoice.co.nz/lines/v-blue-energy-drink-blue-guarana-spritzed-350ml",
            "productImageURL": "https://dtgxwmigmg3gc.cloudfront.net/imagery/assets/derivations/icon/512/512/true/eyJpZCI6ImY2OTRlZGI4NjdlNWMzZDM5NzgzMDQ0ODFkMzUxZGZiIiwic3RvcmFnZSI6InB1YmxpY19zdG9yZSJ9?signature=591b3079cb9c2407a29b3bc348eaf42dc1d34daba5c9d7aba65be654725b6719",
            "productDescription": ""
        },
        "priceData": {
            "bestPrice": "3.50",
            "price": "3.50",
            "pricePerLitre": 10.0,
            "bestPricePerLitre": 10.0
        },
        "store": {
            "id": "5e792dfe04015f1aa1072ad3",
            "name": "Edgeware"
        },
        "timestamp": "2021-08-16T18:02:57.576827"
    },
    {
        "productData": {
            "name": "V Energy Drink Green Guarana 350ml",
            "productId": "v-energy-drink-green-guarana-350ml",
            "productShopPage": "https://edgeware.store.freshchoice.co.nz/lines/v-energy-drink-green-guarana-350ml",
            "productImageURL": "https://dtgxwmigmg3gc.cloudfront.net/imagery/assets/derivations/icon/512/512/true/eyJpZCI6IjRiNjY4ZjYxOTQ2ODYyN2MzM2NiZWMyNGUyNmIyODk4Iiwic3RvcmFnZSI6InB1YmxpY19zdG9yZSJ9?signature=4cded9cb42349eef45a593461f311b1bb7fa881295733879671ad9fe9887d30c",
            "productDescription": ""
        },
        "priceData": {
            "bestPrice": "3.50",
            "price": "3.50",
            "pricePerLitre": 10.0,
            "bestPricePerLitre": 10.0
        },
        "store": {
            "id": "5e792dfe04015f1aa1072ad3",
            "name": "Edgeware"
        },
        "timestamp": "2021-08-16T18:02:58.681492"
    },
    {
        "productData": {
            "name": "V Energy Drink Guarana Can 250ml",
            "productId": "v-energy-drink-guarana-can-250ml",
            "productShopPage": "https://edgeware.store.freshchoice.co.nz/lines/v-energy-drink-guarana-can-250ml",
            "productImageURL": "https://dtgxwmigmg3gc.cloudfront.net/imagery/assets/derivations/icon/512/512/true/eyJpZCI6Ijc3Nzk1NjE2ZDhhNmFiMThhYzEzODYzOTg2ZmNkNzgwIiwic3RvcmFnZSI6InB1YmxpY19zdG9yZSJ9?signature=f5de1854d43e19cc62bff86893d4a55615cd916f8425a4dccd170b52eba81255",
            "productDescription": ""
        },
        "priceData": {
            "bestPrice": "2.20",
            "price": "2.20",
            "pricePerLitre": 8.8,
            "bestPricePerLitre": 8.8
        },
        "store": {
            "id": "5e792dfe04015f1aa1072ad3",
            "name": "Edgeware"
        },
        "timestamp": "2021-08-16T18:02:59.858354"
    },
    {
        "productData": {
            "name": "V Energy Drink Guarana Can 500ml",
            "productId": "v-energy-drink-guarana-can-500ml",
            "productShopPage": "https://edgeware.store.freshchoice.co.nz/lines/v-energy-drink-guarana-can-500ml",
            "productImageURL": "https://dtgxwmigmg3gc.cloudfront.net/imagery/assets/derivations/icon/512/512/true/eyJpZCI6ImI0NjgzNGZjNDRkMjU0MjgzYzJjZGNhMzA2NWIxYjA5Iiwic3RvcmFnZSI6InB1YmxpY19zdG9yZSJ9?signature=265e8273409849423466e7623cbbdf8352940707b8830803eec391e8f32c9c5f",
            "productDescription": ""
        },
        "priceData": {
            "bestPrice": "3.50",
            "price": "3.50",
            "pricePerLitre": 7.0,
            "bestPricePerLitre": 7.0
        },
        "store": {
            "id": "5e792dfe04015f1aa1072ad3",
            "name": "Edgeware"
        },
        "timestamp": "2021-08-16T18:03:00.952769"
    },
    {
        "productData": {
            "name": "V Energy Drink Sugar Free Guarana 500ml",
            "productId": "v-energy-drink-sugar-free-guarana-500ml",
            "productShopPage": "https://edgeware.store.freshchoice.co.nz/lines/v-energy-drink-sugar-free-guarana-500ml",
            "productImageURL": "https://dtgxwmigmg3gc.cloudfront.net/imagery/assets/derivations/icon/512/512/true/eyJpZCI6Ijg4MGExMDYxOTY4NTJiYzM1ZTExMmU2MGE2OWYxNDE3Iiwic3RvcmFnZSI6InB1YmxpY19zdG9yZSJ9?signature=b0536d25b9da8158705e24c88e21fabbf85c1dabc19f18108c386e956ffd7045",
            "productDescription": ""
        },
        "priceData": {
            "bestPrice": "3.50",
            "price": "3.50",
            "pricePerLitre": 7.0,
            "bestPricePerLitre": 7.0
        },
        "store": {
            "id": "5e792dfe04015f1aa1072ad3",
            "name": "Edgeware"
        },
        "timestamp": "2021-08-16T18:03:04.143283"
    },
    {
        "productData": {
            "name": "V Blue Sugarfree Energy Drink 500ml",
            "productId": "v-blue-sugarfree-energy-drink-500ml",
            "productShopPage": "https://edgeware.store.freshchoice.co.nz/lines/v-blue-sugarfree-energy-drink-500ml",
            "productImageURL": "https://dtgxwmigmg3gc.cloudfront.net/imagery/assets/derivations/icon/512/512/true/eyJpZCI6ImVmYjQyOWRmM2JjZjc3NTY1ZDIwMTEyNTY0MDdmZjA1Iiwic3RvcmFnZSI6InB1YmxpY19zdG9yZSJ9?signature=2911d59474d8305039a3be3bef0f887c38d9ab84596314b13cc4b150101175ab",
            "productDescription": ""
        },
        "priceData": {
            "bestPrice": "3.50",
            "price": "3.50",
            "pricePerLitre": 7.0,
            "bestPricePerLitre": 7.0
        },
        "store": {
            "id": "5e792dfe04015f1aa1072ad3",
            "name": "Edgeware"
        },
        "timestamp": "2021-08-16T18:03:08.301344"
    },
    {
        "productData": {
            "name": "V Blue Energy Drink Blue Guarana Can 250ml",
            "productId": "v-blue-energy-drink-blue-guarana-can-250ml",
            "productShopPage": "https://edgeware.store.freshchoice.co.nz/lines/v-blue-energy-drink-blue-guarana-can-250ml",
            "productImageURL": "https://dtgxwmigmg3gc.cloudfront.net/imagery/assets/derivations/icon/512/512/true/eyJpZCI6IjBmZjQwNDEyZWQ2ZDk4YTg3YWQ2ZDUyMWZlNjM1YzJkIiwic3RvcmFnZSI6InB1YmxpY19zdG9yZSJ9?signature=8f745abe5614ec47b3d7a07f1a34ba529184a87b2a696211ba5a0f9f29c86bf0",
            "productDescription": ""
        },
        "priceData": {
            "bestPrice": "2.20",
            "price": "2.20",
            "pricePerLitre": 8.8,
            "bestPricePerLitre": 8.8
        },
        "store": {
            "id": "5e792dfe04015f1aa1072ad3",
            "name": "Edgeware"
        },
        "timestamp": "2021-08-16T18:03:12.767019"
    },
    {
        "productData": {
            "name": "V Blue Energy Drink Blue Guarana Can 500ml",
            "productId": "v-blue-energy-drink-blue-guarana-can-500ml",
            "productShopPage": "https://edgeware.store.freshchoice.co.nz/lines/v-blue-energy-drink-blue-guarana-can-500ml",
            "productImageURL": "https://dtgxwmigmg3gc.cloudfront.net/imagery/assets/derivations/icon/512/512/true/eyJpZCI6ImFmYjEyYjVjYTU2YWI5ZDJhMTVmNGY2MDg2NWFlNzgxIiwic3RvcmFnZSI6InB1YmxpY19zdG9yZSJ9?signature=b537a8cc5a2c0f90f1702b2c541db44c3a740a0ec4a96e92ab2d6537f9320e8d",
            "productDescription": ""
        },
        "priceData": {
            "bestPrice": "3.50",
            "price": "3.50",
            "pricePerLitre": 7.0,
            "bestPricePerLitre": 7.0
        },
        "store": {
            "id": "5e792dfe04015f1aa1072ad3",
            "name": "Edgeware"
        },
        "timestamp": "2021-08-16T18:03:13.939257"
    },
    {
        "productData": {
            "name": "V Energy Drink Sugar Free Guarana Bottle 350ml",
            "productId": "v-energy-drink-sugar-free-guarana-bottle-350ml",
            "productShopPage": "https://edgeware.store.freshchoice.co.nz/lines/v-energy-drink-sugar-free-guarana-bottle-350ml",
            "productImageURL": "https://dtgxwmigmg3gc.cloudfront.net/imagery/assets/derivations/icon/512/512/true/eyJpZCI6IjQzYmZlOTg1YzY2ZGQ0ZDI1YzUyZDk3MGJhMmJhMGM3Iiwic3RvcmFnZSI6InB1YmxpY19zdG9yZSJ9?signature=7a4bb3eb2264f52495ae9ba8fbf21b5a3e59e12c0d6208cfa1591261da333f55",
            "productDescription": ""
        },
        "priceData": {
            "bestPrice": "3.50",
            "price": "3.50",
            "pricePerLitre": 10.0,
            "bestPricePerLitre": 10.0
        },
        "store": {
            "id": "5e792dfe04015f1aa1072ad3",
            "name": "Edgeware"
        },
        "timestamp": "2021-08-16T18:03:18.257497"
    },
    {
        "productData": {
            "name": "Monster Super Fuel Zero Sugar 550ml",
            "productId": "monster-super-fuel-zero-sugar-550ml",
            "productShopPage": "https://edgeware.store.freshchoice.co.nz/lines/monster-super-fuel-zero-sugar-550ml",
            "productImageURL": "https://dtgxwmigmg3gc.cloudfront.net/imagery/assets/derivations/icon/512/512/true/eyJpZCI6IjRkOTE3NzhmODIxNDI1ZDJjNDg3Yjc0M2YyMzEyYmYxIiwic3RvcmFnZSI6InB1YmxpY19zdG9yZSJ9?signature=4b9dbd15c40f85466e597873c567f989183b284947e8c8dc4df58667789214a2",
            "productDescription": ""
        },
        "priceData": {
            "bestPrice": "3.50",
            "price": "3.50",
            "pricePerLitre": 7.3,
            "bestPricePerLitre": 7.3
        },
        "store": {
            "id": "5e792dfe04015f1aa1072ad3",
            "name": "Edgeware"
        },
        "timestamp": "2021-08-16T18:03:27.722885"
    },
    {
        "productData": {
            "name": "Monster Mule Ginger Brew 500ml",
            "productId": "monster-mule-ginger-brew-500ml",
            "productShopPage": "https://edgeware.store.freshchoice.co.nz/lines/monster-mule-ginger-brew-500ml",
            "productImageURL": "https://dtgxwmigmg3gc.cloudfront.net/imagery/assets/derivations/icon/512/512/true/eyJpZCI6ImM1OTM5MTIyZTRlNmNhNzk0ODFlMDE4ZWVmMWE2Y2ZlIiwic3RvcmFnZSI6InB1YmxpY19zdG9yZSJ9?signature=5d11287f30ef58c148e37382d61c0d83097d5461683a9aa5dd9456941c1f32e5",
            "productDescription": ""
        },
        "priceData": {
            "bestPrice": "2.50",
            "price": "2.50",
            "pricePerLitre": 6.0,
            "bestPricePerLitre": 6.0
        },
        "store": {
            "id": "5e792dfe04015f1aa1072ad3",
            "name": "Edgeware"
        },
        "timestamp": "2021-08-16T18:03:28.979284"
    },
    {
        "productData": {
            "name": "Monster Super Fuel Purple Passion 550ml",
            "productId": "monster-super-fuel-purple-passion-550ml",
            "productShopPage": "https://edgeware.store.freshchoice.co.nz/lines/monster-super-fuel-purple-passion-550ml",
            "productImageURL": "https://dtgxwmigmg3gc.cloudfront.net/imagery/assets/derivations/icon/512/512/true/eyJpZCI6IjNkMTY1OTQwMzgyOTZjZjVlMjNlNjBjMDQ3NTE1YWM0Iiwic3RvcmFnZSI6InB1YmxpY19zdG9yZSJ9?signature=4d4ccd77dab941d955a8037242a41833afdc7251d3bd5b5c4b99705770273998",
            "productDescription": ""
        },
        "priceData": {
            "bestPrice": "3.50",
            "price": "3.50",
            "pricePerLitre": 7.3,
            "bestPricePerLitre": 7.3
        },
        "store": {
            "id": "5e792dfe04015f1aa1072ad3",
            "name": "Edgeware"
        },
        "timestamp": "2021-08-16T18:03:32.090298"
    },
    {
        "productData": {
            "name": "Monster Energy Pipeline Punch 500ml",
            "productId": "monster-energy-pipeline-punch-500ml",
            "productShopPage": "https://edgeware.store.freshchoice.co.nz/lines/monster-energy-pipeline-punch-500ml",
            "productImageURL": "https://dtgxwmigmg3gc.cloudfront.net/imagery/assets/derivations/icon/512/512/true/eyJpZCI6IjM3ZWY2OTY5OWFlNTJlZTRjNTY1ZmFmYWIwOTIxMjg4Iiwic3RvcmFnZSI6InB1YmxpY19zdG9yZSJ9?signature=79ed6699c35bd716a9d5d9457c39ce62c523edaa4059b6b45d4dcc7caf65cef9",
            "productDescription": ""
        },
        "priceData": {
            "bestPrice": "2.50",
            "price": "2.50",
            "pricePerLitre": 6.0,
            "bestPricePerLitre": 6.0
        },
        "store": {
            "id": "5e792dfe04015f1aa1072ad3",
            "name": "Edgeware"
        },
        "timestamp": "2021-08-16T18:03:33.189422"
    },
    {
        "productData": {
            "name": "Live Plus Energy Drink Citrus Flavour 500ml",
            "productId": "live-plus-persist-500ml",
            "productShopPage": "https://edgeware.store.freshchoice.co.nz/lines/live-plus-persist-500ml",
            "productImageURL": "https://dtgxwmigmg3gc.cloudfront.net/imagery/assets/derivations/icon/512/512/true/eyJpZCI6IjFlNWQ5YzI4OWM1N2UzNmYzZmI2NThlMDQzZTI3ZjE4Iiwic3RvcmFnZSI6InB1YmxpY19zdG9yZSJ9?signature=756b17fefe47174b90e7dbec8cd09db27f9f59f4994bc750b71256ae93ba9fa8",
            "productDescription": ""
        },
        "priceData": {
            "bestPrice": "2.00",
            "price": "2.00",
            "pricePerLitre": 6.0,
            "bestPricePerLitre": 6.0
        },
        "store": {
            "id": "5e792dfe04015f1aa1072ad3",
            "name": "Edgeware"
        },
        "timestamp": "2021-08-16T18:03:34.390937"
    },
    {
        "productData": {
            "name": "V Guarana Energy Drink Blue Sugarfree 250ml",
            "productId": "v-blue-sugarfree-energy-drink-250ml",
            "productShopPage": "https://edgeware.store.freshchoice.co.nz/lines/v-blue-sugarfree-energy-drink-250ml",
            "productImageURL": "https://dtgxwmigmg3gc.cloudfront.net/imagery/assets/derivations/icon/512/512/true/eyJpZCI6IjI3YWJiOTVhYjNhMjEwMDU2MWJhMmRhNTM3YjRhZjVmIiwic3RvcmFnZSI6InB1YmxpY19zdG9yZSJ9?signature=66769306ca1d0ba674603954d338186dc999f6d1839090d49fde9416b3252365",
            "productDescription": ""
        },
        "priceData": {
            "bestPrice": "2.20",
            "price": "2.20",
            "pricePerLitre": 8.8,
            "bestPricePerLitre": 8.8
        },
        "store": {
            "id": "5e792dfe04015f1aa1072ad3",
            "name": "Edgeware"
        },
        "timestamp": "2021-08-16T18:03:36.497526"
    },
    {
        "productData": {
            "name": "Live Plus Energy Drink Original Citrus Flavour 355ml",
            "productId": "live-plus-persist-glass-355ml",
            "productShopPage": "https://edgeware.store.freshchoice.co.nz/lines/live-plus-persist-glass-355ml",
            "productImageURL": "https://dtgxwmigmg3gc.cloudfront.net/imagery/assets/derivations/icon/512/512/true/eyJpZCI6ImYzMjZlMTdmMmI5ZGRjZGYzYmFmNzNiMWQzN2Y5NDI4Iiwic3RvcmFnZSI6InB1YmxpY19zdG9yZSJ9?signature=8fa31eb2b309e9c7a293ba2e7a7541e3cdc686b1d3f519044aa97c666ae5f630",
            "productDescription": ""
        },
        "priceData": {
            "bestPrice": "2.00",
            "price": "2.00",
            "pricePerLitre": 7.9,
            "bestPricePerLitre": 7.9
        },
        "store": {
            "id": "5e792dfe04015f1aa1072ad3",
            "name": "Edgeware"
        },
        "timestamp": "2021-08-16T18:03:38.755277"
    },
    {
        "productData": {
            "name": "Live Plus Energy Drink Original Citrus Flavour 6x250ml",
            "productId": "live-plus-persist-250ml-6pack",
            "productShopPage": "https://edgeware.store.freshchoice.co.nz/lines/live-plus-persist-250ml-6pack",
            "productImageURL": "https://dtgxwmigmg3gc.cloudfront.net/imagery/assets/derivations/icon/512/512/true/eyJpZCI6IjNmODNiNGI4MzI4MzJmNzhjZmJhNDA1OGUyZWFlM2ZhIiwic3RvcmFnZSI6InB1YmxpY19zdG9yZSJ9?signature=0257f943d0c41562773e51cbd42327ad911228832e33494e9c30381e20305337",
            "productDescription": ""
        },
        "priceData": {
            "bestPrice": "7.70",
            "price": "7.70",
            "pricePerLitre": 5.1,
            "bestPricePerLitre": 5.1
        },
        "store": {
            "id": "5e792dfe04015f1aa1072ad3",
            "name": "Edgeware"
        },
        "timestamp": "2021-08-16T18:03:39.884630"
    },
    {
        "productData": {
            "name": "Monster Energy Drink Ultra Rosa 500ml",
            "productId": "monster-energy-drink-ultra-rosa-500ml",
            "productShopPage": "https://geraldine.store.freshchoice.co.nz/lines/monster-energy-drink-ultra-rosa-500ml",
            "productImageURL": "https://dtgxwmigmg3gc.cloudfront.net/imagery/assets/derivations/icon/512/512/true/eyJpZCI6IjZjYzFjMzcwYzM4Mzk4N2MyOTUzNWIyMTFjZTJlYjgxIiwic3RvcmFnZSI6InB1YmxpY19zdG9yZSJ9?signature=9cd08284785f9b24647ecc7d1dc08214d9d00318cc809bebdef1921d6b78bb95",
            "productDescription": ""
        },
        "priceData": {
            "bestPrice": "2.50",
            "price": "2.50",
            "pricePerLitre": 6.0,
            "bestPricePerLitre": 6.0
        },
        "store": {
            "id": "58f6f3e452ba0b28d1013dbf",
            "name": "Geraldine"
        },
        "timestamp": "2021-08-16T18:03:56.686205"
    },
    {
        "productData": {
            "name": "Mother Energy Drink Berry 500ml",
            "productId": "mother-energy-drink-berry-500ml",
            "productShopPage": "https://geraldine.store.freshchoice.co.nz/lines/mother-energy-drink-berry-500ml",
            "productImageURL": "https://dtgxwmigmg3gc.cloudfront.net/imagery/assets/derivations/icon/512/512/true/eyJpZCI6ImRhYTJlNjUzNzRjZjViNjI0ZDljNzUzNDA3YmE0ZDFkIiwic3RvcmFnZSI6InB1YmxpY19zdG9yZSJ9?signature=d9ffb465d71d599811c2ff7a788845bfe297eb3624ad7866a89cf0b3ece073f0",
            "productDescription": ""
        },
        "priceData": {
            "bestPrice": "2.00",
            "price": "2.00",
            "pricePerLitre": 4.0,
            "bestPricePerLitre": 4.0
        },
        "store": {
            "id": "58f6f3e452ba0b28d1013dbf",
            "name": "Geraldine"
        },
        "timestamp": "2021-08-16T18:04:00.132689"
    },
    {
        "productData": {
            "name": "Mother Energy Drink Black 500ml",
            "productId": "mother-energy-drink-black-500ml",
            "productShopPage": "https://geraldine.store.freshchoice.co.nz/lines/mother-energy-drink-black-500ml",
            "productImageURL": "https://dtgxwmigmg3gc.cloudfront.net/imagery/assets/derivations/icon/512/512/true/eyJpZCI6ImYyMzA5MjhkYjg3ODFhYmYzZDU3ZjE1YjNmYzU2MWFjIiwic3RvcmFnZSI6InB1YmxpY19zdG9yZSJ9?signature=d3dbddb83d3d457075cd5d8936bef0c5b48fce4fa3fe725995d8b6d57219ceb5",
            "productDescription": ""
        },
        "priceData": {
            "bestPrice": "2.00",
            "price": "2.00",
            "pricePerLitre": 4.0,
            "bestPricePerLitre": 4.0
        },
        "store": {
            "id": "58f6f3e452ba0b28d1013dbf",
            "name": "Geraldine"
        },
        "timestamp": "2021-08-16T18:04:01.568460"
    },
    {
        "productData": {
            "name": "Mother Tropical Blast 500ml",
            "productId": "mother-tropical-blast-500ml",
            "productShopPage": "https://geraldine.store.freshchoice.co.nz/lines/mother-tropical-blast-500ml",
            "productImageURL": "https://dtgxwmigmg3gc.cloudfront.net/imagery/assets/derivations/icon/512/512/true/eyJpZCI6ImEyZmM1OTUwNDhlODM5YTRhMjQ2MTI1OGEyYzNlZWZhIiwic3RvcmFnZSI6InB1YmxpY19zdG9yZSJ9?signature=6c9470ee4067e8ec32b58eeac9d628404d3986058a9b1cdef46014d1bee50944",
            "productDescription": ""
        },
        "priceData": {
            "bestPrice": "2.00",
            "price": "2.00",
            "pricePerLitre": 4.0,
            "bestPricePerLitre": 4.0
        },
        "store": {
            "id": "58f6f3e452ba0b28d1013dbf",
            "name": "Geraldine"
        },
        "timestamp": "2021-08-16T18:04:04.864121"
    },
    {
        "productData": {
            "name": "Mother Epic Swell Energy Drink Twisted Apple 500ml",
            "productId": "mother-epic-swell-energy-drink-twisted-apple-500ml",
            "productShopPage": "https://geraldine.store.freshchoice.co.nz/lines/mother-epic-swell-energy-drink-twisted-apple-500ml",
            "productImageURL": "https://dtgxwmigmg3gc.cloudfront.net/imagery/assets/derivations/icon/512/512/true/eyJpZCI6ImE2ZjYxOGNhNjUyYzMxNzRhNjg2MDBhMGVjZmQ3MmJkIiwic3RvcmFnZSI6InB1YmxpY19zdG9yZSJ9?signature=954f74f8aba0fb24cb2a5248b1e93fe8a62fb8c7f902abbb08b7aed24bc44c80",
            "productDescription": ""
        },
        "priceData": {
            "bestPrice": "2.00",
            "price": "2.00",
            "pricePerLitre": 4.0,
            "bestPricePerLitre": 4.0
        },
        "store": {
            "id": "58f6f3e452ba0b28d1013dbf",
            "name": "Geraldine"
        },
        "timestamp": "2021-08-16T18:04:07.193877"
    },
    {
        "productData": {
            "name": "V Energy Drink Guarana 500ml",
            "productId": "v-energy-drink-guarana-500ml",
            "productShopPage": "https://geraldine.store.freshchoice.co.nz/lines/v-energy-drink-guarana-500ml",
            "productImageURL": "https://dtgxwmigmg3gc.cloudfront.net/imagery/assets/derivations/icon/512/512/true/eyJpZCI6IjgzZDAxMjhiMzg4NmEwZmE4YTE2ZjY2NWIzNmM2NzI2Iiwic3RvcmFnZSI6InB1YmxpY19zdG9yZSJ9?signature=f55ecc561066291a4e74a967db35ea2355f881bd1708bf400fd790032384ae4f",
            "productDescription": ""
        },
        "priceData": {
            "bestPrice": "2.50",
            "price": "2.50",
            "pricePerLitre": 7.6,
            "bestPricePerLitre": 7.6
        },
        "store": {
            "id": "58f6f3e452ba0b28d1013dbf",
            "name": "Geraldine"
        },
        "timestamp": "2021-08-16T18:04:10.653469"
    },
    {
        "productData": {
            "name": "V Energy Drink Sugarfree 500ml",
            "productId": "v-energy-drink-sugarfree-500ml",
            "productShopPage": "https://geraldine.store.freshchoice.co.nz/lines/v-energy-drink-sugarfree-500ml",
            "productImageURL": "https://dtgxwmigmg3gc.cloudfront.net/imagery/assets/derivations/icon/512/512/true/eyJpZCI6ImVkZTAxNTNmMDI1NmU1NDZjNWQ5MTc3MjE3ZTQ3YTQ0Iiwic3RvcmFnZSI6InB1YmxpY19zdG9yZSJ9?signature=abcf72d9faa9ee3044eaa3b7ee0bf9b4fd8f582379018d8727f2234b7d3f3c85",
            "productDescription": ""
        },
        "priceData": {
            "bestPrice": "2.50",
            "price": "2.50",
            "pricePerLitre": 7.6,
            "bestPricePerLitre": 7.6
        },
        "store": {
            "id": "58f6f3e452ba0b28d1013dbf",
            "name": "Geraldine"
        },
        "timestamp": "2021-08-16T18:04:11.885649"
    },
    {
        "productData": {
            "name": "V Energy Drink Blue 200ml 10 Pack",
            "productId": "v-energy-drink-blue-200ml-10-pack",
            "productShopPage": "https://geraldine.store.freshchoice.co.nz/lines/v-energy-drink-blue-200ml-10-pack",
            "productImageURL": "https://dtgxwmigmg3gc.cloudfront.net/imagery/assets/derivations/icon/512/512/true/eyJpZCI6IjRkNjE1NmI5MzlmM2E0NzM2YWI0OTFjYWM2MjUxYTkzIiwic3RvcmFnZSI6InB1YmxpY19zdG9yZSJ9?signature=3a63f5716ca94a52d300802a59ee52975e80ad89eebee6aba9539402ed8118cd",
            "productDescription": ""
        },
        "priceData": {
            "bestPrice": "14.00",
            "price": "14.00",
            "pricePerLitre": 7.800000000000001,
            "bestPricePerLitre": 7.800000000000001
        },
        "store": {
            "id": "58f6f3e452ba0b28d1013dbf",
            "name": "Geraldine"
        },
        "timestamp": "2021-08-16T18:04:14.245905"
    },
    {
        "productData": {
            "name": "V Energy Drink Blue Guarana Spritzed 350ml",
            "productId": "v-blue-energy-drink-blue-guarana-spritzed-350ml",
            "productShopPage": "https://geraldine.store.freshchoice.co.nz/lines/v-blue-energy-drink-blue-guarana-spritzed-350ml",
            "productImageURL": "https://dtgxwmigmg3gc.cloudfront.net/imagery/assets/derivations/icon/512/512/true/eyJpZCI6ImY2OTRlZGI4NjdlNWMzZDM5NzgzMDQ0ODFkMzUxZGZiIiwic3RvcmFnZSI6InB1YmxpY19zdG9yZSJ9?signature=591b3079cb9c2407a29b3bc348eaf42dc1d34daba5c9d7aba65be654725b6719",
            "productDescription": ""
        },
        "priceData": {
            "bestPrice": "3.50",
            "price": "3.50",
            "pricePerLitre": 10.0,
            "bestPricePerLitre": 10.0
        },
        "store": {
            "id": "58f6f3e452ba0b28d1013dbf",
            "name": "Geraldine"
        },
        "timestamp": "2021-08-16T18:04:15.364847"
    },
    {
        "productData": {
            "name": "V Energy Drink Green Guarana 350ml",
            "productId": "v-energy-drink-green-guarana-350ml",
            "productShopPage": "https://geraldine.store.freshchoice.co.nz/lines/v-energy-drink-green-guarana-350ml",
            "productImageURL": "https://dtgxwmigmg3gc.cloudfront.net/imagery/assets/derivations/icon/512/512/true/eyJpZCI6IjRiNjY4ZjYxOTQ2ODYyN2MzM2NiZWMyNGUyNmIyODk4Iiwic3RvcmFnZSI6InB1YmxpY19zdG9yZSJ9?signature=4cded9cb42349eef45a593461f311b1bb7fa881295733879671ad9fe9887d30c",
            "productDescription": ""
        },
        "priceData": {
            "bestPrice": "3.50",
            "price": "3.50",
            "pricePerLitre": 10.0,
            "bestPricePerLitre": 10.0
        },
        "store": {
            "id": "58f6f3e452ba0b28d1013dbf",
            "name": "Geraldine"
        },
        "timestamp": "2021-08-16T18:04:16.824879"
    },
    {
        "productData": {
            "name": "V Energy Drink Guarana Can 250ml",
            "productId": "v-energy-drink-guarana-can-250ml",
            "productShopPage": "https://geraldine.store.freshchoice.co.nz/lines/v-energy-drink-guarana-can-250ml",
            "productImageURL": "https://dtgxwmigmg3gc.cloudfront.net/imagery/assets/derivations/icon/512/512/true/eyJpZCI6Ijc3Nzk1NjE2ZDhhNmFiMThhYzEzODYzOTg2ZmNkNzgwIiwic3RvcmFnZSI6InB1YmxpY19zdG9yZSJ9?signature=f5de1854d43e19cc62bff86893d4a55615cd916f8425a4dccd170b52eba81255",
            "productDescription": ""
        },
        "priceData": {
            "bestPrice": "2.20",
            "price": "2.20",
            "pricePerLitre": 8.8,
            "bestPricePerLitre": 8.8
        },
        "store": {
            "id": "58f6f3e452ba0b28d1013dbf",
            "name": "Geraldine"
        },
        "timestamp": "2021-08-16T18:04:18.110879"
    },
    {
        "productData": {
            "name": "V Energy Drink Guarana Can 500ml",
            "productId": "v-energy-drink-guarana-can-500ml",
            "productShopPage": "https://geraldine.store.freshchoice.co.nz/lines/v-energy-drink-guarana-can-500ml",
            "productImageURL": "https://dtgxwmigmg3gc.cloudfront.net/imagery/assets/derivations/icon/512/512/true/eyJpZCI6ImI0NjgzNGZjNDRkMjU0MjgzYzJjZGNhMzA2NWIxYjA5Iiwic3RvcmFnZSI6InB1YmxpY19zdG9yZSJ9?signature=265e8273409849423466e7623cbbdf8352940707b8830803eec391e8f32c9c5f",
            "productDescription": ""
        },
        "priceData": {
            "bestPrice": "3.50",
            "price": "3.50",
            "pricePerLitre": 7.0,
            "bestPricePerLitre": 7.0
        },
        "store": {
            "id": "58f6f3e452ba0b28d1013dbf",
            "name": "Geraldine"
        },
        "timestamp": "2021-08-16T18:04:19.368780"
    },
    {
        "productData": {
            "name": "V Energy Drink Skills Cans 275ml 4 Pack",
            "productId": "v-energy-drink-skills-cans-275ml-4-pack",
            "productShopPage": "https://geraldine.store.freshchoice.co.nz/lines/v-energy-drink-skills-cans-275ml-4-pack",
            "productImageURL": "https://dtgxwmigmg3gc.cloudfront.net/imagery/assets/derivations/icon/512/512/true/eyJpZCI6ImZhMzA2N2NiM2YxMmVkM2ZhZjhhYmM4OGE1YTJhNzczIiwic3RvcmFnZSI6InB1YmxpY19zdG9yZSJ9?signature=34fcde8f5a021036c475a1dfff6748625e0747bb134ec737312b15bbe8e883eb",
            "productDescription": ""
        },
        "priceData": {
            "bestPrice": "7.10",
            "price": "7.10",
            "pricePerLitre": 8.5,
            "bestPricePerLitre": 8.5
        },
        "store": {
            "id": "58f6f3e452ba0b28d1013dbf",
            "name": "Geraldine"
        },
        "timestamp": "2021-08-16T18:04:23.949935"
    },
    {
        "productData": {
            "name": "V Blue Energy Drink Bottle 500ml",
            "productId": "v-blue-energy-drink-bottle-500ml",
            "productShopPage": "https://geraldine.store.freshchoice.co.nz/lines/v-blue-energy-drink-bottle-500ml",
            "productImageURL": "https://dtgxwmigmg3gc.cloudfront.net/imagery/assets/derivations/icon/512/512/true/eyJpZCI6IjgyYWYxYWY4MGI4MzUxODhiYmVhZGVhM2U2NzY0MzI5Iiwic3RvcmFnZSI6InB1YmxpY19zdG9yZSJ9?signature=7e70fc576864a528a1431734d680cbf177a11b419a692dbfd34800c31b8944ec",
            "productDescription": ""
        },
        "priceData": {
            "bestPrice": "2.50",
            "price": "2.50",
            "pricePerLitre": 7.6,
            "bestPricePerLitre": 7.6
        },
        "store": {
            "id": "58f6f3e452ba0b28d1013dbf",
            "name": "Geraldine"
        },
        "timestamp": "2021-08-16T18:04:26.240342"
    },
    {
        "productData": {
            "name": "V Blue Sugarfree Energy Drink 500ml",
            "productId": "v-blue-sugarfree-energy-drink-500ml",
            "productShopPage": "https://geraldine.store.freshchoice.co.nz/lines/v-blue-sugarfree-energy-drink-500ml",
            "productImageURL": "https://dtgxwmigmg3gc.cloudfront.net/imagery/assets/derivations/icon/512/512/true/eyJpZCI6ImVmYjQyOWRmM2JjZjc3NTY1ZDIwMTEyNTY0MDdmZjA1Iiwic3RvcmFnZSI6InB1YmxpY19zdG9yZSJ9?signature=2911d59474d8305039a3be3bef0f887c38d9ab84596314b13cc4b150101175ab",
            "productDescription": ""
        },
        "priceData": {
            "bestPrice": "3.50",
            "price": "3.50",
            "pricePerLitre": 7.0,
            "bestPricePerLitre": 7.0
        },
        "store": {
            "id": "58f6f3e452ba0b28d1013dbf",
            "name": "Geraldine"
        },
        "timestamp": "2021-08-16T18:04:27.304093"
    },
    {
        "productData": {
            "name": "V Blue Energy Drink Blue Guarana Can 250ml",
            "productId": "v-blue-energy-drink-blue-guarana-can-250ml",
            "productShopPage": "https://geraldine.store.freshchoice.co.nz/lines/v-blue-energy-drink-blue-guarana-can-250ml",
            "productImageURL": "https://dtgxwmigmg3gc.cloudfront.net/imagery/assets/derivations/icon/512/512/true/eyJpZCI6IjBmZjQwNDEyZWQ2ZDk4YTg3YWQ2ZDUyMWZlNjM1YzJkIiwic3RvcmFnZSI6InB1YmxpY19zdG9yZSJ9?signature=8f745abe5614ec47b3d7a07f1a34ba529184a87b2a696211ba5a0f9f29c86bf0",
            "productDescription": ""
        },
        "priceData": {
            "bestPrice": "2.20",
            "price": "2.20",
            "pricePerLitre": 8.8,
            "bestPricePerLitre": 8.8
        },
        "store": {
            "id": "58f6f3e452ba0b28d1013dbf",
            "name": "Geraldine"
        },
        "timestamp": "2021-08-16T18:04:31.948181"
    },
    {
        "productData": {
            "name": "V Blue Energy Drink Blue Guarana Can 500ml",
            "productId": "v-blue-energy-drink-blue-guarana-can-500ml",
            "productShopPage": "https://geraldine.store.freshchoice.co.nz/lines/v-blue-energy-drink-blue-guarana-can-500ml",
            "productImageURL": "https://dtgxwmigmg3gc.cloudfront.net/imagery/assets/derivations/icon/512/512/true/eyJpZCI6ImFmYjEyYjVjYTU2YWI5ZDJhMTVmNGY2MDg2NWFlNzgxIiwic3RvcmFnZSI6InB1YmxpY19zdG9yZSJ9?signature=b537a8cc5a2c0f90f1702b2c541db44c3a740a0ec4a96e92ab2d6537f9320e8d",
            "productDescription": ""
        },
        "priceData": {
            "bestPrice": "3.50",
            "price": "3.50",
            "pricePerLitre": 7.0,
            "bestPricePerLitre": 7.0
        },
        "store": {
            "id": "58f6f3e452ba0b28d1013dbf",
            "name": "Geraldine"
        },
        "timestamp": "2021-08-16T18:04:33.214928"
    },
    {
        "productData": {
            "name": "Monster Super Fuel Zero Sugar 550ml",
            "productId": "monster-super-fuel-zero-sugar-550ml",
            "productShopPage": "https://geraldine.store.freshchoice.co.nz/lines/monster-super-fuel-zero-sugar-550ml",
            "productImageURL": "https://dtgxwmigmg3gc.cloudfront.net/imagery/assets/derivations/icon/512/512/true/eyJpZCI6IjRkOTE3NzhmODIxNDI1ZDJjNDg3Yjc0M2YyMzEyYmYxIiwic3RvcmFnZSI6InB1YmxpY19zdG9yZSJ9?signature=4b9dbd15c40f85466e597873c567f989183b284947e8c8dc4df58667789214a2",
            "productDescription": ""
        },
        "priceData": {
            "bestPrice": "3.50",
            "price": "3.50",
            "pricePerLitre": 7.3,
            "bestPricePerLitre": 7.3
        },
        "store": {
            "id": "58f6f3e452ba0b28d1013dbf",
            "name": "Geraldine"
        },
        "timestamp": "2021-08-16T18:04:47.736934"
    },
    {
        "productData": {
            "name": "Monster Mule Ginger Brew 500ml",
            "productId": "monster-mule-ginger-brew-500ml",
            "productShopPage": "https://geraldine.store.freshchoice.co.nz/lines/monster-mule-ginger-brew-500ml",
            "productImageURL": "https://dtgxwmigmg3gc.cloudfront.net/imagery/assets/derivations/icon/512/512/true/eyJpZCI6ImM1OTM5MTIyZTRlNmNhNzk0ODFlMDE4ZWVmMWE2Y2ZlIiwic3RvcmFnZSI6InB1YmxpY19zdG9yZSJ9?signature=5d11287f30ef58c148e37382d61c0d83097d5461683a9aa5dd9456941c1f32e5",
            "productDescription": ""
        },
        "priceData": {
            "bestPrice": "2.50",
            "price": "2.50",
            "pricePerLitre": 6.0,
            "bestPricePerLitre": 6.0
        },
        "store": {
            "id": "58f6f3e452ba0b28d1013dbf",
            "name": "Geraldine"
        },
        "timestamp": "2021-08-16T18:04:48.782335"
    },
    {
        "productData": {
            "name": "Monster Super Fuel Purple Passion 550ml",
            "productId": "monster-super-fuel-purple-passion-550ml",
            "productShopPage": "https://geraldine.store.freshchoice.co.nz/lines/monster-super-fuel-purple-passion-550ml",
            "productImageURL": "https://dtgxwmigmg3gc.cloudfront.net/imagery/assets/derivations/icon/512/512/true/eyJpZCI6IjNkMTY1OTQwMzgyOTZjZjVlMjNlNjBjMDQ3NTE1YWM0Iiwic3RvcmFnZSI6InB1YmxpY19zdG9yZSJ9?signature=4d4ccd77dab941d955a8037242a41833afdc7251d3bd5b5c4b99705770273998",
            "productDescription": ""
        },
        "priceData": {
            "bestPrice": "3.50",
            "price": "3.50",
            "pricePerLitre": 7.3,
            "bestPricePerLitre": 7.3
        },
        "store": {
            "id": "58f6f3e452ba0b28d1013dbf",
            "name": "Geraldine"
        },
        "timestamp": "2021-08-16T18:04:52.207810"
    },
    {
        "productData": {
            "name": "Monster Energy Pipeline Punch 500ml",
            "productId": "monster-energy-pipeline-punch-500ml",
            "productShopPage": "https://geraldine.store.freshchoice.co.nz/lines/monster-energy-pipeline-punch-500ml",
            "productImageURL": "https://dtgxwmigmg3gc.cloudfront.net/imagery/assets/derivations/icon/512/512/true/eyJpZCI6IjM3ZWY2OTY5OWFlNTJlZTRjNTY1ZmFmYWIwOTIxMjg4Iiwic3RvcmFnZSI6InB1YmxpY19zdG9yZSJ9?signature=79ed6699c35bd716a9d5d9457c39ce62c523edaa4059b6b45d4dcc7caf65cef9",
            "productDescription": ""
        },
        "priceData": {
            "bestPrice": "2.50",
            "price": "2.50",
            "pricePerLitre": 6.0,
            "bestPricePerLitre": 6.0
        },
        "store": {
            "id": "58f6f3e452ba0b28d1013dbf",
            "name": "Geraldine"
        },
        "timestamp": "2021-08-16T18:04:53.648132"
    },
    {
        "productData": {
            "name": "Live Plus Energy Drink Citrus Flavour 500ml",
            "productId": "live-plus-persist-500ml",
            "productShopPage": "https://geraldine.store.freshchoice.co.nz/lines/live-plus-persist-500ml",
            "productImageURL": "https://dtgxwmigmg3gc.cloudfront.net/imagery/assets/derivations/icon/512/512/true/eyJpZCI6IjFlNWQ5YzI4OWM1N2UzNmYzZmI2NThlMDQzZTI3ZjE4Iiwic3RvcmFnZSI6InB1YmxpY19zdG9yZSJ9?signature=756b17fefe47174b90e7dbec8cd09db27f9f59f4994bc750b71256ae93ba9fa8",
            "productDescription": ""
        },
        "priceData": {
            "bestPrice": "2.00",
            "price": "2.00",
            "pricePerLitre": 4.0,
            "bestPricePerLitre": 4.0
        },
        "store": {
            "id": "58f6f3e452ba0b28d1013dbf",
            "name": "Geraldine"
        },
        "timestamp": "2021-08-16T18:04:54.795972"
    },
    {
        "productData": {
            "name": "Live Plus Energy Drink Tart Apple Apple Flavour 500ml",
            "productId": "live-plus-ignite-500ml",
            "productShopPage": "https://geraldine.store.freshchoice.co.nz/lines/live-plus-ignite-500ml",
            "productImageURL": "https://dtgxwmigmg3gc.cloudfront.net/imagery/assets/derivations/icon/512/512/true/eyJpZCI6IjViOGViZjhmZTQzYjFlYTMzNDM5YjJjMjg3ZDRmY2YyIiwic3RvcmFnZSI6InB1YmxpY19zdG9yZSJ9?signature=140ae19352cd0dcec7e77f90fa4dfaa9fa17086439f730510afc5d906e1415bf",
            "productDescription": ""
        },
        "priceData": {
            "bestPrice": "2.00",
            "price": "2.00",
            "pricePerLitre": 4.0,
            "bestPricePerLitre": 4.0
        },
        "store": {
            "id": "58f6f3e452ba0b28d1013dbf",
            "name": "Geraldine"
        },
        "timestamp": "2021-08-16T18:04:56.050731"
    },
    {
        "productData": {
            "name": "V Guarana Energy Drink Blue Sugarfree 250ml",
            "productId": "v-blue-sugarfree-energy-drink-250ml",
            "productShopPage": "https://geraldine.store.freshchoice.co.nz/lines/v-blue-sugarfree-energy-drink-250ml",
            "productImageURL": "https://dtgxwmigmg3gc.cloudfront.net/imagery/assets/derivations/icon/512/512/true/eyJpZCI6IjI3YWJiOTVhYjNhMjEwMDU2MWJhMmRhNTM3YjRhZjVmIiwic3RvcmFnZSI6InB1YmxpY19zdG9yZSJ9?signature=66769306ca1d0ba674603954d338186dc999f6d1839090d49fde9416b3252365",
            "productDescription": ""
        },
        "priceData": {
            "bestPrice": "2.20",
            "price": "2.20",
            "pricePerLitre": 8.8,
            "bestPricePerLitre": 8.8
        },
        "store": {
            "id": "58f6f3e452ba0b28d1013dbf",
            "name": "Geraldine"
        },
        "timestamp": "2021-08-16T18:04:57.360573"
    },
    {
        "productData": {
            "name": "Live Plus Energy Drink Original Citrus Flavour 6x250ml",
            "productId": "live-plus-persist-250ml-6pack",
            "productShopPage": "https://geraldine.store.freshchoice.co.nz/lines/live-plus-persist-250ml-6pack",
            "productImageURL": "https://dtgxwmigmg3gc.cloudfront.net/imagery/assets/derivations/icon/512/512/true/eyJpZCI6IjNmODNiNGI4MzI4MzJmNzhjZmJhNDA1OGUyZWFlM2ZhIiwic3RvcmFnZSI6InB1YmxpY19zdG9yZSJ9?signature=0257f943d0c41562773e51cbd42327ad911228832e33494e9c30381e20305337",
            "productDescription": ""
        },
        "priceData": {
            "bestPrice": "7.70",
            "price": "7.70",
            "pricePerLitre": 5.1,
            "bestPricePerLitre": 5.1
        },
        "store": {
            "id": "58f6f3e452ba0b28d1013dbf",
            "name": "Geraldine"
        },
        "timestamp": "2021-08-16T18:05:00.770591"
    },
    {
        "productData": {
            "name": "Live Plus Energy Drink Persist Glass 355ml",
            "productId": "live-plus-energy-drink-persist-glass-355ml",
            "productShopPage": "https://geraldine.store.freshchoice.co.nz/lines/live-plus-energy-drink-persist-glass-355ml",
            "productImageURL": "https://dtgxwmigmg3gc.cloudfront.net/imagery/assets/derivations/icon/512/512/true/eyJpZCI6IjBiMjhiZTQ0NDk1ODBiZWI4NDRkY2JhM2MxZDdhOTMwIiwic3RvcmFnZSI6InB1YmxpY19zdG9yZSJ9?signature=62025738d86469fbbd64cd53b03b4beee6372d1fbd30b8a9c5708ffdafeebf0d",
            "productDescription": ""
        },
        "priceData": {
            "bestPrice": "2.00",
            "price": "2.00",
            "pricePerLitre": 7.9,
            "bestPricePerLitre": 7.9
        },
        "store": {
            "id": "58f6f3e452ba0b28d1013dbf",
            "name": "Geraldine"
        },
        "timestamp": "2021-08-16T18:05:01.837292"
    },
    {
        "productData": {
            "name": "Rockstar Punched Energy Guava 500ml",
            "productId": "rockstar-punched-energy-guava-500ml",
            "productShopPage": "https://geraldine.store.freshchoice.co.nz/lines/rockstar-punched-energy-guava-500ml",
            "productImageURL": "https://dtgxwmigmg3gc.cloudfront.net/imagery/assets/derivations/icon/512/512/true/eyJpZCI6IjBmNGEyNjU2MGQwM2Y4OGI4MWE3ZTMyODUzYTRlN2QyIiwic3RvcmFnZSI6InB1YmxpY19zdG9yZSJ9?signature=fab45ac774e74d87cf7a79de075f47290676fd6d4afcf212198c745670d5ce29",
            "productDescription": ""
        },
        "priceData": {
            "bestPrice": "2.00",
            "price": "2.00",
            "pricePerLitre": 4.0,
            "bestPricePerLitre": 4.0
        },
        "store": {
            "id": "58f6f3e452ba0b28d1013dbf",
            "name": "Geraldine"
        },
        "timestamp": "2021-08-16T18:05:05.541504"
    },
    {
        "productData": {
            "name": "Rockstar Punched Watermelon Freeze Energy Drink 500ml",
            "productId": "rockstar-punched-watermelon-freeze-energy-drink-500ml",
            "productShopPage": "https://geraldine.store.freshchoice.co.nz/lines/rockstar-punched-watermelon-freeze-energy-drink-500ml",
            "productImageURL": "https://dtgxwmigmg3gc.cloudfront.net/imagery/assets/derivations/icon/512/512/true/eyJpZCI6IjlhMzZkN2M2YmNhYzgwZGNlNzQ1NjBkOTA5NGU3MzQ2Iiwic3RvcmFnZSI6InB1YmxpY19zdG9yZSJ9?signature=09f452e46dbf31dd8b35e72b6651c800dd4e8856d7322f55db022f54e5cc9867",
            "productDescription": ""
        },
        "priceData": {
            "bestPrice": "2.00",
            "price": "2.00",
            "pricePerLitre": 4.0,
            "bestPricePerLitre": 4.0
        },
        "store": {
            "id": "58f6f3e452ba0b28d1013dbf",
            "name": "Geraldine"
        },
        "timestamp": "2021-08-16T18:05:06.586242"
    },
    {
        "productData": {
            "name": "Monster Energy Ultra Sunrise 500ml",
            "productId": "monster-energy-ultra-sunrise-500ml",
            "productShopPage": "https://greenisland.store.freshchoice.co.nz/lines/monster-energy-ultra-sunrise-500ml",
            "productImageURL": "https://dtgxwmigmg3gc.cloudfront.net/imagery/assets/derivations/icon/512/512/true/eyJpZCI6ImFlNTVkY2RiZTZiZjg3OGZjZTdlOTU1OTFhMDE4YTdiIiwic3RvcmFnZSI6InB1YmxpY19zdG9yZSJ9?signature=b98350feca08b6ab128cc925fef23a58f65a36f94ede15cb2174f6f88a0f8a0f",
            "productDescription": ""
        },
        "priceData": {
            "bestPrice": "2.50",
            "price": "2.50",
            "pricePerLitre": 6.0,
            "bestPricePerLitre": 6.0
        },
        "store": {
            "id": "5c6624262faaf35db50bbe03",
            "name": "Green Island"
        },
        "timestamp": "2021-08-16T18:05:13.224263"
    },
    {
        "productData": {
            "name": "Monster Energy Drink Can Green 500ml",
            "productId": "monster-energy-green-500ml",
            "productShopPage": "https://greenisland.store.freshchoice.co.nz/lines/monster-energy-green-500ml",
            "productImageURL": "https://dtgxwmigmg3gc.cloudfront.net/imagery/assets/derivations/icon/512/512/true/eyJpZCI6ImU3ZjNiNjJiNzI4Y2M0MTIxMjhiNjQ2ZmQ2OTQzMGEzIiwic3RvcmFnZSI6InB1YmxpY19zdG9yZSJ9?signature=637eac56411f57a79f345ea693f1418330d5742c3a04caddb460696dba06da06",
            "productDescription": ""
        },
        "priceData": {
            "bestPrice": "2.50",
            "price": "2.50",
            "pricePerLitre": 6.0,
            "bestPricePerLitre": 6.0
        },
        "store": {
            "id": "5c6624262faaf35db50bbe03",
            "name": "Green Island"
        },
        "timestamp": "2021-08-16T18:05:15.334304"
    },
    {
        "productData": {
            "name": "Monster Energy Drink Ultra Rosa 500ml",
            "productId": "monster-energy-drink-ultra-rosa-500ml",
            "productShopPage": "https://greenisland.store.freshchoice.co.nz/lines/monster-energy-drink-ultra-rosa-500ml",
            "productImageURL": "https://dtgxwmigmg3gc.cloudfront.net/imagery/assets/derivations/icon/512/512/true/eyJpZCI6IjZjYzFjMzcwYzM4Mzk4N2MyOTUzNWIyMTFjZTJlYjgxIiwic3RvcmFnZSI6InB1YmxpY19zdG9yZSJ9?signature=9cd08284785f9b24647ecc7d1dc08214d9d00318cc809bebdef1921d6b78bb95",
            "productDescription": ""
        },
        "priceData": {
            "bestPrice": "2.50",
            "price": "2.50",
            "pricePerLitre": 6.0,
            "bestPricePerLitre": 6.0
        },
        "store": {
            "id": "5c6624262faaf35db50bbe03",
            "name": "Green Island"
        },
        "timestamp": "2021-08-16T18:05:16.329688"
    },
    {
        "productData": {
            "name": "Mother Energy Drink Berry 500ml",
            "productId": "mother-energy-drink-berry-500ml",
            "productShopPage": "https://greenisland.store.freshchoice.co.nz/lines/mother-energy-drink-berry-500ml",
            "productImageURL": "https://dtgxwmigmg3gc.cloudfront.net/imagery/assets/derivations/icon/512/512/true/eyJpZCI6ImRhYTJlNjUzNzRjZjViNjI0ZDljNzUzNDA3YmE0ZDFkIiwic3RvcmFnZSI6InB1YmxpY19zdG9yZSJ9?signature=d9ffb465d71d599811c2ff7a788845bfe297eb3624ad7866a89cf0b3ece073f0",
            "productDescription": ""
        },
        "priceData": {
            "bestPrice": "2.00",
            "price": "2.00",
            "pricePerLitre": 6.0,
            "bestPricePerLitre": 6.0
        },
        "store": {
            "id": "5c6624262faaf35db50bbe03",
            "name": "Green Island"
        },
        "timestamp": "2021-08-16T18:05:19.417526"
    },
    {
        "productData": {
            "name": "Mother Energy Drink Black 500ml",
            "productId": "mother-energy-drink-black-500ml",
            "productShopPage": "https://greenisland.store.freshchoice.co.nz/lines/mother-energy-drink-black-500ml",
            "productImageURL": "https://dtgxwmigmg3gc.cloudfront.net/imagery/assets/derivations/icon/512/512/true/eyJpZCI6ImYyMzA5MjhkYjg3ODFhYmYzZDU3ZjE1YjNmYzU2MWFjIiwic3RvcmFnZSI6InB1YmxpY19zdG9yZSJ9?signature=d3dbddb83d3d457075cd5d8936bef0c5b48fce4fa3fe725995d8b6d57219ceb5",
            "productDescription": ""
        },
        "priceData": {
            "bestPrice": "2.00",
            "price": "2.00",
            "pricePerLitre": 6.0,
            "bestPricePerLitre": 6.0
        },
        "store": {
            "id": "5c6624262faaf35db50bbe03",
            "name": "Green Island"
        },
        "timestamp": "2021-08-16T18:05:20.738536"
    },
    {
        "productData": {
            "name": "Mother Energy Drink Passion 500ml",
            "productId": "mother-energy-drink-passion-500ml",
            "productShopPage": "https://greenisland.store.freshchoice.co.nz/lines/mother-energy-drink-passion-500ml",
            "productImageURL": "https://dtgxwmigmg3gc.cloudfront.net/imagery/assets/derivations/icon/512/512/true/eyJpZCI6ImQwODE2YTc4ZjBmNGU4NTU5Mzg1YjkxZmI5YjIzZjM0Iiwic3RvcmFnZSI6InB1YmxpY19zdG9yZSJ9?signature=713c495fef96a6427b917f0c7c7e855a963749ac5c1bf7dfd71e24ae08ea3123",
            "productDescription": ""
        },
        "priceData": {
            "bestPrice": "2.00",
            "price": "2.00",
            "pricePerLitre": 6.0,
            "bestPricePerLitre": 6.0
        },
        "store": {
            "id": "5c6624262faaf35db50bbe03",
            "name": "Green Island"
        },
        "timestamp": "2021-08-16T18:05:23.061898"
    },
    {
        "productData": {
            "name": "Mother Tropical Blast 500ml",
            "productId": "mother-tropical-blast-500ml",
            "productShopPage": "https://greenisland.store.freshchoice.co.nz/lines/mother-tropical-blast-500ml",
            "productImageURL": "https://dtgxwmigmg3gc.cloudfront.net/imagery/assets/derivations/icon/512/512/true/eyJpZCI6ImEyZmM1OTUwNDhlODM5YTRhMjQ2MTI1OGEyYzNlZWZhIiwic3RvcmFnZSI6InB1YmxpY19zdG9yZSJ9?signature=6c9470ee4067e8ec32b58eeac9d628404d3986058a9b1cdef46014d1bee50944",
            "productDescription": ""
        },
        "priceData": {
            "bestPrice": "2.00",
            "price": "2.00",
            "pricePerLitre": 6.0,
            "bestPricePerLitre": 6.0
        },
        "store": {
            "id": "5c6624262faaf35db50bbe03",
            "name": "Green Island"
        },
        "timestamp": "2021-08-16T18:05:24.161615"
    },
    {
        "productData": {
            "name": "Mother Can Energy 250ml",
            "productId": "mother-can-energy-250ml",
            "productShopPage": "https://greenisland.store.freshchoice.co.nz/lines/mother-can-energy-250ml",
            "productImageURL": "https://dtgxwmigmg3gc.cloudfront.net/imagery/assets/derivations/icon/512/512/true/eyJpZCI6IjVhOTg3YmMxMjJjMGU2MTcxY2VhNzRjMmY0YzdmNDc2Iiwic3RvcmFnZSI6InB1YmxpY19zdG9yZSJ9?signature=b86ce206a3fb5a708e03da17f785e4d2d6e9436aae122f10ca04f56e5325a61f",
            "productDescription": ""
        },
        "priceData": {
            "bestPrice": "2.59",
            "price": "2.59",
            "pricePerLitre": 0.8999999999999999,
            "bestPricePerLitre": 0.8999999999999999
        },
        "store": {
            "id": "5c6624262faaf35db50bbe03",
            "name": "Green Island"
        },
        "timestamp": "2021-08-16T18:05:25.321417"
    },
    {
        "productData": {
            "name": "Mother Epic Swell Energy Drink Twisted Apple 500ml",
            "productId": "mother-epic-swell-energy-drink-twisted-apple-500ml",
            "productShopPage": "https://greenisland.store.freshchoice.co.nz/lines/mother-epic-swell-energy-drink-twisted-apple-500ml",
            "productImageURL": "https://dtgxwmigmg3gc.cloudfront.net/imagery/assets/derivations/icon/512/512/true/eyJpZCI6ImE2ZjYxOGNhNjUyYzMxNzRhNjg2MDBhMGVjZmQ3MmJkIiwic3RvcmFnZSI6InB1YmxpY19zdG9yZSJ9?signature=954f74f8aba0fb24cb2a5248b1e93fe8a62fb8c7f902abbb08b7aed24bc44c80",
            "productDescription": ""
        },
        "priceData": {
            "bestPrice": "2.00",
            "price": "2.00",
            "pricePerLitre": 4.0,
            "bestPricePerLitre": 4.0
        },
        "store": {
            "id": "5c6624262faaf35db50bbe03",
            "name": "Green Island"
        },
        "timestamp": "2021-08-16T18:05:26.590447"
    },
    {
        "productData": {
            "name": "V Energy Drink Guarana 500ml",
            "productId": "v-energy-drink-guarana-500ml",
            "productShopPage": "https://greenisland.store.freshchoice.co.nz/lines/v-energy-drink-guarana-500ml",
            "productImageURL": "https://dtgxwmigmg3gc.cloudfront.net/imagery/assets/derivations/icon/512/512/true/eyJpZCI6IjgzZDAxMjhiMzg4NmEwZmE4YTE2ZjY2NWIzNmM2NzI2Iiwic3RvcmFnZSI6InB1YmxpY19zdG9yZSJ9?signature=f55ecc561066291a4e74a967db35ea2355f881bd1708bf400fd790032384ae4f",
            "productDescription": ""
        },
        "priceData": {
            "bestPrice": "2.50",
            "price": "2.50",
            "pricePerLitre": 7.6,
            "bestPricePerLitre": 7.6
        },
        "store": {
            "id": "5c6624262faaf35db50bbe03",
            "name": "Green Island"
        },
        "timestamp": "2021-08-16T18:05:30.044040"
    },
    {
        "productData": {
            "name": "V Energy Drink Sugarfree 500ml",
            "productId": "v-energy-drink-sugarfree-500ml",
            "productShopPage": "https://greenisland.store.freshchoice.co.nz/lines/v-energy-drink-sugarfree-500ml",
            "productImageURL": "https://dtgxwmigmg3gc.cloudfront.net/imagery/assets/derivations/icon/512/512/true/eyJpZCI6ImVkZTAxNTNmMDI1NmU1NDZjNWQ5MTc3MjE3ZTQ3YTQ0Iiwic3RvcmFnZSI6InB1YmxpY19zdG9yZSJ9?signature=abcf72d9faa9ee3044eaa3b7ee0bf9b4fd8f582379018d8727f2234b7d3f3c85",
            "productDescription": ""
        },
        "priceData": {
            "bestPrice": "2.50",
            "price": "2.50",
            "pricePerLitre": 7.6,
            "bestPricePerLitre": 7.6
        },
        "store": {
            "id": "5c6624262faaf35db50bbe03",
            "name": "Green Island"
        },
        "timestamp": "2021-08-16T18:05:31.128010"
    },
    {
        "productData": {
            "name": "V Energy Drink Blue Guarana Spritzed 350ml",
            "productId": "v-blue-energy-drink-blue-guarana-spritzed-350ml",
            "productShopPage": "https://greenisland.store.freshchoice.co.nz/lines/v-blue-energy-drink-blue-guarana-spritzed-350ml",
            "productImageURL": "https://dtgxwmigmg3gc.cloudfront.net/imagery/assets/derivations/icon/512/512/true/eyJpZCI6ImY2OTRlZGI4NjdlNWMzZDM5NzgzMDQ0ODFkMzUxZGZiIiwic3RvcmFnZSI6InB1YmxpY19zdG9yZSJ9?signature=591b3079cb9c2407a29b3bc348eaf42dc1d34daba5c9d7aba65be654725b6719",
            "productDescription": ""
        },
        "priceData": {
            "bestPrice": "3.50",
            "price": "3.50",
            "pricePerLitre": 10.0,
            "bestPricePerLitre": 10.0
        },
        "store": {
            "id": "5c6624262faaf35db50bbe03",
            "name": "Green Island"
        },
        "timestamp": "2021-08-16T18:05:34.849184"
    },
    {
        "productData": {
            "name": "V Energy Drink Green Guarana 350ml",
            "productId": "v-energy-drink-green-guarana-350ml",
            "productShopPage": "https://greenisland.store.freshchoice.co.nz/lines/v-energy-drink-green-guarana-350ml",
            "productImageURL": "https://dtgxwmigmg3gc.cloudfront.net/imagery/assets/derivations/icon/512/512/true/eyJpZCI6IjRiNjY4ZjYxOTQ2ODYyN2MzM2NiZWMyNGUyNmIyODk4Iiwic3RvcmFnZSI6InB1YmxpY19zdG9yZSJ9?signature=4cded9cb42349eef45a593461f311b1bb7fa881295733879671ad9fe9887d30c",
            "productDescription": ""
        },
        "priceData": {
            "bestPrice": "3.50",
            "price": "3.50",
            "pricePerLitre": 10.0,
            "bestPricePerLitre": 10.0
        },
        "store": {
            "id": "5c6624262faaf35db50bbe03",
            "name": "Green Island"
        },
        "timestamp": "2021-08-16T18:05:35.945818"
    },
    {
        "productData": {
            "name": "V Energy Drink Guarana Can 250ml",
            "productId": "v-energy-drink-guarana-can-250ml",
            "productShopPage": "https://greenisland.store.freshchoice.co.nz/lines/v-energy-drink-guarana-can-250ml",
            "productImageURL": "https://dtgxwmigmg3gc.cloudfront.net/imagery/assets/derivations/icon/512/512/true/eyJpZCI6Ijc3Nzk1NjE2ZDhhNmFiMThhYzEzODYzOTg2ZmNkNzgwIiwic3RvcmFnZSI6InB1YmxpY19zdG9yZSJ9?signature=f5de1854d43e19cc62bff86893d4a55615cd916f8425a4dccd170b52eba81255",
            "productDescription": ""
        },
        "priceData": {
            "bestPrice": "2.20",
            "price": "2.20",
            "pricePerLitre": 8.8,
            "bestPricePerLitre": 8.8
        },
        "store": {
            "id": "5c6624262faaf35db50bbe03",
            "name": "Green Island"
        },
        "timestamp": "2021-08-16T18:05:37.109439"
    },
    {
        "productData": {
            "name": "V Energy Drink Guarana Can 500ml",
            "productId": "v-energy-drink-guarana-can-500ml",
            "productShopPage": "https://greenisland.store.freshchoice.co.nz/lines/v-energy-drink-guarana-can-500ml",
            "productImageURL": "https://dtgxwmigmg3gc.cloudfront.net/imagery/assets/derivations/icon/512/512/true/eyJpZCI6ImI0NjgzNGZjNDRkMjU0MjgzYzJjZGNhMzA2NWIxYjA5Iiwic3RvcmFnZSI6InB1YmxpY19zdG9yZSJ9?signature=265e8273409849423466e7623cbbdf8352940707b8830803eec391e8f32c9c5f",
            "productDescription": ""
        },
        "priceData": {
            "bestPrice": "3.50",
            "price": "3.50",
            "pricePerLitre": 7.0,
            "bestPricePerLitre": 7.0
        },
        "store": {
            "id": "5c6624262faaf35db50bbe03",
            "name": "Green Island"
        },
        "timestamp": "2021-08-16T18:05:38.468889"
    },
    {
        "productData": {
            "name": "V Energy Drink Raspberry Lemonade 350ml",
            "productId": "v-energy-drink-raspberry-lemonade-350ml",
            "productShopPage": "https://greenisland.store.freshchoice.co.nz/lines/v-energy-drink-raspberry-lemonade-350ml",
            "productImageURL": "https://dtgxwmigmg3gc.cloudfront.net/imagery/assets/derivations/icon/512/512/true/eyJpZCI6IjliNWMwMGJkN2IxYWRhY2UxNzU5NzY1ZTI4MjUzZDgyIiwic3RvcmFnZSI6InB1YmxpY19zdG9yZSJ9?signature=1813e587f3636e394a15aa9e19234f9343024a6880220b0dda0a5d69b1f1c010",
            "productDescription": ""
        },
        "priceData": {
            "bestPrice": "3.50",
            "price": "3.50",
            "pricePerLitre": 10.0,
            "bestPricePerLitre": 10.0
        },
        "store": {
            "id": "5c6624262faaf35db50bbe03",
            "name": "Green Island"
        },
        "timestamp": "2021-08-16T18:05:40.844284"
    },
    {
        "productData": {
            "name": "V Energy Drink Skills Cans 275ml 4 Pack",
            "productId": "v-energy-drink-skills-cans-275ml-4-pack",
            "productShopPage": "https://greenisland.store.freshchoice.co.nz/lines/v-energy-drink-skills-cans-275ml-4-pack",
            "productImageURL": "https://dtgxwmigmg3gc.cloudfront.net/imagery/assets/derivations/icon/512/512/true/eyJpZCI6ImZhMzA2N2NiM2YxMmVkM2ZhZjhhYmM4OGE1YTJhNzczIiwic3RvcmFnZSI6InB1YmxpY19zdG9yZSJ9?signature=34fcde8f5a021036c475a1dfff6748625e0747bb134ec737312b15bbe8e883eb",
            "productDescription": ""
        },
        "priceData": {
            "bestPrice": "7.10",
            "price": "7.10",
            "pricePerLitre": 8.5,
            "bestPricePerLitre": 8.5
        },
        "store": {
            "id": "5c6624262faaf35db50bbe03",
            "name": "Green Island"
        },
        "timestamp": "2021-08-16T18:05:43.579208"
    },
    {
        "productData": {
            "name": "V Blue Energy Drink Bottle 500ml",
            "productId": "v-blue-energy-drink-bottle-500ml",
            "productShopPage": "https://greenisland.store.freshchoice.co.nz/lines/v-blue-energy-drink-bottle-500ml",
            "productImageURL": "https://dtgxwmigmg3gc.cloudfront.net/imagery/assets/derivations/icon/512/512/true/eyJpZCI6IjgyYWYxYWY4MGI4MzUxODhiYmVhZGVhM2U2NzY0MzI5Iiwic3RvcmFnZSI6InB1YmxpY19zdG9yZSJ9?signature=7e70fc576864a528a1431734d680cbf177a11b419a692dbfd34800c31b8944ec",
            "productDescription": ""
        },
        "priceData": {
            "bestPrice": "2.50",
            "price": "2.50",
            "pricePerLitre": 7.6,
            "bestPricePerLitre": 7.6
        },
        "store": {
            "id": "5c6624262faaf35db50bbe03",
            "name": "Green Island"
        },
        "timestamp": "2021-08-16T18:05:45.740215"
    },
    {
        "productData": {
            "name": "V Blue Sugarfree Energy Drink 500ml",
            "productId": "v-blue-sugarfree-energy-drink-500ml",
            "productShopPage": "https://greenisland.store.freshchoice.co.nz/lines/v-blue-sugarfree-energy-drink-500ml",
            "productImageURL": "https://dtgxwmigmg3gc.cloudfront.net/imagery/assets/derivations/icon/512/512/true/eyJpZCI6ImVmYjQyOWRmM2JjZjc3NTY1ZDIwMTEyNTY0MDdmZjA1Iiwic3RvcmFnZSI6InB1YmxpY19zdG9yZSJ9?signature=2911d59474d8305039a3be3bef0f887c38d9ab84596314b13cc4b150101175ab",
            "productDescription": ""
        },
        "priceData": {
            "bestPrice": "3.50",
            "price": "3.50",
            "pricePerLitre": 7.0,
            "bestPricePerLitre": 7.0
        },
        "store": {
            "id": "5c6624262faaf35db50bbe03",
            "name": "Green Island"
        },
        "timestamp": "2021-08-16T18:05:46.773899"
    },
    {
        "productData": {
            "name": "V Raspberry Lemonade Energy Drink 500ml",
            "productId": "v-energy-drink-raspberry-lemonade-500ml-can",
            "productShopPage": "https://greenisland.store.freshchoice.co.nz/lines/v-energy-drink-raspberry-lemonade-500ml-can",
            "productImageURL": "https://dtgxwmigmg3gc.cloudfront.net/imagery/assets/derivations/icon/512/512/true/eyJpZCI6ImE3N2Y5NzBmY2FhOWZhYmZiOTc3MmYyMzE4MGRiOTcxIiwic3RvcmFnZSI6InB1YmxpY19zdG9yZSJ9?signature=2bb7890fe6d7b0c0c6a522be31c78077be0aa570ca4c8aa5549ccf80761262dc",
            "productDescription": ""
        },
        "priceData": {
            "bestPrice": "3.50",
            "price": "3.50",
            "pricePerLitre": 7.0,
            "bestPricePerLitre": 7.0
        },
        "store": {
            "id": "5c6624262faaf35db50bbe03",
            "name": "Green Island"
        },
        "timestamp": "2021-08-16T18:05:47.886711"
    },
    {
        "productData": {
            "name": "V Blue Energy Drink 275ml Cans 4 Pack",
            "productId": "v-blue-energy-drink-275ml-cans-4-pack",
            "productShopPage": "https://greenisland.store.freshchoice.co.nz/lines/v-blue-energy-drink-275ml-cans-4-pack",
            "productImageURL": "https://dtgxwmigmg3gc.cloudfront.net/imagery/assets/derivations/icon/512/512/true/eyJpZCI6IjcxMTc0MzEzN2QzNTUzODQwMmUyODZjMDJkNTM3OTk3Iiwic3RvcmFnZSI6InB1YmxpY19zdG9yZSJ9?signature=5697ef2f72e1e995472b76c19c7c6201b3deb266e060743ac9ae1219dbf2226c",
            "productDescription": ""
        },
        "priceData": {
            "bestPrice": "7.10",
            "price": "7.10",
            "pricePerLitre": 8.5,
            "bestPricePerLitre": 8.5
        },
        "store": {
            "id": "5c6624262faaf35db50bbe03",
            "name": "Green Island"
        },
        "timestamp": "2021-08-16T18:05:50.167024"
    },
    {
        "productData": {
            "name": "V Blue Energy Drink Blue Guarana Can 250ml",
            "productId": "v-blue-energy-drink-blue-guarana-can-250ml",
            "productShopPage": "https://greenisland.store.freshchoice.co.nz/lines/v-blue-energy-drink-blue-guarana-can-250ml",
            "productImageURL": "https://dtgxwmigmg3gc.cloudfront.net/imagery/assets/derivations/icon/512/512/true/eyJpZCI6IjBmZjQwNDEyZWQ2ZDk4YTg3YWQ2ZDUyMWZlNjM1YzJkIiwic3RvcmFnZSI6InB1YmxpY19zdG9yZSJ9?signature=8f745abe5614ec47b3d7a07f1a34ba529184a87b2a696211ba5a0f9f29c86bf0",
            "productDescription": ""
        },
        "priceData": {
            "bestPrice": "2.20",
            "price": "2.20",
            "pricePerLitre": 8.8,
            "bestPricePerLitre": 8.8
        },
        "store": {
            "id": "5c6624262faaf35db50bbe03",
            "name": "Green Island"
        },
        "timestamp": "2021-08-16T18:05:51.213831"
    },
    {
        "productData": {
            "name": "V Blue Energy Drink Blue Guarana Can 500ml",
            "productId": "v-blue-energy-drink-blue-guarana-can-500ml",
            "productShopPage": "https://greenisland.store.freshchoice.co.nz/lines/v-blue-energy-drink-blue-guarana-can-500ml",
            "productImageURL": "https://dtgxwmigmg3gc.cloudfront.net/imagery/assets/derivations/icon/512/512/true/eyJpZCI6ImFmYjEyYjVjYTU2YWI5ZDJhMTVmNGY2MDg2NWFlNzgxIiwic3RvcmFnZSI6InB1YmxpY19zdG9yZSJ9?signature=b537a8cc5a2c0f90f1702b2c541db44c3a740a0ec4a96e92ab2d6537f9320e8d",
            "productDescription": ""
        },
        "priceData": {
            "bestPrice": "3.50",
            "price": "3.50",
            "pricePerLitre": 7.0,
            "bestPricePerLitre": 7.0
        },
        "store": {
            "id": "5c6624262faaf35db50bbe03",
            "name": "Green Island"
        },
        "timestamp": "2021-08-16T18:05:52.260335"
    },
    {
        "productData": {
            "name": "V Raspberry Lemonade Energy Drink 4x275ml",
            "productId": "v-energy-drink-raspberry-lemonade-4-x-275ml-cans",
            "productShopPage": "https://greenisland.store.freshchoice.co.nz/lines/v-energy-drink-raspberry-lemonade-4-x-275ml-cans",
            "productImageURL": "https://dtgxwmigmg3gc.cloudfront.net/imagery/assets/derivations/icon/512/512/true/eyJpZCI6IjQ2MzE5NTc1YTNlNDc2YWFlOWFmYzkzYjg5YTIzZmU3Iiwic3RvcmFnZSI6InB1YmxpY19zdG9yZSJ9?signature=9589191fe8e8372f03cc1eafaa844916cfe9f79df0af381c3fcba9ff575f2803",
            "productDescription": ""
        },
        "priceData": {
            "bestPrice": "7.10",
            "price": "7.10",
            "pricePerLitre": 8.5,
            "bestPricePerLitre": 8.5
        },
        "store": {
            "id": "5c6624262faaf35db50bbe03",
            "name": "Green Island"
        },
        "timestamp": "2021-08-16T18:05:58.555823"
    },
    {
        "productData": {
            "name": "Monster Super Fuel Zero Sugar 550ml",
            "productId": "monster-super-fuel-zero-sugar-550ml",
            "productShopPage": "https://greenisland.store.freshchoice.co.nz/lines/monster-super-fuel-zero-sugar-550ml",
            "productImageURL": "https://dtgxwmigmg3gc.cloudfront.net/imagery/assets/derivations/icon/512/512/true/eyJpZCI6IjRkOTE3NzhmODIxNDI1ZDJjNDg3Yjc0M2YyMzEyYmYxIiwic3RvcmFnZSI6InB1YmxpY19zdG9yZSJ9?signature=4b9dbd15c40f85466e597873c567f989183b284947e8c8dc4df58667789214a2",
            "productDescription": ""
        },
        "priceData": {
            "bestPrice": "3.50",
            "price": "3.50",
            "pricePerLitre": 7.3,
            "bestPricePerLitre": 7.3
        },
        "store": {
            "id": "5c6624262faaf35db50bbe03",
            "name": "Green Island"
        },
        "timestamp": "2021-08-16T18:06:05.766500"
    },
    {
        "productData": {
            "name": "Monster Mule Ginger Brew 500ml",
            "productId": "monster-mule-ginger-brew-500ml",
            "productShopPage": "https://greenisland.store.freshchoice.co.nz/lines/monster-mule-ginger-brew-500ml",
            "productImageURL": "https://dtgxwmigmg3gc.cloudfront.net/imagery/assets/derivations/icon/512/512/true/eyJpZCI6ImM1OTM5MTIyZTRlNmNhNzk0ODFlMDE4ZWVmMWE2Y2ZlIiwic3RvcmFnZSI6InB1YmxpY19zdG9yZSJ9?signature=5d11287f30ef58c148e37382d61c0d83097d5461683a9aa5dd9456941c1f32e5",
            "productDescription": ""
        },
        "priceData": {
            "bestPrice": "2.50",
            "price": "2.50",
            "pricePerLitre": 6.0,
            "bestPricePerLitre": 6.0
        },
        "store": {
            "id": "5c6624262faaf35db50bbe03",
            "name": "Green Island"
        },
        "timestamp": "2021-08-16T18:06:06.983761"
    },
    {
        "productData": {
            "name": "Monster Super Fuel Purple Passion 550ml",
            "productId": "monster-super-fuel-purple-passion-550ml",
            "productShopPage": "https://greenisland.store.freshchoice.co.nz/lines/monster-super-fuel-purple-passion-550ml",
            "productImageURL": "https://dtgxwmigmg3gc.cloudfront.net/imagery/assets/derivations/icon/512/512/true/eyJpZCI6IjNkMTY1OTQwMzgyOTZjZjVlMjNlNjBjMDQ3NTE1YWM0Iiwic3RvcmFnZSI6InB1YmxpY19zdG9yZSJ9?signature=4d4ccd77dab941d955a8037242a41833afdc7251d3bd5b5c4b99705770273998",
            "productDescription": ""
        },
        "priceData": {
            "bestPrice": "3.50",
            "price": "3.50",
            "pricePerLitre": 7.3,
            "bestPricePerLitre": 7.3
        },
        "store": {
            "id": "5c6624262faaf35db50bbe03",
            "name": "Green Island"
        },
        "timestamp": "2021-08-16T18:06:10.299481"
    },
    {
        "productData": {
            "name": "Monster Energy Pipeline Punch 500ml",
            "productId": "monster-energy-pipeline-punch-500ml",
            "productShopPage": "https://greenisland.store.freshchoice.co.nz/lines/monster-energy-pipeline-punch-500ml",
            "productImageURL": "https://dtgxwmigmg3gc.cloudfront.net/imagery/assets/derivations/icon/512/512/true/eyJpZCI6IjM3ZWY2OTY5OWFlNTJlZTRjNTY1ZmFmYWIwOTIxMjg4Iiwic3RvcmFnZSI6InB1YmxpY19zdG9yZSJ9?signature=79ed6699c35bd716a9d5d9457c39ce62c523edaa4059b6b45d4dcc7caf65cef9",
            "productDescription": ""
        },
        "priceData": {
            "bestPrice": "2.50",
            "price": "2.50",
            "pricePerLitre": 6.0,
            "bestPricePerLitre": 6.0
        },
        "store": {
            "id": "5c6624262faaf35db50bbe03",
            "name": "Green Island"
        },
        "timestamp": "2021-08-16T18:06:11.513340"
    },
    {
        "productData": {
            "name": "Live Plus Energy Drink Citrus Flavour 500ml",
            "productId": "live-plus-persist-500ml",
            "productShopPage": "https://greenisland.store.freshchoice.co.nz/lines/live-plus-persist-500ml",
            "productImageURL": "https://dtgxwmigmg3gc.cloudfront.net/imagery/assets/derivations/icon/512/512/true/eyJpZCI6IjFlNWQ5YzI4OWM1N2UzNmYzZmI2NThlMDQzZTI3ZjE4Iiwic3RvcmFnZSI6InB1YmxpY19zdG9yZSJ9?signature=756b17fefe47174b90e7dbec8cd09db27f9f59f4994bc750b71256ae93ba9fa8",
            "productDescription": ""
        },
        "priceData": {
            "bestPrice": "2.00",
            "price": "2.00",
            "pricePerLitre": 6.0,
            "bestPricePerLitre": 6.0
        },
        "store": {
            "id": "5c6624262faaf35db50bbe03",
            "name": "Green Island"
        },
        "timestamp": "2021-08-16T18:06:12.750895"
    },
    {
        "productData": {
            "name": "Live Plus Energy Drink Tart Apple Apple Flavour 500ml",
            "productId": "live-plus-ignite-500ml",
            "productShopPage": "https://greenisland.store.freshchoice.co.nz/lines/live-plus-ignite-500ml",
            "productImageURL": "https://dtgxwmigmg3gc.cloudfront.net/imagery/assets/derivations/icon/512/512/true/eyJpZCI6IjViOGViZjhmZTQzYjFlYTMzNDM5YjJjMjg3ZDRmY2YyIiwic3RvcmFnZSI6InB1YmxpY19zdG9yZSJ9?signature=140ae19352cd0dcec7e77f90fa4dfaa9fa17086439f730510afc5d906e1415bf",
            "productDescription": ""
        },
        "priceData": {
            "bestPrice": "2.00",
            "price": "2.00",
            "pricePerLitre": 6.0,
            "bestPricePerLitre": 6.0
        },
        "store": {
            "id": "5c6624262faaf35db50bbe03",
            "name": "Green Island"
        },
        "timestamp": "2021-08-16T18:06:14.186387"
    },
    {
        "productData": {
            "name": "V Guarana Energy Drink Blue Sugarfree 250ml",
            "productId": "v-blue-sugarfree-energy-drink-250ml",
            "productShopPage": "https://greenisland.store.freshchoice.co.nz/lines/v-blue-sugarfree-energy-drink-250ml",
            "productImageURL": "https://dtgxwmigmg3gc.cloudfront.net/imagery/assets/derivations/icon/512/512/true/eyJpZCI6IjI3YWJiOTVhYjNhMjEwMDU2MWJhMmRhNTM3YjRhZjVmIiwic3RvcmFnZSI6InB1YmxpY19zdG9yZSJ9?signature=66769306ca1d0ba674603954d338186dc999f6d1839090d49fde9416b3252365",
            "productDescription": ""
        },
        "priceData": {
            "bestPrice": "2.20",
            "price": "2.20",
            "pricePerLitre": 8.8,
            "bestPricePerLitre": 8.8
        },
        "store": {
            "id": "5c6624262faaf35db50bbe03",
            "name": "Green Island"
        },
        "timestamp": "2021-08-16T18:06:15.206890"
    },
    {
        "productData": {
            "name": "Live Plus Energy Drink Original Citrus Flavour 355ml",
            "productId": "live-plus-persist-glass-355ml",
            "productShopPage": "https://greenisland.store.freshchoice.co.nz/lines/live-plus-persist-glass-355ml",
            "productImageURL": "https://dtgxwmigmg3gc.cloudfront.net/imagery/assets/derivations/icon/512/512/true/eyJpZCI6ImYzMjZlMTdmMmI5ZGRjZGYzYmFmNzNiMWQzN2Y5NDI4Iiwic3RvcmFnZSI6InB1YmxpY19zdG9yZSJ9?signature=8fa31eb2b309e9c7a293ba2e7a7541e3cdc686b1d3f519044aa97c666ae5f630",
            "productDescription": ""
        },
        "priceData": {
            "bestPrice": "2.00",
            "price": "2.00",
            "pricePerLitre": 7.9,
            "bestPricePerLitre": 7.9
        },
        "store": {
            "id": "5c6624262faaf35db50bbe03",
            "name": "Green Island"
        },
        "timestamp": "2021-08-16T18:06:17.613298"
    },
    {
        "productData": {
            "name": "Live Plus Energy Drink Original Citrus Flavour 6x250ml",
            "productId": "live-plus-persist-250ml-6pack",
            "productShopPage": "https://greenisland.store.freshchoice.co.nz/lines/live-plus-persist-250ml-6pack",
            "productImageURL": "https://dtgxwmigmg3gc.cloudfront.net/imagery/assets/derivations/icon/512/512/true/eyJpZCI6IjNmODNiNGI4MzI4MzJmNzhjZmJhNDA1OGUyZWFlM2ZhIiwic3RvcmFnZSI6InB1YmxpY19zdG9yZSJ9?signature=0257f943d0c41562773e51cbd42327ad911228832e33494e9c30381e20305337",
            "productDescription": ""
        },
        "priceData": {
            "bestPrice": "7.70",
            "price": "7.70",
            "pricePerLitre": 5.1,
            "bestPricePerLitre": 5.1
        },
        "store": {
            "id": "5c6624262faaf35db50bbe03",
            "name": "Green Island"
        },
        "timestamp": "2021-08-16T18:06:18.878333"
    },
    {
        "productData": {
            "name": "Mother Energy Drink Black 500ml",
            "productId": "mother-energy-drink-black-500ml",
            "productShopPage": "https://leeston.store.freshchoice.co.nz/lines/mother-energy-drink-black-500ml",
            "productImageURL": "https://dtgxwmigmg3gc.cloudfront.net/imagery/assets/derivations/icon/512/512/true/eyJpZCI6ImYyMzA5MjhkYjg3ODFhYmYzZDU3ZjE1YjNmYzU2MWFjIiwic3RvcmFnZSI6InB1YmxpY19zdG9yZSJ9?signature=d3dbddb83d3d457075cd5d8936bef0c5b48fce4fa3fe725995d8b6d57219ceb5",
            "productDescription": ""
        },
        "priceData": {
            "bestPrice": "2.00",
            "price": "2.00",
            "pricePerLitre": 6.0,
            "bestPricePerLitre": 6.0
        },
        "store": {
            "id": "5e76c04dd747760cb2001303",
            "name": "Leeston"
        },
        "timestamp": "2021-08-16T18:06:39.183508"
    },
    {
        "productData": {
            "name": "V Guarana Energy Drink Fridge Pack 10x200ml",
            "productId": "v-guarana-energy-drink-fridge-pack-10x200ml",
            "productShopPage": "https://leeston.store.freshchoice.co.nz/lines/v-guarana-energy-drink-fridge-pack-10x200ml",
            "productImageURL": "https://dtgxwmigmg3gc.cloudfront.net/imagery/assets/derivations/icon/512/512/true/eyJpZCI6IjBlMjAzZTJiY2QyZDVhYzQ2NGY2NzhmMDFkMmM3YjBhIiwic3RvcmFnZSI6InB1YmxpY19zdG9yZSJ9?signature=a3283c38928a5e2c367f0886f5948460cf671d41affa4dd3a2634f1621779d47",
            "productDescription": ""
        },
        "priceData": {
            "bestPrice": "14.00",
            "price": "14.00",
            "pricePerLitre": 7.800000000000001,
            "bestPricePerLitre": 7.800000000000001
        },
        "store": {
            "id": "5e76c04dd747760cb2001303",
            "name": "Leeston"
        },
        "timestamp": "2021-08-16T18:07:02.275256"
    },
    {
        "productData": {
            "name": "V Energy Drink Sugar Free Guarana 275ml 4 Pack",
            "productId": "v-energy-drink-sugar-free-guarana-275ml-4-pack",
            "productShopPage": "https://leeston.store.freshchoice.co.nz/lines/v-energy-drink-sugar-free-guarana-275ml-4-pack",
            "productImageURL": "https://dtgxwmigmg3gc.cloudfront.net/imagery/assets/derivations/icon/512/512/true/eyJpZCI6IjdiYzk4MzAyN2RlNTU0MjQ4NDZkZTEzOTYzMDhmZWY0Iiwic3RvcmFnZSI6InB1YmxpY19zdG9yZSJ9?signature=6fe2c0378a010de1a1a8a9b1ea9c06d97cf3e6fef4a86c66b9cdd5f4bab7bcd6",
            "productDescription": ""
        },
        "priceData": {
            "bestPrice": "7.10",
            "price": "7.10",
            "pricePerLitre": 8.5,
            "bestPricePerLitre": 8.5
        },
        "store": {
            "id": "5e76c04dd747760cb2001303",
            "name": "Leeston"
        },
        "timestamp": "2021-08-16T18:07:13.791408"
    },
    {
        "productData": {
            "name": "Live Plus Energy Drink Citrus Flavour 500ml",
            "productId": "live-plus-persist-500ml",
            "productShopPage": "https://leeston.store.freshchoice.co.nz/lines/live-plus-persist-500ml",
            "productImageURL": "https://dtgxwmigmg3gc.cloudfront.net/imagery/assets/derivations/icon/512/512/true/eyJpZCI6IjFlNWQ5YzI4OWM1N2UzNmYzZmI2NThlMDQzZTI3ZjE4Iiwic3RvcmFnZSI6InB1YmxpY19zdG9yZSJ9?signature=756b17fefe47174b90e7dbec8cd09db27f9f59f4994bc750b71256ae93ba9fa8",
            "productDescription": ""
        },
        "priceData": {
            "bestPrice": "2.00",
            "price": "2.00",
            "pricePerLitre": 6.0,
            "bestPricePerLitre": 6.0
        },
        "store": {
            "id": "5e76c04dd747760cb2001303",
            "name": "Leeston"
        },
        "timestamp": "2021-08-16T18:07:32.541207"
    },
    {
        "productData": {
            "name": "Monster Energy Import 550ml",
            "productId": "monster-energy-import-550ml",
            "productShopPage": "https://merivale.store.freshchoice.co.nz/lines/monster-energy-import-550ml",
            "productImageURL": "https://dtgxwmigmg3gc.cloudfront.net/imagery/assets/derivations/icon/512/512/true/eyJpZCI6IjExYzliZTgxY2M3MTNjMDQzM2NmZGQ2ZWE1NjI3MTA0Iiwic3RvcmFnZSI6InB1YmxpY19zdG9yZSJ9?signature=e09322a0a00112a858095e689d2e825f79d154fd3e8577005948dde9d51afb47",
            "productDescription": ""
        },
        "priceData": {
            "bestPrice": "4.00",
            "price": "4.00",
            "pricePerLitre": 8.0,
            "bestPricePerLitre": 8.0
        },
        "store": {
            "id": "5e324545ec28664e1400e152",
            "name": "Merivale"
        },
        "timestamp": "2021-08-16T18:07:47.291702"
    },
    {
        "productData": {
            "name": "Monster Energy Ultra Paradise 500ml",
            "productId": "monster-energy-drink-ultra-paradise-500ml",
            "productShopPage": "https://merivale.store.freshchoice.co.nz/lines/monster-energy-drink-ultra-paradise-500ml",
            "productImageURL": "https://dtgxwmigmg3gc.cloudfront.net/imagery/assets/derivations/icon/512/512/true/eyJpZCI6ImZiZDRkZTQxNzA0M2FiYTUyMjMwZWI0NTcyZGNmYTE1Iiwic3RvcmFnZSI6InB1YmxpY19zdG9yZSJ9?signature=8a439bf26b71114289dfea1720ed331b1e4784c534deade29db8ac38b1cc7c1a",
            "productDescription": ""
        },
        "priceData": {
            "bestPrice": "2.50",
            "price": "2.50",
            "pricePerLitre": 6.0,
            "bestPricePerLitre": 6.0
        },
        "store": {
            "id": "5e324545ec28664e1400e152",
            "name": "Merivale"
        },
        "timestamp": "2021-08-16T18:07:48.581281"
    },
    {
        "productData": {
            "name": "Monster Energy Drink Ultra Rosa 500ml",
            "productId": "monster-energy-drink-ultra-rosa-500ml",
            "productShopPage": "https://merivale.store.freshchoice.co.nz/lines/monster-energy-drink-ultra-rosa-500ml",
            "productImageURL": "https://dtgxwmigmg3gc.cloudfront.net/imagery/assets/derivations/icon/512/512/true/eyJpZCI6IjZjYzFjMzcwYzM4Mzk4N2MyOTUzNWIyMTFjZTJlYjgxIiwic3RvcmFnZSI6InB1YmxpY19zdG9yZSJ9?signature=9cd08284785f9b24647ecc7d1dc08214d9d00318cc809bebdef1921d6b78bb95",
            "productDescription": ""
        },
        "priceData": {
            "bestPrice": "2.50",
            "price": "2.50",
            "pricePerLitre": 6.0,
            "bestPricePerLitre": 6.0
        },
        "store": {
            "id": "5e324545ec28664e1400e152",
            "name": "Merivale"
        },
        "timestamp": "2021-08-16T18:07:52.802821"
    },
    {
        "productData": {
            "name": "Monster Energy Pipeline Punch 500ml",
            "productId": "monster-energy-p-line-pnch-500ml",
            "productShopPage": "https://merivale.store.freshchoice.co.nz/lines/monster-energy-p-line-pnch-500ml",
            "productImageURL": "https://dtgxwmigmg3gc.cloudfront.net/imagery/assets/derivations/icon/512/512/true/eyJpZCI6IjM3ZWY2OTY5OWFlNTJlZTRjNTY1ZmFmYWIwOTIxMjg4Iiwic3RvcmFnZSI6InB1YmxpY19zdG9yZSJ9?signature=79ed6699c35bd716a9d5d9457c39ce62c523edaa4059b6b45d4dcc7caf65cef9",
            "productDescription": ""
        },
        "priceData": {
            "bestPrice": "2.50",
            "price": "2.50",
            "pricePerLitre": 6.0,
            "bestPricePerLitre": 6.0
        },
        "store": {
            "id": "5e324545ec28664e1400e152",
            "name": "Merivale"
        },
        "timestamp": "2021-08-16T18:07:53.884465"
    },
    {
        "productData": {
            "name": "Mother Energy Drink Cans 6x250ml",
            "productId": "mother-energy-drink-6x250ml-cans",
            "productShopPage": "https://merivale.store.freshchoice.co.nz/lines/mother-energy-drink-6x250ml-cans",
            "productImageURL": "https://dtgxwmigmg3gc.cloudfront.net/imagery/assets/derivations/icon/512/512/true/eyJpZCI6IjEyOGFhMmU0Y2VkYTU4ZWFkZmVhOWUwZjdlNTZhOTA4Iiwic3RvcmFnZSI6InB1YmxpY19zdG9yZSJ9?signature=5db1908f64527cf28fa7bf3266a83ab854a07ca50453511f7d414d8e6d5c10fb",
            "productDescription": ""
        },
        "priceData": {
            "bestPrice": "7.70",
            "price": "7.70",
            "pricePerLitre": 5.1,
            "bestPricePerLitre": 5.1
        },
        "store": {
            "id": "5e324545ec28664e1400e152",
            "name": "Merivale"
        },
        "timestamp": "2021-08-16T18:07:57.831781"
    },
    {
        "productData": {
            "name": "Mother Energy Drink Passion 500ml",
            "productId": "mother-energy-drink-passion-500ml",
            "productShopPage": "https://merivale.store.freshchoice.co.nz/lines/mother-energy-drink-passion-500ml",
            "productImageURL": "https://dtgxwmigmg3gc.cloudfront.net/imagery/assets/derivations/icon/512/512/true/eyJpZCI6ImQwODE2YTc4ZjBmNGU4NTU5Mzg1YjkxZmI5YjIzZjM0Iiwic3RvcmFnZSI6InB1YmxpY19zdG9yZSJ9?signature=713c495fef96a6427b917f0c7c7e855a963749ac5c1bf7dfd71e24ae08ea3123",
            "productDescription": ""
        },
        "priceData": {
            "bestPrice": "2.00",
            "price": "2.00",
            "pricePerLitre": 4.0,
            "bestPricePerLitre": 4.0
        },
        "store": {
            "id": "5e324545ec28664e1400e152",
            "name": "Merivale"
        },
        "timestamp": "2021-08-16T18:07:59.225418"
    },
    {
        "productData": {
            "name": "Mother Tropical Blast 500ml",
            "productId": "mother-tropical-blast-500ml",
            "productShopPage": "https://merivale.store.freshchoice.co.nz/lines/mother-tropical-blast-500ml",
            "productImageURL": "https://dtgxwmigmg3gc.cloudfront.net/imagery/assets/derivations/icon/512/512/true/eyJpZCI6ImEyZmM1OTUwNDhlODM5YTRhMjQ2MTI1OGEyYzNlZWZhIiwic3RvcmFnZSI6InB1YmxpY19zdG9yZSJ9?signature=6c9470ee4067e8ec32b58eeac9d628404d3986058a9b1cdef46014d1bee50944",
            "productDescription": ""
        },
        "priceData": {
            "bestPrice": "2.00",
            "price": "2.00",
            "pricePerLitre": 4.0,
            "bestPricePerLitre": 4.0
        },
        "store": {
            "id": "5e324545ec28664e1400e152",
            "name": "Merivale"
        },
        "timestamp": "2021-08-16T18:08:00.275424"
    },
    {
        "productData": {
            "name": "Mother Epic Swell Energy Drink Twisted Apple 500ml",
            "productId": "mother-epic-swell-energy-drink-twisted-apple-500ml",
            "productShopPage": "https://merivale.store.freshchoice.co.nz/lines/mother-epic-swell-energy-drink-twisted-apple-500ml",
            "productImageURL": "https://dtgxwmigmg3gc.cloudfront.net/imagery/assets/derivations/icon/512/512/true/eyJpZCI6ImE2ZjYxOGNhNjUyYzMxNzRhNjg2MDBhMGVjZmQ3MmJkIiwic3RvcmFnZSI6InB1YmxpY19zdG9yZSJ9?signature=954f74f8aba0fb24cb2a5248b1e93fe8a62fb8c7f902abbb08b7aed24bc44c80",
            "productDescription": ""
        },
        "priceData": {
            "bestPrice": "2.00",
            "price": "2.00",
            "pricePerLitre": 4.0,
            "bestPricePerLitre": 4.0
        },
        "store": {
            "id": "5e324545ec28664e1400e152",
            "name": "Merivale"
        },
        "timestamp": "2021-08-16T18:08:02.462513"
    },
    {
        "productData": {
            "name": "V Energy Drink Guarana 500ml",
            "productId": "v-energy-drink-guarana-500ml",
            "productShopPage": "https://merivale.store.freshchoice.co.nz/lines/v-energy-drink-guarana-500ml",
            "productImageURL": "https://dtgxwmigmg3gc.cloudfront.net/imagery/assets/derivations/icon/512/512/true/eyJpZCI6IjgzZDAxMjhiMzg4NmEwZmE4YTE2ZjY2NWIzNmM2NzI2Iiwic3RvcmFnZSI6InB1YmxpY19zdG9yZSJ9?signature=f55ecc561066291a4e74a967db35ea2355f881bd1708bf400fd790032384ae4f",
            "productDescription": ""
        },
        "priceData": {
            "bestPrice": "2.50",
            "price": "2.50",
            "pricePerLitre": 7.6,
            "bestPricePerLitre": 7.6
        },
        "store": {
            "id": "5e324545ec28664e1400e152",
            "name": "Merivale"
        },
        "timestamp": "2021-08-16T18:08:05.538036"
    },
    {
        "productData": {
            "name": "V Energy Drink Sugarfree 500ml",
            "productId": "v-energy-drink-sugarfree-500ml",
            "productShopPage": "https://merivale.store.freshchoice.co.nz/lines/v-energy-drink-sugarfree-500ml",
            "productImageURL": "https://dtgxwmigmg3gc.cloudfront.net/imagery/assets/derivations/icon/512/512/true/eyJpZCI6ImVkZTAxNTNmMDI1NmU1NDZjNWQ5MTc3MjE3ZTQ3YTQ0Iiwic3RvcmFnZSI6InB1YmxpY19zdG9yZSJ9?signature=abcf72d9faa9ee3044eaa3b7ee0bf9b4fd8f582379018d8727f2234b7d3f3c85",
            "productDescription": ""
        },
        "priceData": {
            "bestPrice": "2.50",
            "price": "2.50",
            "pricePerLitre": 7.6,
            "bestPricePerLitre": 7.6
        },
        "store": {
            "id": "5e324545ec28664e1400e152",
            "name": "Merivale"
        },
        "timestamp": "2021-08-16T18:08:06.622579"
    },
    {
        "productData": {
            "name": "V Blue Energy Drink Bottle 500ml",
            "productId": "v-blue-energy-drink-bottle-500ml",
            "productShopPage": "https://merivale.store.freshchoice.co.nz/lines/v-blue-energy-drink-bottle-500ml",
            "productImageURL": "https://dtgxwmigmg3gc.cloudfront.net/imagery/assets/derivations/icon/512/512/true/eyJpZCI6IjgyYWYxYWY4MGI4MzUxODhiYmVhZGVhM2U2NzY0MzI5Iiwic3RvcmFnZSI6InB1YmxpY19zdG9yZSJ9?signature=7e70fc576864a528a1431734d680cbf177a11b419a692dbfd34800c31b8944ec",
            "productDescription": ""
        },
        "priceData": {
            "bestPrice": "2.50",
            "price": "2.50",
            "pricePerLitre": 7.6,
            "bestPricePerLitre": 7.6
        },
        "store": {
            "id": "5e324545ec28664e1400e152",
            "name": "Merivale"
        },
        "timestamp": "2021-08-16T18:08:20.249952"
    },
    {
        "productData": {
            "name": "V Blue Sugarfree Energy Drink 500ml",
            "productId": "v-blue-sugarfree-energy-drink-500ml",
            "productShopPage": "https://merivale.store.freshchoice.co.nz/lines/v-blue-sugarfree-energy-drink-500ml",
            "productImageURL": "https://dtgxwmigmg3gc.cloudfront.net/imagery/assets/derivations/icon/512/512/true/eyJpZCI6ImVmYjQyOWRmM2JjZjc3NTY1ZDIwMTEyNTY0MDdmZjA1Iiwic3RvcmFnZSI6InB1YmxpY19zdG9yZSJ9?signature=2911d59474d8305039a3be3bef0f887c38d9ab84596314b13cc4b150101175ab",
            "productDescription": ""
        },
        "priceData": {
            "bestPrice": "3.50",
            "price": "3.50",
            "pricePerLitre": 7.0,
            "bestPricePerLitre": 7.0
        },
        "store": {
            "id": "5e324545ec28664e1400e152",
            "name": "Merivale"
        },
        "timestamp": "2021-08-16T18:08:21.280884"
    },
    {
        "productData": {
            "name": "V Energy Drink Sugar Free Guarana 275ml 4 Pack",
            "productId": "v-energy-drink-sugar-free-guarana-275ml-4-pack",
            "productShopPage": "https://merivale.store.freshchoice.co.nz/lines/v-energy-drink-sugar-free-guarana-275ml-4-pack",
            "productImageURL": "https://dtgxwmigmg3gc.cloudfront.net/imagery/assets/derivations/icon/512/512/true/eyJpZCI6IjdiYzk4MzAyN2RlNTU0MjQ4NDZkZTEzOTYzMDhmZWY0Iiwic3RvcmFnZSI6InB1YmxpY19zdG9yZSJ9?signature=6fe2c0378a010de1a1a8a9b1ea9c06d97cf3e6fef4a86c66b9cdd5f4bab7bcd6",
            "productDescription": ""
        },
        "priceData": {
            "bestPrice": "7.10",
            "price": "7.10",
            "pricePerLitre": 8.5,
            "bestPricePerLitre": 8.5
        },
        "store": {
            "id": "5e324545ec28664e1400e152",
            "name": "Merivale"
        },
        "timestamp": "2021-08-16T18:08:29.861623"
    },
    {
        "productData": {
            "name": "V Raspberry Lemonade Energy Drink 4x275ml",
            "productId": "v-energy-drink-raspberry-lemonade-4-x-275ml-cans",
            "productShopPage": "https://merivale.store.freshchoice.co.nz/lines/v-energy-drink-raspberry-lemonade-4-x-275ml-cans",
            "productImageURL": "https://dtgxwmigmg3gc.cloudfront.net/imagery/assets/derivations/icon/512/512/true/eyJpZCI6IjQ2MzE5NTc1YTNlNDc2YWFlOWFmYzkzYjg5YTIzZmU3Iiwic3RvcmFnZSI6InB1YmxpY19zdG9yZSJ9?signature=9589191fe8e8372f03cc1eafaa844916cfe9f79df0af381c3fcba9ff575f2803",
            "productDescription": ""
        },
        "priceData": {
            "bestPrice": "7.10",
            "price": "7.10",
            "pricePerLitre": 8.5,
            "bestPricePerLitre": 8.5
        },
        "store": {
            "id": "5e324545ec28664e1400e152",
            "name": "Merivale"
        },
        "timestamp": "2021-08-16T18:08:32.988257"
    },
    {
        "productData": {
            "name": "Monster Mule Ginger Brew 500ml",
            "productId": "monster-mule-ginger-brew-500ml",
            "productShopPage": "https://merivale.store.freshchoice.co.nz/lines/monster-mule-ginger-brew-500ml",
            "productImageURL": "https://dtgxwmigmg3gc.cloudfront.net/imagery/assets/derivations/icon/512/512/true/eyJpZCI6ImM1OTM5MTIyZTRlNmNhNzk0ODFlMDE4ZWVmMWE2Y2ZlIiwic3RvcmFnZSI6InB1YmxpY19zdG9yZSJ9?signature=5d11287f30ef58c148e37382d61c0d83097d5461683a9aa5dd9456941c1f32e5",
            "productDescription": ""
        },
        "priceData": {
            "bestPrice": "2.50",
            "price": "2.50",
            "pricePerLitre": 6.0,
            "bestPricePerLitre": 6.0
        },
        "store": {
            "id": "5e324545ec28664e1400e152",
            "name": "Merivale"
        },
        "timestamp": "2021-08-16T18:08:41.148250"
    },
    {
        "productData": {
            "name": "V Guarana Energy Drink Blue Sugarfree 250ml",
            "productId": "v-blue-sugarfree-energy-drink-250ml",
            "productShopPage": "https://merivale.store.freshchoice.co.nz/lines/v-blue-sugarfree-energy-drink-250ml",
            "productImageURL": "https://dtgxwmigmg3gc.cloudfront.net/imagery/assets/derivations/icon/512/512/true/eyJpZCI6IjI3YWJiOTVhYjNhMjEwMDU2MWJhMmRhNTM3YjRhZjVmIiwic3RvcmFnZSI6InB1YmxpY19zdG9yZSJ9?signature=66769306ca1d0ba674603954d338186dc999f6d1839090d49fde9416b3252365",
            "productDescription": ""
        },
        "priceData": {
            "bestPrice": "2.20",
            "price": "2.20",
            "pricePerLitre": 8.8,
            "bestPricePerLitre": 8.8
        },
        "store": {
            "id": "5e324545ec28664e1400e152",
            "name": "Merivale"
        },
        "timestamp": "2021-08-16T18:08:49.565736"
    },
    {
        "productData": {
            "name": "Live Plus Energy Drink Original Citrus Flavour 6x250ml",
            "productId": "live-plus-persist-250ml-6pack",
            "productShopPage": "https://merivale.store.freshchoice.co.nz/lines/live-plus-persist-250ml-6pack",
            "productImageURL": "https://dtgxwmigmg3gc.cloudfront.net/imagery/assets/derivations/icon/512/512/true/eyJpZCI6IjNmODNiNGI4MzI4MzJmNzhjZmJhNDA1OGUyZWFlM2ZhIiwic3RvcmFnZSI6InB1YmxpY19zdG9yZSJ9?signature=0257f943d0c41562773e51cbd42327ad911228832e33494e9c30381e20305337",
            "productDescription": ""
        },
        "priceData": {
            "bestPrice": "7.70",
            "price": "7.70",
            "pricePerLitre": 5.1,
            "bestPricePerLitre": 5.1
        },
        "store": {
            "id": "5e324545ec28664e1400e152",
            "name": "Merivale"
        },
        "timestamp": "2021-08-16T18:08:52.912239"
    },
    {
        "productData": {
            "name": "Live Plus Live+ Ignite Energy Drink 6 x 250ml Cans",
            "productId": "live-plus-live-ignite-energy-drink-6x250ml-cans",
            "productShopPage": "https://merivale.store.freshchoice.co.nz/lines/live-plus-live-ignite-energy-drink-6x250ml-cans",
            "productImageURL": "https://dtgxwmigmg3gc.cloudfront.net/imagery/assets/derivations/icon/512/512/true/eyJpZCI6Ijk5ZTU3ZDdlN2RjYzc0ZmZlOWY0NGQxMDdkYTI5ZDI5Iiwic3RvcmFnZSI6InB1YmxpY19zdG9yZSJ9?signature=16b8b1fb6c1dbc73b4d1f0110b7542a3259cd273e9b6adea8e6570f5158d8342",
            "productDescription": ""
        },
        "priceData": {
            "bestPrice": "6.00",
            "price": "6.00",
            "pricePerLitre": 4.0,
            "bestPricePerLitre": 4.0
        },
        "store": {
            "id": "5e324545ec28664e1400e152",
            "name": "Merivale"
        },
        "timestamp": "2021-08-16T18:08:55.128600"
    },
    {
        "productData": {
            "name": "Monster Energy Drink Ultra Rosa 500ml",
            "productId": "monster-energy-drink-ultra-rosa-500ml",
            "productShopPage": "https://nelsoncity.store.freshchoice.co.nz/lines/monster-energy-drink-ultra-rosa-500ml",
            "productImageURL": "https://dtgxwmigmg3gc.cloudfront.net/imagery/assets/derivations/icon/512/512/true/eyJpZCI6IjZjYzFjMzcwYzM4Mzk4N2MyOTUzNWIyMTFjZTJlYjgxIiwic3RvcmFnZSI6InB1YmxpY19zdG9yZSJ9?signature=9cd08284785f9b24647ecc7d1dc08214d9d00318cc809bebdef1921d6b78bb95",
            "productDescription": ""
        },
        "priceData": {
            "bestPrice": "2.50",
            "price": "2.50",
            "pricePerLitre": 6.0,
            "bestPricePerLitre": 6.0
        },
        "store": {
            "id": "5cf09fe9f068ca26b6037660",
            "name": "Nelson City"
        },
        "timestamp": "2021-08-16T18:09:09.361842"
    },
    {
        "productData": {
            "name": "Monster Energy Pipeline Punch 500ml",
            "productId": "monster-energy-p-line-pnch-500ml",
            "productShopPage": "https://nelsoncity.store.freshchoice.co.nz/lines/monster-energy-p-line-pnch-500ml",
            "productImageURL": "https://dtgxwmigmg3gc.cloudfront.net/imagery/assets/derivations/icon/512/512/true/eyJpZCI6IjM3ZWY2OTY5OWFlNTJlZTRjNTY1ZmFmYWIwOTIxMjg4Iiwic3RvcmFnZSI6InB1YmxpY19zdG9yZSJ9?signature=79ed6699c35bd716a9d5d9457c39ce62c523edaa4059b6b45d4dcc7caf65cef9",
            "productDescription": ""
        },
        "priceData": {
            "bestPrice": "2.50",
            "price": "2.50",
            "pricePerLitre": 6.0,
            "bestPricePerLitre": 6.0
        },
        "store": {
            "id": "5cf09fe9f068ca26b6037660",
            "name": "Nelson City"
        },
        "timestamp": "2021-08-16T18:09:10.516653"
    },
    {
        "productData": {
            "name": "Mother Tropical Blast 500ml",
            "productId": "mother-tropical-blast-500ml",
            "productShopPage": "https://nelsoncity.store.freshchoice.co.nz/lines/mother-tropical-blast-500ml",
            "productImageURL": "https://dtgxwmigmg3gc.cloudfront.net/imagery/assets/derivations/icon/512/512/true/eyJpZCI6ImEyZmM1OTUwNDhlODM5YTRhMjQ2MTI1OGEyYzNlZWZhIiwic3RvcmFnZSI6InB1YmxpY19zdG9yZSJ9?signature=6c9470ee4067e8ec32b58eeac9d628404d3986058a9b1cdef46014d1bee50944",
            "productDescription": ""
        },
        "priceData": {
            "bestPrice": "2.00",
            "price": "2.00",
            "pricePerLitre": 6.0,
            "bestPricePerLitre": 6.0
        },
        "store": {
            "id": "5cf09fe9f068ca26b6037660",
            "name": "Nelson City"
        },
        "timestamp": "2021-08-16T18:09:16.745781"
    },
    {
        "productData": {
            "name": "Mother Epic Swell Energy Drink Twisted Apple 500ml",
            "productId": "mother-epic-swell-energy-drink-twisted-apple-500ml",
            "productShopPage": "https://nelsoncity.store.freshchoice.co.nz/lines/mother-epic-swell-energy-drink-twisted-apple-500ml",
            "productImageURL": "https://dtgxwmigmg3gc.cloudfront.net/imagery/assets/derivations/icon/512/512/true/eyJpZCI6ImE2ZjYxOGNhNjUyYzMxNzRhNjg2MDBhMGVjZmQ3MmJkIiwic3RvcmFnZSI6InB1YmxpY19zdG9yZSJ9?signature=954f74f8aba0fb24cb2a5248b1e93fe8a62fb8c7f902abbb08b7aed24bc44c80",
            "productDescription": ""
        },
        "priceData": {
            "bestPrice": "2.00",
            "price": "2.00",
            "pricePerLitre": 6.0,
            "bestPricePerLitre": 6.0
        },
        "store": {
            "id": "5cf09fe9f068ca26b6037660",
            "name": "Nelson City"
        },
        "timestamp": "2021-08-16T18:09:18.989548"
    },
    {
        "productData": {
            "name": "V Blue Energy Drink Bottle 500ml",
            "productId": "v-blue-energy-drink-bottle-500ml",
            "productShopPage": "https://nelsoncity.store.freshchoice.co.nz/lines/v-blue-energy-drink-bottle-500ml",
            "productImageURL": "https://dtgxwmigmg3gc.cloudfront.net/imagery/assets/derivations/icon/512/512/true/eyJpZCI6IjgyYWYxYWY4MGI4MzUxODhiYmVhZGVhM2U2NzY0MzI5Iiwic3RvcmFnZSI6InB1YmxpY19zdG9yZSJ9?signature=7e70fc576864a528a1431734d680cbf177a11b419a692dbfd34800c31b8944ec",
            "productDescription": ""
        },
        "priceData": {
            "bestPrice": "2.50",
            "price": "2.50",
            "pricePerLitre": 7.6,
            "bestPricePerLitre": 7.6
        },
        "store": {
            "id": "5cf09fe9f068ca26b6037660",
            "name": "Nelson City"
        },
        "timestamp": "2021-08-16T18:09:35.674368"
    },
    {
        "productData": {
            "name": "V Blue Sugarfree Energy Drink 500ml",
            "productId": "v-blue-sugarfree-energy-drink-500ml",
            "productShopPage": "https://nelsoncity.store.freshchoice.co.nz/lines/v-blue-sugarfree-energy-drink-500ml",
            "productImageURL": "https://dtgxwmigmg3gc.cloudfront.net/imagery/assets/derivations/icon/512/512/true/eyJpZCI6ImVmYjQyOWRmM2JjZjc3NTY1ZDIwMTEyNTY0MDdmZjA1Iiwic3RvcmFnZSI6InB1YmxpY19zdG9yZSJ9?signature=2911d59474d8305039a3be3bef0f887c38d9ab84596314b13cc4b150101175ab",
            "productDescription": ""
        },
        "priceData": {
            "bestPrice": "3.50",
            "price": "3.50",
            "pricePerLitre": 7.0,
            "bestPricePerLitre": 7.0
        },
        "store": {
            "id": "5cf09fe9f068ca26b6037660",
            "name": "Nelson City"
        },
        "timestamp": "2021-08-16T18:09:37.016751"
    },
    {
        "productData": {
            "name": "V Raspberry Lemonade Energy Drink 500ml",
            "productId": "v-energy-drink-raspberry-lemonade-500ml-can",
            "productShopPage": "https://nelsoncity.store.freshchoice.co.nz/lines/v-energy-drink-raspberry-lemonade-500ml-can",
            "productImageURL": "https://dtgxwmigmg3gc.cloudfront.net/imagery/assets/derivations/icon/512/512/true/eyJpZCI6ImE3N2Y5NzBmY2FhOWZhYmZiOTc3MmYyMzE4MGRiOTcxIiwic3RvcmFnZSI6InB1YmxpY19zdG9yZSJ9?signature=2bb7890fe6d7b0c0c6a522be31c78077be0aa570ca4c8aa5549ccf80761262dc",
            "productDescription": ""
        },
        "priceData": {
            "bestPrice": "3.50",
            "price": "3.50",
            "pricePerLitre": 7.0,
            "bestPricePerLitre": 7.0
        },
        "store": {
            "id": "5cf09fe9f068ca26b6037660",
            "name": "Nelson City"
        },
        "timestamp": "2021-08-16T18:09:38.397183"
    },
    {
        "productData": {
            "name": "V Blue Energy Drink Blue Guarana Can 250ml",
            "productId": "v-blue-energy-drink-blue-guarana-can-250ml",
            "productShopPage": "https://nelsoncity.store.freshchoice.co.nz/lines/v-blue-energy-drink-blue-guarana-can-250ml",
            "productImageURL": "https://dtgxwmigmg3gc.cloudfront.net/imagery/assets/derivations/icon/512/512/true/eyJpZCI6IjBmZjQwNDEyZWQ2ZDk4YTg3YWQ2ZDUyMWZlNjM1YzJkIiwic3RvcmFnZSI6InB1YmxpY19zdG9yZSJ9?signature=8f745abe5614ec47b3d7a07f1a34ba529184a87b2a696211ba5a0f9f29c86bf0",
            "productDescription": ""
        },
        "priceData": {
            "bestPrice": "2.20",
            "price": "2.20",
            "pricePerLitre": 8.8,
            "bestPricePerLitre": 8.8
        },
        "store": {
            "id": "5cf09fe9f068ca26b6037660",
            "name": "Nelson City"
        },
        "timestamp": "2021-08-16T18:09:41.869522"
    },
    {
        "productData": {
            "name": "V Raspberry Lemonade Energy Drink 4x275ml",
            "productId": "v-energy-drink-raspberry-lemonade-4-x-275ml-cans",
            "productShopPage": "https://nelsoncity.store.freshchoice.co.nz/lines/v-energy-drink-raspberry-lemonade-4-x-275ml-cans",
            "productImageURL": "https://dtgxwmigmg3gc.cloudfront.net/imagery/assets/derivations/icon/512/512/true/eyJpZCI6IjQ2MzE5NTc1YTNlNDc2YWFlOWFmYzkzYjg5YTIzZmU3Iiwic3RvcmFnZSI6InB1YmxpY19zdG9yZSJ9?signature=9589191fe8e8372f03cc1eafaa844916cfe9f79df0af381c3fcba9ff575f2803",
            "productDescription": ""
        },
        "priceData": {
            "bestPrice": "7.10",
            "price": "7.10",
            "pricePerLitre": 8.5,
            "bestPricePerLitre": 8.5
        },
        "store": {
            "id": "5cf09fe9f068ca26b6037660",
            "name": "Nelson City"
        },
        "timestamp": "2021-08-16T18:09:48.824745"
    },
    {
        "productData": {
            "name": "V Guarana Energy Drink Blue Sugarfree 250ml",
            "productId": "v-blue-sugarfree-energy-drink-250ml",
            "productShopPage": "https://nelsoncity.store.freshchoice.co.nz/lines/v-blue-sugarfree-energy-drink-250ml",
            "productImageURL": "https://dtgxwmigmg3gc.cloudfront.net/imagery/assets/derivations/icon/512/512/true/eyJpZCI6IjI3YWJiOTVhYjNhMjEwMDU2MWJhMmRhNTM3YjRhZjVmIiwic3RvcmFnZSI6InB1YmxpY19zdG9yZSJ9?signature=66769306ca1d0ba674603954d338186dc999f6d1839090d49fde9416b3252365",
            "productDescription": ""
        },
        "priceData": {
            "bestPrice": "2.20",
            "price": "2.20",
            "pricePerLitre": 8.8,
            "bestPricePerLitre": 8.8
        },
        "store": {
            "id": "5cf09fe9f068ca26b6037660",
            "name": "Nelson City"
        },
        "timestamp": "2021-08-16T18:10:05.160609"
    },
    {
        "productData": {
            "name": "Live Plus Energy Drink Persist 250ml 6 Pack",
            "productId": "live-plus-persist-250ml-6pack",
            "productShopPage": "https://nelsoncity.store.freshchoice.co.nz/lines/live-plus-persist-250ml-6pack",
            "productImageURL": "https://dtgxwmigmg3gc.cloudfront.net/imagery/assets/derivations/icon/512/512/true/eyJpZCI6ImQwMmNjYjNlNjlmNDVkMjU4MTZlOGViNWViYmNjZWUxIiwic3RvcmFnZSI6InB1YmxpY19zdG9yZSJ9?signature=db18f15f0c2b69cd1dfd8176e2b50175beb452ac90bff043b5767ec884897692",
            "productDescription": ""
        },
        "priceData": {
            "bestPrice": "7.70",
            "price": "7.70",
            "pricePerLitre": 5.1,
            "bestPricePerLitre": 5.1
        },
        "store": {
            "id": "5cf09fe9f068ca26b6037660",
            "name": "Nelson City"
        },
        "timestamp": "2021-08-16T18:10:09.162317"
    },
    {
        "productData": {
            "name": "Monster Energy Drink Ultra Rosa 500ml",
            "productId": "monster-energy-drink-ultra-rosa-500ml",
            "productShopPage": "https://parklands.store.freshchoice.co.nz/lines/monster-energy-drink-ultra-rosa-500ml",
            "productImageURL": "https://dtgxwmigmg3gc.cloudfront.net/imagery/assets/derivations/icon/512/512/true/eyJpZCI6IjZjYzFjMzcwYzM4Mzk4N2MyOTUzNWIyMTFjZTJlYjgxIiwic3RvcmFnZSI6InB1YmxpY19zdG9yZSJ9?signature=9cd08284785f9b24647ecc7d1dc08214d9d00318cc809bebdef1921d6b78bb95",
            "productDescription": ""
        },
        "priceData": {
            "bestPrice": "2.50",
            "price": "2.50",
            "pricePerLitre": 6.0,
            "bestPricePerLitre": 6.0
        },
        "store": {
            "id": "58ae41d552ba0b1c8c00543e",
            "name": "Parklands"
        },
        "timestamp": "2021-08-16T18:10:24.484396"
    },
    {
        "productData": {
            "name": "Monster Energy Pipeline Punch 500ml",
            "productId": "monster-energy-p-line-pnch-500ml",
            "productShopPage": "https://parklands.store.freshchoice.co.nz/lines/monster-energy-p-line-pnch-500ml",
            "productImageURL": "https://dtgxwmigmg3gc.cloudfront.net/imagery/assets/derivations/icon/512/512/true/eyJpZCI6IjM3ZWY2OTY5OWFlNTJlZTRjNTY1ZmFmYWIwOTIxMjg4Iiwic3RvcmFnZSI6InB1YmxpY19zdG9yZSJ9?signature=79ed6699c35bd716a9d5d9457c39ce62c523edaa4059b6b45d4dcc7caf65cef9",
            "productDescription": ""
        },
        "priceData": {
            "bestPrice": "2.50",
            "price": "2.50",
            "pricePerLitre": 6.0,
            "bestPricePerLitre": 6.0
        },
        "store": {
            "id": "58ae41d552ba0b1c8c00543e",
            "name": "Parklands"
        },
        "timestamp": "2021-08-16T18:10:25.575985"
    },
    {
        "productData": {
            "name": "Mother Energy Drink Passion 500ml",
            "productId": "mother-energy-drink-passion-500ml",
            "productShopPage": "https://parklands.store.freshchoice.co.nz/lines/mother-energy-drink-passion-500ml",
            "productImageURL": "https://dtgxwmigmg3gc.cloudfront.net/imagery/assets/derivations/icon/512/512/true/eyJpZCI6ImQwODE2YTc4ZjBmNGU4NTU5Mzg1YjkxZmI5YjIzZjM0Iiwic3RvcmFnZSI6InB1YmxpY19zdG9yZSJ9?signature=713c495fef96a6427b917f0c7c7e855a963749ac5c1bf7dfd71e24ae08ea3123",
            "productDescription": ""
        },
        "priceData": {
            "bestPrice": "2.00",
            "price": "2.00",
            "pricePerLitre": 4.0,
            "bestPricePerLitre": 4.0
        },
        "store": {
            "id": "58ae41d552ba0b1c8c00543e",
            "name": "Parklands"
        },
        "timestamp": "2021-08-16T18:10:30.659525"
    },
    {
        "productData": {
            "name": "Mother Tropical Blast 500ml",
            "productId": "mother-tropical-blast-500ml",
            "productShopPage": "https://parklands.store.freshchoice.co.nz/lines/mother-tropical-blast-500ml",
            "productImageURL": "https://dtgxwmigmg3gc.cloudfront.net/imagery/assets/derivations/icon/512/512/true/eyJpZCI6ImEyZmM1OTUwNDhlODM5YTRhMjQ2MTI1OGEyYzNlZWZhIiwic3RvcmFnZSI6InB1YmxpY19zdG9yZSJ9?signature=6c9470ee4067e8ec32b58eeac9d628404d3986058a9b1cdef46014d1bee50944",
            "productDescription": ""
        },
        "priceData": {
            "bestPrice": "2.00",
            "price": "2.00",
            "pricePerLitre": 4.0,
            "bestPricePerLitre": 4.0
        },
        "store": {
            "id": "58ae41d552ba0b1c8c00543e",
            "name": "Parklands"
        },
        "timestamp": "2021-08-16T18:10:31.831848"
    },
    {
        "productData": {
            "name": "Mother Epic Swell Energy Drink Twisted Apple 500ml",
            "productId": "mother-epic-swell-energy-drink-twisted-apple-500ml",
            "productShopPage": "https://parklands.store.freshchoice.co.nz/lines/mother-epic-swell-energy-drink-twisted-apple-500ml",
            "productImageURL": "https://dtgxwmigmg3gc.cloudfront.net/imagery/assets/derivations/icon/512/512/true/eyJpZCI6ImE2ZjYxOGNhNjUyYzMxNzRhNjg2MDBhMGVjZmQ3MmJkIiwic3RvcmFnZSI6InB1YmxpY19zdG9yZSJ9?signature=954f74f8aba0fb24cb2a5248b1e93fe8a62fb8c7f902abbb08b7aed24bc44c80",
            "productDescription": ""
        },
        "priceData": {
            "bestPrice": "2.00",
            "price": "2.00",
            "pricePerLitre": 4.0,
            "bestPricePerLitre": 4.0
        },
        "store": {
            "id": "58ae41d552ba0b1c8c00543e",
            "name": "Parklands"
        },
        "timestamp": "2021-08-16T18:10:34.407255"
    },
    {
        "productData": {
            "name": "V Blue Sugarfree Energy Drink 500ml",
            "productId": "v-blue-sugarfree-energy-drink-500ml",
            "productShopPage": "https://parklands.store.freshchoice.co.nz/lines/v-blue-sugarfree-energy-drink-500ml",
            "productImageURL": "https://dtgxwmigmg3gc.cloudfront.net/imagery/assets/derivations/icon/512/512/true/eyJpZCI6ImVmYjQyOWRmM2JjZjc3NTY1ZDIwMTEyNTY0MDdmZjA1Iiwic3RvcmFnZSI6InB1YmxpY19zdG9yZSJ9?signature=2911d59474d8305039a3be3bef0f887c38d9ab84596314b13cc4b150101175ab",
            "productDescription": ""
        },
        "priceData": {
            "bestPrice": "3.50",
            "price": "3.50",
            "pricePerLitre": 7.0,
            "bestPricePerLitre": 7.0
        },
        "store": {
            "id": "58ae41d552ba0b1c8c00543e",
            "name": "Parklands"
        },
        "timestamp": "2021-08-16T18:10:51.234371"
    },
    {
        "productData": {
            "name": "V Pure Energy Drink Bottle 330ml",
            "productId": "v-pure-330ml-bottle",
            "productShopPage": "https://parklands.store.freshchoice.co.nz/lines/v-pure-330ml-bottle",
            "productImageURL": "https://dtgxwmigmg3gc.cloudfront.net/imagery/assets/derivations/icon/512/512/true/eyJpZCI6ImFjZmFlNGE1MmQ1ZmNhOTVhN2IyNzdhOGQ3ZTBjNTY0Iiwic3RvcmFnZSI6InB1YmxpY19zdG9yZSJ9?signature=ff03797de044ef70d02854192249a79b3cd819353c7171ef7358378e76bfc089",
            "productDescription": ""
        },
        "priceData": {
            "bestPrice": "3.50",
            "price": "3.50",
            "pricePerLitre": 10.600000000000001,
            "bestPricePerLitre": 10.600000000000001
        },
        "store": {
            "id": "58ae41d552ba0b1c8c00543e",
            "name": "Parklands"
        },
        "timestamp": "2021-08-16T18:11:05.212343"
    },
    {
        "productData": {
            "name": "Monster Mule Ginger Brew 500ml",
            "productId": "monster-mule-ginger-brew-500ml",
            "productShopPage": "https://parklands.store.freshchoice.co.nz/lines/monster-mule-ginger-brew-500ml",
            "productImageURL": "https://dtgxwmigmg3gc.cloudfront.net/imagery/assets/derivations/icon/512/512/true/eyJpZCI6ImM1OTM5MTIyZTRlNmNhNzk0ODFlMDE4ZWVmMWE2Y2ZlIiwic3RvcmFnZSI6InB1YmxpY19zdG9yZSJ9?signature=5d11287f30ef58c148e37382d61c0d83097d5461683a9aa5dd9456941c1f32e5",
            "productDescription": ""
        },
        "priceData": {
            "bestPrice": "2.50",
            "price": "2.50",
            "pricePerLitre": 6.0,
            "bestPricePerLitre": 6.0
        },
        "store": {
            "id": "58ae41d552ba0b1c8c00543e",
            "name": "Parklands"
        },
        "timestamp": "2021-08-16T18:11:11.374550"
    },
    {
        "productData": {
            "name": "V Guarana Energy Drink Blue Sugarfree 250ml",
            "productId": "v-blue-sugarfree-energy-drink-250ml",
            "productShopPage": "https://parklands.store.freshchoice.co.nz/lines/v-blue-sugarfree-energy-drink-250ml",
            "productImageURL": "https://dtgxwmigmg3gc.cloudfront.net/imagery/assets/derivations/icon/512/512/true/eyJpZCI6IjI3YWJiOTVhYjNhMjEwMDU2MWJhMmRhNTM3YjRhZjVmIiwic3RvcmFnZSI6InB1YmxpY19zdG9yZSJ9?signature=66769306ca1d0ba674603954d338186dc999f6d1839090d49fde9416b3252365",
            "productDescription": ""
        },
        "priceData": {
            "bestPrice": "2.20",
            "price": "2.20",
            "pricePerLitre": 8.8,
            "bestPricePerLitre": 8.8
        },
        "store": {
            "id": "58ae41d552ba0b1c8c00543e",
            "name": "Parklands"
        },
        "timestamp": "2021-08-16T18:11:18.593172"
    },
    {
        "productData": {
            "name": "Monster Energy Ultra Paradise 500ml",
            "productId": "monster-energy-drink-ultra-paradise-500ml",
            "productShopPage": "https://picton.store.freshchoice.co.nz/lines/monster-energy-drink-ultra-paradise-500ml",
            "productImageURL": "https://dtgxwmigmg3gc.cloudfront.net/imagery/assets/derivations/icon/512/512/true/eyJpZCI6ImZiZDRkZTQxNzA0M2FiYTUyMjMwZWI0NTcyZGNmYTE1Iiwic3RvcmFnZSI6InB1YmxpY19zdG9yZSJ9?signature=8a439bf26b71114289dfea1720ed331b1e4784c534deade29db8ac38b1cc7c1a",
            "productDescription": ""
        },
        "priceData": {
            "bestPrice": "2.50",
            "price": "2.50",
            "pricePerLitre": 6.0,
            "bestPricePerLitre": 6.0
        },
        "store": {
            "id": "5c9d598442cdd70547033cba",
            "name": "Picton"
        },
        "timestamp": "2021-08-16T18:11:33.426774"
    },
    {
        "productData": {
            "name": "Monster Energy Green 500ml",
            "productId": "monster-energy-green-500ml",
            "productShopPage": "https://picton.store.freshchoice.co.nz/lines/monster-energy-green-500ml",
            "productImageURL": "https://dtgxwmigmg3gc.cloudfront.net/imagery/assets/derivations/icon/512/512/true/eyJpZCI6ImU3ZjNiNjJiNzI4Y2M0MTIxMjhiNjQ2ZmQ2OTQzMGEzIiwic3RvcmFnZSI6InB1YmxpY19zdG9yZSJ9?signature=637eac56411f57a79f345ea693f1418330d5742c3a04caddb460696dba06da06",
            "productDescription": ""
        },
        "priceData": {
            "bestPrice": "2.50",
            "price": "2.50",
            "pricePerLitre": 6.0,
            "bestPricePerLitre": 6.0
        },
        "store": {
            "id": "5c9d598442cdd70547033cba",
            "name": "Picton"
        },
        "timestamp": "2021-08-16T18:11:36.557903"
    },
    {
        "productData": {
            "name": "Monster Energy Drink Ultra Rosa 500ml",
            "productId": "monster-energy-drink-ultra-rosa-500ml",
            "productShopPage": "https://picton.store.freshchoice.co.nz/lines/monster-energy-drink-ultra-rosa-500ml",
            "productImageURL": "https://dtgxwmigmg3gc.cloudfront.net/imagery/assets/derivations/icon/512/512/true/eyJpZCI6IjZjYzFjMzcwYzM4Mzk4N2MyOTUzNWIyMTFjZTJlYjgxIiwic3RvcmFnZSI6InB1YmxpY19zdG9yZSJ9?signature=9cd08284785f9b24647ecc7d1dc08214d9d00318cc809bebdef1921d6b78bb95",
            "productDescription": ""
        },
        "priceData": {
            "bestPrice": "2.50",
            "price": "2.50",
            "pricePerLitre": 6.0,
            "bestPricePerLitre": 6.0
        },
        "store": {
            "id": "5c9d598442cdd70547033cba",
            "name": "Picton"
        },
        "timestamp": "2021-08-16T18:11:37.628365"
    },
    {
        "productData": {
            "name": "Mother Energy Drink Berry 500ml",
            "productId": "mother-energy-drink-berry-500ml",
            "productShopPage": "https://picton.store.freshchoice.co.nz/lines/mother-energy-drink-berry-500ml",
            "productImageURL": "https://dtgxwmigmg3gc.cloudfront.net/imagery/assets/derivations/icon/512/512/true/eyJpZCI6ImRhYTJlNjUzNzRjZjViNjI0ZDljNzUzNDA3YmE0ZDFkIiwic3RvcmFnZSI6InB1YmxpY19zdG9yZSJ9?signature=d9ffb465d71d599811c2ff7a788845bfe297eb3624ad7866a89cf0b3ece073f0",
            "productDescription": ""
        },
        "priceData": {
            "bestPrice": "2.00",
            "price": "2.00",
            "pricePerLitre": 6.0,
            "bestPricePerLitre": 6.0
        },
        "store": {
            "id": "5c9d598442cdd70547033cba",
            "name": "Picton"
        },
        "timestamp": "2021-08-16T18:11:40.694269"
    },
    {
        "productData": {
            "name": "Mother Energy Drink Black 500ml",
            "productId": "mother-energy-drink-black-500ml",
            "productShopPage": "https://picton.store.freshchoice.co.nz/lines/mother-energy-drink-black-500ml",
            "productImageURL": "https://dtgxwmigmg3gc.cloudfront.net/imagery/assets/derivations/icon/512/512/true/eyJpZCI6ImYyMzA5MjhkYjg3ODFhYmYzZDU3ZjE1YjNmYzU2MWFjIiwic3RvcmFnZSI6InB1YmxpY19zdG9yZSJ9?signature=d3dbddb83d3d457075cd5d8936bef0c5b48fce4fa3fe725995d8b6d57219ceb5",
            "productDescription": ""
        },
        "priceData": {
            "bestPrice": "2.00",
            "price": "2.00",
            "pricePerLitre": 6.0,
            "bestPricePerLitre": 6.0
        },
        "store": {
            "id": "5c9d598442cdd70547033cba",
            "name": "Picton"
        },
        "timestamp": "2021-08-16T18:11:41.970177"
    },
    {
        "productData": {
            "name": "Mother Energy Drink Cans 6x250ml",
            "productId": "mother-energy-drink-6x250ml-cans",
            "productShopPage": "https://picton.store.freshchoice.co.nz/lines/mother-energy-drink-6x250ml-cans",
            "productImageURL": "https://dtgxwmigmg3gc.cloudfront.net/imagery/assets/derivations/icon/512/512/true/eyJpZCI6IjEyOGFhMmU0Y2VkYTU4ZWFkZmVhOWUwZjdlNTZhOTA4Iiwic3RvcmFnZSI6InB1YmxpY19zdG9yZSJ9?signature=5db1908f64527cf28fa7bf3266a83ab854a07ca50453511f7d414d8e6d5c10fb",
            "productDescription": ""
        },
        "priceData": {
            "bestPrice": "7.70",
            "price": "7.70",
            "pricePerLitre": 5.1,
            "bestPricePerLitre": 5.1
        },
        "store": {
            "id": "5c9d598442cdd70547033cba",
            "name": "Picton"
        },
        "timestamp": "2021-08-16T18:11:43.254791"
    },
    {
        "productData": {
            "name": "Mother Energy Drink Passion 500ml",
            "productId": "mother-energy-drink-passion-500ml",
            "productShopPage": "https://picton.store.freshchoice.co.nz/lines/mother-energy-drink-passion-500ml",
            "productImageURL": "https://dtgxwmigmg3gc.cloudfront.net/imagery/assets/derivations/icon/512/512/true/eyJpZCI6ImQwODE2YTc4ZjBmNGU4NTU5Mzg1YjkxZmI5YjIzZjM0Iiwic3RvcmFnZSI6InB1YmxpY19zdG9yZSJ9?signature=713c495fef96a6427b917f0c7c7e855a963749ac5c1bf7dfd71e24ae08ea3123",
            "productDescription": ""
        },
        "priceData": {
            "bestPrice": "2.00",
            "price": "2.00",
            "pricePerLitre": 6.0,
            "bestPricePerLitre": 6.0
        },
        "store": {
            "id": "5c9d598442cdd70547033cba",
            "name": "Picton"
        },
        "timestamp": "2021-08-16T18:11:44.277768"
    },
    {
        "productData": {
            "name": "Mother Tropical Blast 500ml",
            "productId": "mother-tropical-blast-500ml",
            "productShopPage": "https://picton.store.freshchoice.co.nz/lines/mother-tropical-blast-500ml",
            "productImageURL": "https://dtgxwmigmg3gc.cloudfront.net/imagery/assets/derivations/icon/512/512/true/eyJpZCI6ImEyZmM1OTUwNDhlODM5YTRhMjQ2MTI1OGEyYzNlZWZhIiwic3RvcmFnZSI6InB1YmxpY19zdG9yZSJ9?signature=6c9470ee4067e8ec32b58eeac9d628404d3986058a9b1cdef46014d1bee50944",
            "productDescription": ""
        },
        "priceData": {
            "bestPrice": "2.00",
            "price": "2.00",
            "pricePerLitre": 6.0,
            "bestPricePerLitre": 6.0
        },
        "store": {
            "id": "5c9d598442cdd70547033cba",
            "name": "Picton"
        },
        "timestamp": "2021-08-16T18:11:45.302244"
    },
    {
        "productData": {
            "name": "Mother Epic Swell Energy Drink Twisted Apple 500ml",
            "productId": "mother-epic-swell-energy-drink-twisted-apple-500ml",
            "productShopPage": "https://picton.store.freshchoice.co.nz/lines/mother-epic-swell-energy-drink-twisted-apple-500ml",
            "productImageURL": "https://dtgxwmigmg3gc.cloudfront.net/imagery/assets/derivations/icon/512/512/true/eyJpZCI6ImE2ZjYxOGNhNjUyYzMxNzRhNjg2MDBhMGVjZmQ3MmJkIiwic3RvcmFnZSI6InB1YmxpY19zdG9yZSJ9?signature=954f74f8aba0fb24cb2a5248b1e93fe8a62fb8c7f902abbb08b7aed24bc44c80",
            "productDescription": ""
        },
        "priceData": {
            "bestPrice": "2.00",
            "price": "2.00",
            "pricePerLitre": 6.0,
            "bestPricePerLitre": 6.0
        },
        "store": {
            "id": "5c9d598442cdd70547033cba",
            "name": "Picton"
        },
        "timestamp": "2021-08-16T18:11:47.554168"
    },
    {
        "productData": {
            "name": "V Energy Drink Guarana 500ml",
            "productId": "v-energy-drink-guarana-500ml",
            "productShopPage": "https://picton.store.freshchoice.co.nz/lines/v-energy-drink-guarana-500ml",
            "productImageURL": "https://dtgxwmigmg3gc.cloudfront.net/imagery/assets/derivations/icon/512/512/true/eyJpZCI6IjgzZDAxMjhiMzg4NmEwZmE4YTE2ZjY2NWIzNmM2NzI2Iiwic3RvcmFnZSI6InB1YmxpY19zdG9yZSJ9?signature=f55ecc561066291a4e74a967db35ea2355f881bd1708bf400fd790032384ae4f",
            "productDescription": ""
        },
        "priceData": {
            "bestPrice": "2.50",
            "price": "2.50",
            "pricePerLitre": 7.6,
            "bestPricePerLitre": 7.6
        },
        "store": {
            "id": "5c9d598442cdd70547033cba",
            "name": "Picton"
        },
        "timestamp": "2021-08-16T18:11:50.784861"
    },
    {
        "productData": {
            "name": "V Energy Drink Sugarfree 500ml",
            "productId": "v-energy-drink-sugarfree-500ml",
            "productShopPage": "https://picton.store.freshchoice.co.nz/lines/v-energy-drink-sugarfree-500ml",
            "productImageURL": "https://dtgxwmigmg3gc.cloudfront.net/imagery/assets/derivations/icon/512/512/true/eyJpZCI6ImVkZTAxNTNmMDI1NmU1NDZjNWQ5MTc3MjE3ZTQ3YTQ0Iiwic3RvcmFnZSI6InB1YmxpY19zdG9yZSJ9?signature=abcf72d9faa9ee3044eaa3b7ee0bf9b4fd8f582379018d8727f2234b7d3f3c85",
            "productDescription": ""
        },
        "priceData": {
            "bestPrice": "2.50",
            "price": "2.50",
            "pricePerLitre": 7.6,
            "bestPricePerLitre": 7.6
        },
        "store": {
            "id": "5c9d598442cdd70547033cba",
            "name": "Picton"
        },
        "timestamp": "2021-08-16T18:11:51.985936"
    },
    {
        "productData": {
            "name": "V Energy Drink Blue 200ml 10 Pack",
            "productId": "v-energy-drink-blue-200ml-10-pack",
            "productShopPage": "https://picton.store.freshchoice.co.nz/lines/v-energy-drink-blue-200ml-10-pack",
            "productImageURL": "https://dtgxwmigmg3gc.cloudfront.net/imagery/assets/derivations/icon/512/512/true/eyJpZCI6IjRkNjE1NmI5MzlmM2E0NzM2YWI0OTFjYWM2MjUxYTkzIiwic3RvcmFnZSI6InB1YmxpY19zdG9yZSJ9?signature=3a63f5716ca94a52d300802a59ee52975e80ad89eebee6aba9539402ed8118cd",
            "productDescription": ""
        },
        "priceData": {
            "bestPrice": "14.00",
            "price": "14.00",
            "pricePerLitre": 7.800000000000001,
            "bestPricePerLitre": 7.800000000000001
        },
        "store": {
            "id": "5c9d598442cdd70547033cba",
            "name": "Picton"
        },
        "timestamp": "2021-08-16T18:11:54.036844"
    },
    {
        "productData": {
            "name": "V Energy Drink Blue Guarana Spritzed 350ml",
            "productId": "v-blue-energy-drink-blue-guarana-spritzed-350ml",
            "productShopPage": "https://picton.store.freshchoice.co.nz/lines/v-blue-energy-drink-blue-guarana-spritzed-350ml",
            "productImageURL": "https://dtgxwmigmg3gc.cloudfront.net/imagery/assets/derivations/icon/512/512/true/eyJpZCI6ImY2OTRlZGI4NjdlNWMzZDM5NzgzMDQ0ODFkMzUxZGZiIiwic3RvcmFnZSI6InB1YmxpY19zdG9yZSJ9?signature=591b3079cb9c2407a29b3bc348eaf42dc1d34daba5c9d7aba65be654725b6719",
            "productDescription": ""
        },
        "priceData": {
            "bestPrice": "3.50",
            "price": "3.50",
            "pricePerLitre": 10.0,
            "bestPricePerLitre": 10.0
        },
        "store": {
            "id": "5c9d598442cdd70547033cba",
            "name": "Picton"
        },
        "timestamp": "2021-08-16T18:11:55.220640"
    },
    {
        "productData": {
            "name": "V Energy Drink Green Guarana 350ml",
            "productId": "v-energy-drink-green-guarana-350ml",
            "productShopPage": "https://picton.store.freshchoice.co.nz/lines/v-energy-drink-green-guarana-350ml",
            "productImageURL": "https://dtgxwmigmg3gc.cloudfront.net/imagery/assets/derivations/icon/512/512/true/eyJpZCI6IjRiNjY4ZjYxOTQ2ODYyN2MzM2NiZWMyNGUyNmIyODk4Iiwic3RvcmFnZSI6InB1YmxpY19zdG9yZSJ9?signature=4cded9cb42349eef45a593461f311b1bb7fa881295733879671ad9fe9887d30c",
            "productDescription": ""
        },
        "priceData": {
            "bestPrice": "3.50",
            "price": "3.50",
            "pricePerLitre": 10.0,
            "bestPricePerLitre": 10.0
        },
        "store": {
            "id": "5c9d598442cdd70547033cba",
            "name": "Picton"
        },
        "timestamp": "2021-08-16T18:11:56.566943"
    },
    {
        "productData": {
            "name": "V Energy Drink Guarana Can 250ml",
            "productId": "v-energy-drink-guarana-can-250ml",
            "productShopPage": "https://picton.store.freshchoice.co.nz/lines/v-energy-drink-guarana-can-250ml",
            "productImageURL": "https://dtgxwmigmg3gc.cloudfront.net/imagery/assets/derivations/icon/512/512/true/eyJpZCI6Ijc3Nzk1NjE2ZDhhNmFiMThhYzEzODYzOTg2ZmNkNzgwIiwic3RvcmFnZSI6InB1YmxpY19zdG9yZSJ9?signature=f5de1854d43e19cc62bff86893d4a55615cd916f8425a4dccd170b52eba81255",
            "productDescription": ""
        },
        "priceData": {
            "bestPrice": "2.20",
            "price": "2.20",
            "pricePerLitre": 8.8,
            "bestPricePerLitre": 8.8
        },
        "store": {
            "id": "5c9d598442cdd70547033cba",
            "name": "Picton"
        },
        "timestamp": "2021-08-16T18:11:57.888266"
    },
    {
        "productData": {
            "name": "V Energy Drink Guarana Can 500ml",
            "productId": "v-energy-drink-guarana-can-500ml",
            "productShopPage": "https://picton.store.freshchoice.co.nz/lines/v-energy-drink-guarana-can-500ml",
            "productImageURL": "https://dtgxwmigmg3gc.cloudfront.net/imagery/assets/derivations/icon/512/512/true/eyJpZCI6ImI0NjgzNGZjNDRkMjU0MjgzYzJjZGNhMzA2NWIxYjA5Iiwic3RvcmFnZSI6InB1YmxpY19zdG9yZSJ9?signature=265e8273409849423466e7623cbbdf8352940707b8830803eec391e8f32c9c5f",
            "productDescription": ""
        },
        "priceData": {
            "bestPrice": "3.50",
            "price": "3.50",
            "pricePerLitre": 7.0,
            "bestPricePerLitre": 7.0
        },
        "store": {
            "id": "5c9d598442cdd70547033cba",
            "name": "Picton"
        },
        "timestamp": "2021-08-16T18:11:59.038698"
    },
    {
        "productData": {
            "name": "V Energy Drink Skills Cans 275ml 4 Pack",
            "productId": "v-energy-drink-skills-cans-275ml-4-pack",
            "productShopPage": "https://picton.store.freshchoice.co.nz/lines/v-energy-drink-skills-cans-275ml-4-pack",
            "productImageURL": "https://dtgxwmigmg3gc.cloudfront.net/imagery/assets/derivations/icon/512/512/true/eyJpZCI6ImZhMzA2N2NiM2YxMmVkM2ZhZjhhYmM4OGE1YTJhNzczIiwic3RvcmFnZSI6InB1YmxpY19zdG9yZSJ9?signature=34fcde8f5a021036c475a1dfff6748625e0747bb134ec737312b15bbe8e883eb",
            "productDescription": ""
        },
        "priceData": {
            "bestPrice": "7.10",
            "price": "7.10",
            "pricePerLitre": 8.5,
            "bestPricePerLitre": 8.5
        },
        "store": {
            "id": "5c9d598442cdd70547033cba",
            "name": "Picton"
        },
        "timestamp": "2021-08-16T18:12:03.254229"
    },
    {
        "productData": {
            "name": "V Blue Energy Drink Bottle 500ml",
            "productId": "v-blue-energy-drink-bottle-500ml",
            "productShopPage": "https://picton.store.freshchoice.co.nz/lines/v-blue-energy-drink-bottle-500ml",
            "productImageURL": "https://dtgxwmigmg3gc.cloudfront.net/imagery/assets/derivations/icon/512/512/true/eyJpZCI6IjgyYWYxYWY4MGI4MzUxODhiYmVhZGVhM2U2NzY0MzI5Iiwic3RvcmFnZSI6InB1YmxpY19zdG9yZSJ9?signature=7e70fc576864a528a1431734d680cbf177a11b419a692dbfd34800c31b8944ec",
            "productDescription": ""
        },
        "priceData": {
            "bestPrice": "2.50",
            "price": "2.50",
            "pricePerLitre": 7.6,
            "bestPricePerLitre": 7.6
        },
        "store": {
            "id": "5c9d598442cdd70547033cba",
            "name": "Picton"
        },
        "timestamp": "2021-08-16T18:12:05.614582"
    },
    {
        "productData": {
            "name": "V Blue Sugarfree Energy Drink 500ml",
            "productId": "v-blue-sugarfree-energy-drink-500ml",
            "productShopPage": "https://picton.store.freshchoice.co.nz/lines/v-blue-sugarfree-energy-drink-500ml",
            "productImageURL": "https://dtgxwmigmg3gc.cloudfront.net/imagery/assets/derivations/icon/512/512/true/eyJpZCI6ImVmYjQyOWRmM2JjZjc3NTY1ZDIwMTEyNTY0MDdmZjA1Iiwic3RvcmFnZSI6InB1YmxpY19zdG9yZSJ9?signature=2911d59474d8305039a3be3bef0f887c38d9ab84596314b13cc4b150101175ab",
            "productDescription": ""
        },
        "priceData": {
            "bestPrice": "3.50",
            "price": "3.50",
            "pricePerLitre": 7.0,
            "bestPricePerLitre": 7.0
        },
        "store": {
            "id": "5c9d598442cdd70547033cba",
            "name": "Picton"
        },
        "timestamp": "2021-08-16T18:12:06.691294"
    },
    {
        "productData": {
            "name": "V Blue Energy Drink 275ml Cans 4 Pack",
            "productId": "v-blue-energy-drink-275ml-cans-4-pack",
            "productShopPage": "https://picton.store.freshchoice.co.nz/lines/v-blue-energy-drink-275ml-cans-4-pack",
            "productImageURL": "https://dtgxwmigmg3gc.cloudfront.net/imagery/assets/derivations/icon/512/512/true/eyJpZCI6IjcxMTc0MzEzN2QzNTUzODQwMmUyODZjMDJkNTM3OTk3Iiwic3RvcmFnZSI6InB1YmxpY19zdG9yZSJ9?signature=5697ef2f72e1e995472b76c19c7c6201b3deb266e060743ac9ae1219dbf2226c",
            "productDescription": ""
        },
        "priceData": {
            "bestPrice": "7.10",
            "price": "7.10",
            "pricePerLitre": 8.5,
            "bestPricePerLitre": 8.5
        },
        "store": {
            "id": "5c9d598442cdd70547033cba",
            "name": "Picton"
        },
        "timestamp": "2021-08-16T18:12:09.757537"
    },
    {
        "productData": {
            "name": "V Blue Energy Drink Blue Guarana Can 250ml",
            "productId": "v-blue-energy-drink-blue-guarana-can-250ml",
            "productShopPage": "https://picton.store.freshchoice.co.nz/lines/v-blue-energy-drink-blue-guarana-can-250ml",
            "productImageURL": "https://dtgxwmigmg3gc.cloudfront.net/imagery/assets/derivations/icon/512/512/true/eyJpZCI6IjBmZjQwNDEyZWQ2ZDk4YTg3YWQ2ZDUyMWZlNjM1YzJkIiwic3RvcmFnZSI6InB1YmxpY19zdG9yZSJ9?signature=8f745abe5614ec47b3d7a07f1a34ba529184a87b2a696211ba5a0f9f29c86bf0",
            "productDescription": ""
        },
        "priceData": {
            "bestPrice": "2.20",
            "price": "2.20",
            "pricePerLitre": 8.8,
            "bestPricePerLitre": 8.8
        },
        "store": {
            "id": "5c9d598442cdd70547033cba",
            "name": "Picton"
        },
        "timestamp": "2021-08-16T18:12:10.962919"
    },
    {
        "productData": {
            "name": "V Blue Energy Drink Blue Guarana Can 500ml",
            "productId": "v-blue-energy-drink-blue-guarana-can-500ml",
            "productShopPage": "https://picton.store.freshchoice.co.nz/lines/v-blue-energy-drink-blue-guarana-can-500ml",
            "productImageURL": "https://dtgxwmigmg3gc.cloudfront.net/imagery/assets/derivations/icon/512/512/true/eyJpZCI6ImFmYjEyYjVjYTU2YWI5ZDJhMTVmNGY2MDg2NWFlNzgxIiwic3RvcmFnZSI6InB1YmxpY19zdG9yZSJ9?signature=b537a8cc5a2c0f90f1702b2c541db44c3a740a0ec4a96e92ab2d6537f9320e8d",
            "productDescription": ""
        },
        "priceData": {
            "bestPrice": "3.50",
            "price": "3.50",
            "pricePerLitre": 7.0,
            "bestPricePerLitre": 7.0
        },
        "store": {
            "id": "5c9d598442cdd70547033cba",
            "name": "Picton"
        },
        "timestamp": "2021-08-16T18:12:12.013854"
    },
    {
        "productData": {
            "name": "V Iced Coffee Guarana Energy 500ml",
            "productId": "v-iced-coffee-guarana-energy-500ml",
            "productShopPage": "https://picton.store.freshchoice.co.nz/lines/v-iced-coffee-guarana-energy-500ml",
            "productImageURL": "https://dtgxwmigmg3gc.cloudfront.net/imagery/assets/derivations/icon/512/512/true/eyJpZCI6ImM0Zjc4YjRmYWVjMjk0NTJkZTNkYzZjNmY5MzBlMjU2Iiwic3RvcmFnZSI6InB1YmxpY19zdG9yZSJ9?signature=14312b2813aab9c1ad551700ec97cd58a3a7f95bef4d0bd7ae7aa2dcf8fcdc9d",
            "productDescription": ""
        },
        "priceData": {
            "bestPrice": "3.50",
            "price": "3.50"
        },
        "store": {
            "id": "5c9d598442cdd70547033cba",
            "name": "Picton"
        },
        "timestamp": "2021-08-16T18:12:13.402076"
    },
    {
        "productData": {
            "name": "V Pure Energy Drink Bottle 330ml",
            "productId": "v-pure-330ml-bottle",
            "productShopPage": "https://picton.store.freshchoice.co.nz/lines/v-pure-330ml-bottle",
            "productImageURL": "https://dtgxwmigmg3gc.cloudfront.net/imagery/assets/derivations/icon/512/512/true/eyJpZCI6ImFjZmFlNGE1MmQ1ZmNhOTVhN2IyNzdhOGQ3ZTBjNTY0Iiwic3RvcmFnZSI6InB1YmxpY19zdG9yZSJ9?signature=ff03797de044ef70d02854192249a79b3cd819353c7171ef7358378e76bfc089",
            "productDescription": ""
        },
        "priceData": {
            "bestPrice": "3.50",
            "price": "3.50",
            "pricePerLitre": 10.600000000000001,
            "bestPricePerLitre": 10.600000000000001
        },
        "store": {
            "id": "5c9d598442cdd70547033cba",
            "name": "Picton"
        },
        "timestamp": "2021-08-16T18:12:20.348299"
    },
    {
        "productData": {
            "name": "V Green Energy Drink 355ml 6 Pack",
            "productId": "v-green-energy-drink-355ml-6-pack",
            "productShopPage": "https://picton.store.freshchoice.co.nz/lines/v-green-energy-drink-355ml-6-pack",
            "productImageURL": "https://dtgxwmigmg3gc.cloudfront.net/imagery/assets/derivations/icon/512/512/true/eyJpZCI6ImRiOTAxYjhjNGE3NzQyNTEyYTljM2M5YTI2ZmQ5MTE5Iiwic3RvcmFnZSI6InB1YmxpY19zdG9yZSJ9?signature=12de0554d72324a76472d930a39c587a4837a2f051666f744164725a96b2f104",
            "productDescription": ""
        },
        "priceData": {
            "bestPrice": "11.00",
            "price": "11.00",
            "pricePerLitre": 7.7,
            "bestPricePerLitre": 7.7
        },
        "store": {
            "id": "5c9d598442cdd70547033cba",
            "name": "Picton"
        },
        "timestamp": "2021-08-16T18:12:21.591255"
    },
    {
        "productData": {
            "name": "Monster Mule Ginger Brew 500ml",
            "productId": "monster-mule-ginger-brew-500ml",
            "productShopPage": "https://picton.store.freshchoice.co.nz/lines/monster-mule-ginger-brew-500ml",
            "productImageURL": "https://dtgxwmigmg3gc.cloudfront.net/imagery/assets/derivations/icon/512/512/true/eyJpZCI6ImM1OTM5MTIyZTRlNmNhNzk0ODFlMDE4ZWVmMWE2Y2ZlIiwic3RvcmFnZSI6InB1YmxpY19zdG9yZSJ9?signature=5d11287f30ef58c148e37382d61c0d83097d5461683a9aa5dd9456941c1f32e5",
            "productDescription": ""
        },
        "priceData": {
            "bestPrice": "2.50",
            "price": "2.50",
            "pricePerLitre": 6.0,
            "bestPricePerLitre": 6.0
        },
        "store": {
            "id": "5c9d598442cdd70547033cba",
            "name": "Picton"
        },
        "timestamp": "2021-08-16T18:12:28.081247"
    },
    {
        "productData": {
            "name": "Monster Energy Pipeline Punch 500ml",
            "productId": "monster-energy-pipeline-punch-500ml",
            "productShopPage": "https://picton.store.freshchoice.co.nz/lines/monster-energy-pipeline-punch-500ml",
            "productImageURL": "https://dtgxwmigmg3gc.cloudfront.net/imagery/assets/derivations/icon/512/512/true/eyJpZCI6IjM3ZWY2OTY5OWFlNTJlZTRjNTY1ZmFmYWIwOTIxMjg4Iiwic3RvcmFnZSI6InB1YmxpY19zdG9yZSJ9?signature=79ed6699c35bd716a9d5d9457c39ce62c523edaa4059b6b45d4dcc7caf65cef9",
            "productDescription": ""
        },
        "priceData": {
            "bestPrice": "2.50",
            "price": "2.50",
            "pricePerLitre": 6.0,
            "bestPricePerLitre": 6.0
        },
        "store": {
            "id": "5c9d598442cdd70547033cba",
            "name": "Picton"
        },
        "timestamp": "2021-08-16T18:12:32.350180"
    },
    {
        "productData": {
            "name": "Live Plus Energy Drink Citrus Flavour 500ml",
            "productId": "live-plus-persist-500ml",
            "productShopPage": "https://picton.store.freshchoice.co.nz/lines/live-plus-persist-500ml",
            "productImageURL": "https://dtgxwmigmg3gc.cloudfront.net/imagery/assets/derivations/icon/512/512/true/eyJpZCI6IjFlNWQ5YzI4OWM1N2UzNmYzZmI2NThlMDQzZTI3ZjE4Iiwic3RvcmFnZSI6InB1YmxpY19zdG9yZSJ9?signature=756b17fefe47174b90e7dbec8cd09db27f9f59f4994bc750b71256ae93ba9fa8",
            "productDescription": ""
        },
        "priceData": {
            "bestPrice": "2.00",
            "price": "2.00",
            "pricePerLitre": 6.0,
            "bestPricePerLitre": 6.0
        },
        "store": {
            "id": "5c9d598442cdd70547033cba",
            "name": "Picton"
        },
        "timestamp": "2021-08-16T18:12:33.428001"
    },
    {
        "productData": {
            "name": "V Guarana Energy Drink Blue Sugarfree 250ml",
            "productId": "v-blue-sugarfree-energy-drink-250ml",
            "productShopPage": "https://picton.store.freshchoice.co.nz/lines/v-blue-sugarfree-energy-drink-250ml",
            "productImageURL": "https://dtgxwmigmg3gc.cloudfront.net/imagery/assets/derivations/icon/512/512/true/eyJpZCI6IjI3YWJiOTVhYjNhMjEwMDU2MWJhMmRhNTM3YjRhZjVmIiwic3RvcmFnZSI6InB1YmxpY19zdG9yZSJ9?signature=66769306ca1d0ba674603954d338186dc999f6d1839090d49fde9416b3252365",
            "productDescription": ""
        },
        "priceData": {
            "bestPrice": "2.20",
            "price": "2.20",
            "pricePerLitre": 8.8,
            "bestPricePerLitre": 8.8
        },
        "store": {
            "id": "5c9d598442cdd70547033cba",
            "name": "Picton"
        },
        "timestamp": "2021-08-16T18:12:35.519306"
    },
    {
        "productData": {
            "name": "Live Plus Energy Drink Original Citrus Flavour 355ml",
            "productId": "live-plus-persist-glass-355ml",
            "productShopPage": "https://picton.store.freshchoice.co.nz/lines/live-plus-persist-glass-355ml",
            "productImageURL": "https://dtgxwmigmg3gc.cloudfront.net/imagery/assets/derivations/icon/512/512/true/eyJpZCI6ImYzMjZlMTdmMmI5ZGRjZGYzYmFmNzNiMWQzN2Y5NDI4Iiwic3RvcmFnZSI6InB1YmxpY19zdG9yZSJ9?signature=8fa31eb2b309e9c7a293ba2e7a7541e3cdc686b1d3f519044aa97c666ae5f630",
            "productDescription": ""
        },
        "priceData": {
            "bestPrice": "2.00",
            "price": "2.00",
            "pricePerLitre": 7.9,
            "bestPricePerLitre": 7.9
        },
        "store": {
            "id": "5c9d598442cdd70547033cba",
            "name": "Picton"
        },
        "timestamp": "2021-08-16T18:12:37.914410"
    },
    {
        "productData": {
            "name": "Live Plus Energy Drink Persist Glass 355ml",
            "productId": "live-plus-energy-drink-persist-glass-355ml",
            "productShopPage": "https://picton.store.freshchoice.co.nz/lines/live-plus-energy-drink-persist-glass-355ml",
            "productImageURL": "https://dtgxwmigmg3gc.cloudfront.net/imagery/assets/derivations/icon/512/512/true/eyJpZCI6IjBiMjhiZTQ0NDk1ODBiZWI4NDRkY2JhM2MxZDdhOTMwIiwic3RvcmFnZSI6InB1YmxpY19zdG9yZSJ9?signature=62025738d86469fbbd64cd53b03b4beee6372d1fbd30b8a9c5708ffdafeebf0d",
            "productDescription": ""
        },
        "priceData": {
            "bestPrice": "2.00",
            "price": "2.00",
            "pricePerLitre": 7.9,
            "bestPricePerLitre": 7.9
        },
        "store": {
            "id": "5c9d598442cdd70547033cba",
            "name": "Picton"
        },
        "timestamp": "2021-08-16T18:12:40.066150"
    },
    {
        "productData": {
            "name": "Live Plus Live+ Ignite Energy Drink 6 x 250ml Cans",
            "productId": "live-plus-live-ignite-energy-drink-6x250ml-cans",
            "productShopPage": "https://picton.store.freshchoice.co.nz/lines/live-plus-live-ignite-energy-drink-6x250ml-cans",
            "productImageURL": "https://dtgxwmigmg3gc.cloudfront.net/imagery/assets/derivations/icon/512/512/true/eyJpZCI6Ijk5ZTU3ZDdlN2RjYzc0ZmZlOWY0NGQxMDdkYTI5ZDI5Iiwic3RvcmFnZSI6InB1YmxpY19zdG9yZSJ9?signature=16b8b1fb6c1dbc73b4d1f0110b7542a3259cd273e9b6adea8e6570f5158d8342",
            "productDescription": ""
        },
        "priceData": {
            "bestPrice": "7.50",
            "price": "7.50",
            "pricePerLitre": 5.0,
            "bestPricePerLitre": 5.0
        },
        "store": {
            "id": "5c9d598442cdd70547033cba",
            "name": "Picton"
        },
        "timestamp": "2021-08-16T18:12:41.257544"
    },
    {
        "productData": {
            "name": "Mother Kicked Apple 500ml",
            "productId": "mother-kicked-apple-500ml",
            "productShopPage": "https://prebbleton.store.freshchoice.co.nz/lines/mother-kicked-apple-500ml",
            "productImageURL": "https://dtgxwmigmg3gc.cloudfront.net/imagery/assets/derivations/icon/512/512/true/eyJpZCI6IjNhZTlkYjkwYTM4MDFjMGEwYjUwYThhMDAwYjkyZjM0Iiwic3RvcmFnZSI6InB1YmxpY19zdG9yZSJ9?signature=c1a1db0a5d7b074c388cf08560fd44a4a2b6127821554198e54eeea8474325f6",
            "productDescription": ""
        },
        "priceData": {
            "bestPrice": "2.00",
            "price": "2.00",
            "pricePerLitre": 4.0,
            "bestPricePerLitre": 4.0
        },
        "store": {
            "id": "5e5ee46cd74776781f092c74",
            "name": "Prebbleton"
        },
        "timestamp": "2021-08-16T18:12:46.574851"
    },
    {
        "productData": {
            "name": "Monster Energy Import 550ml",
            "productId": "monster-energy-import-550ml",
            "productShopPage": "https://prebbleton.store.freshchoice.co.nz/lines/monster-energy-import-550ml",
            "productImageURL": "https://dtgxwmigmg3gc.cloudfront.net/imagery/assets/derivations/icon/512/512/true/eyJpZCI6IjExYzliZTgxY2M3MTNjMDQzM2NmZGQ2ZWE1NjI3MTA0Iiwic3RvcmFnZSI6InB1YmxpY19zdG9yZSJ9?signature=e09322a0a00112a858095e689d2e825f79d154fd3e8577005948dde9d51afb47",
            "productDescription": ""
        },
        "priceData": {
            "bestPrice": "2.50",
            "price": "2.50",
            "pricePerLitre": 6.0,
            "bestPricePerLitre": 6.0
        },
        "store": {
            "id": "5e5ee46cd74776781f092c74",
            "name": "Prebbleton"
        },
        "timestamp": "2021-08-16T18:12:48.535232"
    },
    {
        "productData": {
            "name": "Monster Energy Ultra Paradise 500ml",
            "productId": "monster-energy-drink-ultra-paradise-500ml",
            "productShopPage": "https://prebbleton.store.freshchoice.co.nz/lines/monster-energy-drink-ultra-paradise-500ml",
            "productImageURL": "https://dtgxwmigmg3gc.cloudfront.net/imagery/assets/derivations/icon/512/512/true/eyJpZCI6ImZiZDRkZTQxNzA0M2FiYTUyMjMwZWI0NTcyZGNmYTE1Iiwic3RvcmFnZSI6InB1YmxpY19zdG9yZSJ9?signature=8a439bf26b71114289dfea1720ed331b1e4784c534deade29db8ac38b1cc7c1a",
            "productDescription": ""
        },
        "priceData": {
            "bestPrice": "2.50",
            "price": "2.50",
            "pricePerLitre": 6.0,
            "bestPricePerLitre": 6.0
        },
        "store": {
            "id": "5e5ee46cd74776781f092c74",
            "name": "Prebbleton"
        },
        "timestamp": "2021-08-16T18:12:49.710013"
    },
    {
        "productData": {
            "name": "Monster Energy Ultra Sunrise 500ml",
            "productId": "monster-energy-ultra-sunrise-500ml",
            "productShopPage": "https://prebbleton.store.freshchoice.co.nz/lines/monster-energy-ultra-sunrise-500ml",
            "productImageURL": "https://dtgxwmigmg3gc.cloudfront.net/imagery/assets/derivations/icon/512/512/true/eyJpZCI6ImFlNTVkY2RiZTZiZjg3OGZjZTdlOTU1OTFhMDE4YTdiIiwic3RvcmFnZSI6InB1YmxpY19zdG9yZSJ9?signature=b98350feca08b6ab128cc925fef23a58f65a36f94ede15cb2174f6f88a0f8a0f",
            "productDescription": ""
        },
        "priceData": {
            "bestPrice": "2.50",
            "price": "2.50",
            "pricePerLitre": 6.0,
            "bestPricePerLitre": 6.0
        },
        "store": {
            "id": "5e5ee46cd74776781f092c74",
            "name": "Prebbleton"
        },
        "timestamp": "2021-08-16T18:12:50.812760"
    },
    {
        "productData": {
            "name": "Monster Energy Ultra Zero 500ml",
            "productId": "monster-energy-ultra-zero-500ml",
            "productShopPage": "https://prebbleton.store.freshchoice.co.nz/lines/monster-energy-ultra-zero-500ml",
            "productImageURL": "https://dtgxwmigmg3gc.cloudfront.net/imagery/assets/derivations/icon/512/512/true/eyJpZCI6IjdhN2FhYTUwZWU2NTYwYjBiNGY1NThhMTgwNmVlODI3Iiwic3RvcmFnZSI6InB1YmxpY19zdG9yZSJ9?signature=7907c49ba7d043175a426f84a71776de7dd51fa5c249237063aca9cb098abdbe",
            "productDescription": ""
        },
        "priceData": {
            "bestPrice": "2.50",
            "price": "2.50",
            "pricePerLitre": 6.0,
            "bestPricePerLitre": 6.0
        },
        "store": {
            "id": "5e5ee46cd74776781f092c74",
            "name": "Prebbleton"
        },
        "timestamp": "2021-08-16T18:12:52.221758"
    },
    {
        "productData": {
            "name": "Monster Energy Drink Ultra Rosa 500ml",
            "productId": "monster-energy-drink-ultra-rosa-500ml",
            "productShopPage": "https://prebbleton.store.freshchoice.co.nz/lines/monster-energy-drink-ultra-rosa-500ml",
            "productImageURL": "https://dtgxwmigmg3gc.cloudfront.net/imagery/assets/derivations/icon/512/512/true/eyJpZCI6IjZjYzFjMzcwYzM4Mzk4N2MyOTUzNWIyMTFjZTJlYjgxIiwic3RvcmFnZSI6InB1YmxpY19zdG9yZSJ9?signature=9cd08284785f9b24647ecc7d1dc08214d9d00318cc809bebdef1921d6b78bb95",
            "productDescription": ""
        },
        "priceData": {
            "bestPrice": "2.50",
            "price": "2.50",
            "pricePerLitre": 6.0,
            "bestPricePerLitre": 6.0
        },
        "store": {
            "id": "5e5ee46cd74776781f092c74",
            "name": "Prebbleton"
        },
        "timestamp": "2021-08-16T18:12:54.091266"
    },
    {
        "productData": {
            "name": "Mother Energy Drink Berry 500ml",
            "productId": "mother-energy-drink-berry-500ml",
            "productShopPage": "https://prebbleton.store.freshchoice.co.nz/lines/mother-energy-drink-berry-500ml",
            "productImageURL": "https://dtgxwmigmg3gc.cloudfront.net/imagery/assets/derivations/icon/512/512/true/eyJpZCI6ImRhYTJlNjUzNzRjZjViNjI0ZDljNzUzNDA3YmE0ZDFkIiwic3RvcmFnZSI6InB1YmxpY19zdG9yZSJ9?signature=d9ffb465d71d599811c2ff7a788845bfe297eb3624ad7866a89cf0b3ece073f0",
            "productDescription": ""
        },
        "priceData": {
            "bestPrice": "2.00",
            "price": "2.00",
            "pricePerLitre": 4.0,
            "bestPricePerLitre": 4.0
        },
        "store": {
            "id": "5e5ee46cd74776781f092c74",
            "name": "Prebbleton"
        },
        "timestamp": "2021-08-16T18:12:57.329716"
    },
    {
        "productData": {
            "name": "Mother Energy Drink Black 500ml",
            "productId": "mother-energy-drink-black-500ml",
            "productShopPage": "https://prebbleton.store.freshchoice.co.nz/lines/mother-energy-drink-black-500ml",
            "productImageURL": "https://dtgxwmigmg3gc.cloudfront.net/imagery/assets/derivations/icon/512/512/true/eyJpZCI6ImYyMzA5MjhkYjg3ODFhYmYzZDU3ZjE1YjNmYzU2MWFjIiwic3RvcmFnZSI6InB1YmxpY19zdG9yZSJ9?signature=d3dbddb83d3d457075cd5d8936bef0c5b48fce4fa3fe725995d8b6d57219ceb5",
            "productDescription": ""
        },
        "priceData": {
            "bestPrice": "2.00",
            "price": "2.00",
            "pricePerLitre": 4.0,
            "bestPricePerLitre": 4.0
        },
        "store": {
            "id": "5e5ee46cd74776781f092c74",
            "name": "Prebbleton"
        },
        "timestamp": "2021-08-16T18:12:58.294488"
    },
    {
        "productData": {
            "name": "Mother Energy Drink Cans 6x250ml",
            "productId": "mother-energy-drink-6x250ml-cans",
            "productShopPage": "https://prebbleton.store.freshchoice.co.nz/lines/mother-energy-drink-6x250ml-cans",
            "productImageURL": "https://dtgxwmigmg3gc.cloudfront.net/imagery/assets/derivations/icon/512/512/true/eyJpZCI6IjEyOGFhMmU0Y2VkYTU4ZWFkZmVhOWUwZjdlNTZhOTA4Iiwic3RvcmFnZSI6InB1YmxpY19zdG9yZSJ9?signature=5db1908f64527cf28fa7bf3266a83ab854a07ca50453511f7d414d8e6d5c10fb",
            "productDescription": ""
        },
        "priceData": {
            "bestPrice": "7.70",
            "price": "7.70",
            "pricePerLitre": 5.1,
            "bestPricePerLitre": 5.1
        },
        "store": {
            "id": "5e5ee46cd74776781f092c74",
            "name": "Prebbleton"
        },
        "timestamp": "2021-08-16T18:12:59.544526"
    },
    {
        "productData": {
            "name": "Mother Energy Drink Passion 500ml",
            "productId": "mother-energy-drink-passion-500ml",
            "productShopPage": "https://prebbleton.store.freshchoice.co.nz/lines/mother-energy-drink-passion-500ml",
            "productImageURL": "https://dtgxwmigmg3gc.cloudfront.net/imagery/assets/derivations/icon/512/512/true/eyJpZCI6ImQwODE2YTc4ZjBmNGU4NTU5Mzg1YjkxZmI5YjIzZjM0Iiwic3RvcmFnZSI6InB1YmxpY19zdG9yZSJ9?signature=713c495fef96a6427b917f0c7c7e855a963749ac5c1bf7dfd71e24ae08ea3123",
            "productDescription": ""
        },
        "priceData": {
            "bestPrice": "2.00",
            "price": "2.00",
            "pricePerLitre": 4.0,
            "bestPricePerLitre": 4.0
        },
        "store": {
            "id": "5e5ee46cd74776781f092c74",
            "name": "Prebbleton"
        },
        "timestamp": "2021-08-16T18:13:00.919233"
    },
    {
        "productData": {
            "name": "Mother Tropical Blast 500ml",
            "productId": "mother-tropical-blast-500ml",
            "productShopPage": "https://prebbleton.store.freshchoice.co.nz/lines/mother-tropical-blast-500ml",
            "productImageURL": "https://dtgxwmigmg3gc.cloudfront.net/imagery/assets/derivations/icon/512/512/true/eyJpZCI6ImEyZmM1OTUwNDhlODM5YTRhMjQ2MTI1OGEyYzNlZWZhIiwic3RvcmFnZSI6InB1YmxpY19zdG9yZSJ9?signature=6c9470ee4067e8ec32b58eeac9d628404d3986058a9b1cdef46014d1bee50944",
            "productDescription": ""
        },
        "priceData": {
            "bestPrice": "2.00",
            "price": "2.00",
            "pricePerLitre": 4.0,
            "bestPricePerLitre": 4.0
        },
        "store": {
            "id": "5e5ee46cd74776781f092c74",
            "name": "Prebbleton"
        },
        "timestamp": "2021-08-16T18:13:02.086248"
    },
    {
        "productData": {
            "name": "Mother Epic Swell Energy Drink Twisted Apple 500ml",
            "productId": "mother-epic-swell-energy-drink-twisted-apple-500ml",
            "productShopPage": "https://prebbleton.store.freshchoice.co.nz/lines/mother-epic-swell-energy-drink-twisted-apple-500ml",
            "productImageURL": "https://dtgxwmigmg3gc.cloudfront.net/imagery/assets/derivations/icon/512/512/true/eyJpZCI6ImE2ZjYxOGNhNjUyYzMxNzRhNjg2MDBhMGVjZmQ3MmJkIiwic3RvcmFnZSI6InB1YmxpY19zdG9yZSJ9?signature=954f74f8aba0fb24cb2a5248b1e93fe8a62fb8c7f902abbb08b7aed24bc44c80",
            "productDescription": ""
        },
        "priceData": {
            "bestPrice": "2.00",
            "price": "2.00",
            "pricePerLitre": 4.0,
            "bestPricePerLitre": 4.0
        },
        "store": {
            "id": "5e5ee46cd74776781f092c74",
            "name": "Prebbleton"
        },
        "timestamp": "2021-08-16T18:13:04.261553"
    },
    {
        "productData": {
            "name": "V Energy Drink Guarana 500ml",
            "productId": "v-energy-drink-guarana-500ml",
            "productShopPage": "https://prebbleton.store.freshchoice.co.nz/lines/v-energy-drink-guarana-500ml",
            "productImageURL": "https://dtgxwmigmg3gc.cloudfront.net/imagery/assets/derivations/icon/512/512/true/eyJpZCI6IjgzZDAxMjhiMzg4NmEwZmE4YTE2ZjY2NWIzNmM2NzI2Iiwic3RvcmFnZSI6InB1YmxpY19zdG9yZSJ9?signature=f55ecc561066291a4e74a967db35ea2355f881bd1708bf400fd790032384ae4f",
            "productDescription": ""
        },
        "priceData": {
            "bestPrice": "2.50",
            "price": "2.50",
            "pricePerLitre": 7.6,
            "bestPricePerLitre": 7.6
        },
        "store": {
            "id": "5e5ee46cd74776781f092c74",
            "name": "Prebbleton"
        },
        "timestamp": "2021-08-16T18:13:07.387502"
    },
    {
        "productData": {
            "name": "V Energy Drink Sugarfree 500ml",
            "productId": "v-energy-drink-sugarfree-500ml",
            "productShopPage": "https://prebbleton.store.freshchoice.co.nz/lines/v-energy-drink-sugarfree-500ml",
            "productImageURL": "https://dtgxwmigmg3gc.cloudfront.net/imagery/assets/derivations/icon/512/512/true/eyJpZCI6ImVkZTAxNTNmMDI1NmU1NDZjNWQ5MTc3MjE3ZTQ3YTQ0Iiwic3RvcmFnZSI6InB1YmxpY19zdG9yZSJ9?signature=abcf72d9faa9ee3044eaa3b7ee0bf9b4fd8f582379018d8727f2234b7d3f3c85",
            "productDescription": ""
        },
        "priceData": {
            "bestPrice": "2.50",
            "price": "2.50",
            "pricePerLitre": 7.6,
            "bestPricePerLitre": 7.6
        },
        "store": {
            "id": "5e5ee46cd74776781f092c74",
            "name": "Prebbleton"
        },
        "timestamp": "2021-08-16T18:13:08.488066"
    },
    {
        "productData": {
            "name": "V Energy Drink Sugar Free Guarana 250ml",
            "productId": "v-energy-drink-sugar-free-guarana-250ml",
            "productShopPage": "https://prebbleton.store.freshchoice.co.nz/lines/v-energy-drink-sugar-free-guarana-250ml",
            "productImageURL": "https://dtgxwmigmg3gc.cloudfront.net/imagery/assets/derivations/icon/512/512/true/eyJpZCI6ImZiNzM1NmU4NTMyZDllODlkZTljZmNlOGY2MzQ5NGQwIiwic3RvcmFnZSI6InB1YmxpY19zdG9yZSJ9?signature=72b0ce0a48ca796717c115fe5e8b4564501470f63bf80ae865d26e9d131a2b8c",
            "productDescription": ""
        },
        "priceData": {
            "bestPrice": "2.20",
            "price": "2.20",
            "pricePerLitre": 8.8,
            "bestPricePerLitre": 8.8
        },
        "store": {
            "id": "5e5ee46cd74776781f092c74",
            "name": "Prebbleton"
        },
        "timestamp": "2021-08-16T18:13:09.615882"
    },
    {
        "productData": {
            "name": "V Energy Drink Blue Guarana Spritzed 350ml",
            "productId": "v-blue-energy-drink-blue-guarana-spritzed-350ml",
            "productShopPage": "https://prebbleton.store.freshchoice.co.nz/lines/v-blue-energy-drink-blue-guarana-spritzed-350ml",
            "productImageURL": "https://dtgxwmigmg3gc.cloudfront.net/imagery/assets/derivations/icon/512/512/true/eyJpZCI6ImY2OTRlZGI4NjdlNWMzZDM5NzgzMDQ0ODFkMzUxZGZiIiwic3RvcmFnZSI6InB1YmxpY19zdG9yZSJ9?signature=591b3079cb9c2407a29b3bc348eaf42dc1d34daba5c9d7aba65be654725b6719",
            "productDescription": ""
        },
        "priceData": {
            "bestPrice": "3.50",
            "price": "3.50",
            "pricePerLitre": 10.0,
            "bestPricePerLitre": 10.0
        },
        "store": {
            "id": "5e5ee46cd74776781f092c74",
            "name": "Prebbleton"
        },
        "timestamp": "2021-08-16T18:13:11.820704"
    },
    {
        "productData": {
            "name": "V Energy Drink Green Guarana 350ml",
            "productId": "v-energy-drink-green-guarana-350ml",
            "productShopPage": "https://prebbleton.store.freshchoice.co.nz/lines/v-energy-drink-green-guarana-350ml",
            "productImageURL": "https://dtgxwmigmg3gc.cloudfront.net/imagery/assets/derivations/icon/512/512/true/eyJpZCI6IjRiNjY4ZjYxOTQ2ODYyN2MzM2NiZWMyNGUyNmIyODk4Iiwic3RvcmFnZSI6InB1YmxpY19zdG9yZSJ9?signature=4cded9cb42349eef45a593461f311b1bb7fa881295733879671ad9fe9887d30c",
            "productDescription": ""
        },
        "priceData": {
            "bestPrice": "3.50",
            "price": "3.50",
            "pricePerLitre": 10.0,
            "bestPricePerLitre": 10.0
        },
        "store": {
            "id": "5e5ee46cd74776781f092c74",
            "name": "Prebbleton"
        },
        "timestamp": "2021-08-16T18:13:12.864549"
    },
    {
        "productData": {
            "name": "V Energy Drink Guarana Can 250ml",
            "productId": "v-energy-drink-guarana-can-250ml",
            "productShopPage": "https://prebbleton.store.freshchoice.co.nz/lines/v-energy-drink-guarana-can-250ml",
            "productImageURL": "https://dtgxwmigmg3gc.cloudfront.net/imagery/assets/derivations/icon/512/512/true/eyJpZCI6Ijc3Nzk1NjE2ZDhhNmFiMThhYzEzODYzOTg2ZmNkNzgwIiwic3RvcmFnZSI6InB1YmxpY19zdG9yZSJ9?signature=f5de1854d43e19cc62bff86893d4a55615cd916f8425a4dccd170b52eba81255",
            "productDescription": ""
        },
        "priceData": {
            "bestPrice": "2.20",
            "price": "2.20",
            "pricePerLitre": 8.8,
            "bestPricePerLitre": 8.8
        },
        "store": {
            "id": "5e5ee46cd74776781f092c74",
            "name": "Prebbleton"
        },
        "timestamp": "2021-08-16T18:13:13.999443"
    },
    {
        "productData": {
            "name": "V Energy Drink Guarana Can 500ml",
            "productId": "v-energy-drink-guarana-can-500ml",
            "productShopPage": "https://prebbleton.store.freshchoice.co.nz/lines/v-energy-drink-guarana-can-500ml",
            "productImageURL": "https://dtgxwmigmg3gc.cloudfront.net/imagery/assets/derivations/icon/512/512/true/eyJpZCI6ImI0NjgzNGZjNDRkMjU0MjgzYzJjZGNhMzA2NWIxYjA5Iiwic3RvcmFnZSI6InB1YmxpY19zdG9yZSJ9?signature=265e8273409849423466e7623cbbdf8352940707b8830803eec391e8f32c9c5f",
            "productDescription": ""
        },
        "priceData": {
            "bestPrice": "3.50",
            "price": "3.50",
            "pricePerLitre": 7.0,
            "bestPricePerLitre": 7.0
        },
        "store": {
            "id": "5e5ee46cd74776781f092c74",
            "name": "Prebbleton"
        },
        "timestamp": "2021-08-16T18:13:15.136756"
    },
    {
        "productData": {
            "name": "V Energy Drink Sugar Free Guarana 500ml",
            "productId": "v-energy-drink-sugar-free-guarana-500ml",
            "productShopPage": "https://prebbleton.store.freshchoice.co.nz/lines/v-energy-drink-sugar-free-guarana-500ml",
            "productImageURL": "https://dtgxwmigmg3gc.cloudfront.net/imagery/assets/derivations/icon/512/512/true/eyJpZCI6Ijg4MGExMDYxOTY4NTJiYzM1ZTExMmU2MGE2OWYxNDE3Iiwic3RvcmFnZSI6InB1YmxpY19zdG9yZSJ9?signature=b0536d25b9da8158705e24c88e21fabbf85c1dabc19f18108c386e956ffd7045",
            "productDescription": ""
        },
        "priceData": {
            "bestPrice": "3.50",
            "price": "3.50",
            "pricePerLitre": 7.0,
            "bestPricePerLitre": 7.0
        },
        "store": {
            "id": "5e5ee46cd74776781f092c74",
            "name": "Prebbleton"
        },
        "timestamp": "2021-08-16T18:13:18.558851"
    },
    {
        "productData": {
            "name": "V Blue Energy Drink Bottle 500ml",
            "productId": "v-blue-energy-drink-bottle-500ml",
            "productShopPage": "https://prebbleton.store.freshchoice.co.nz/lines/v-blue-energy-drink-bottle-500ml",
            "productImageURL": "https://dtgxwmigmg3gc.cloudfront.net/imagery/assets/derivations/icon/512/512/true/eyJpZCI6IjgyYWYxYWY4MGI4MzUxODhiYmVhZGVhM2U2NzY0MzI5Iiwic3RvcmFnZSI6InB1YmxpY19zdG9yZSJ9?signature=7e70fc576864a528a1431734d680cbf177a11b419a692dbfd34800c31b8944ec",
            "productDescription": ""
        },
        "priceData": {
            "bestPrice": "2.50",
            "price": "2.50",
            "pricePerLitre": 7.6,
            "bestPricePerLitre": 7.6
        },
        "store": {
            "id": "5e5ee46cd74776781f092c74",
            "name": "Prebbleton"
        },
        "timestamp": "2021-08-16T18:13:22.312934"
    },
    {
        "productData": {
            "name": "V Blue Sugarfree Energy Drink 500ml",
            "productId": "v-blue-sugarfree-energy-drink-500ml",
            "productShopPage": "https://prebbleton.store.freshchoice.co.nz/lines/v-blue-sugarfree-energy-drink-500ml",
            "productImageURL": "https://dtgxwmigmg3gc.cloudfront.net/imagery/assets/derivations/icon/512/512/true/eyJpZCI6ImVmYjQyOWRmM2JjZjc3NTY1ZDIwMTEyNTY0MDdmZjA1Iiwic3RvcmFnZSI6InB1YmxpY19zdG9yZSJ9?signature=2911d59474d8305039a3be3bef0f887c38d9ab84596314b13cc4b150101175ab",
            "productDescription": ""
        },
        "priceData": {
            "bestPrice": "3.50",
            "price": "3.50",
            "pricePerLitre": 7.0,
            "bestPricePerLitre": 7.0
        },
        "store": {
            "id": "5e5ee46cd74776781f092c74",
            "name": "Prebbleton"
        },
        "timestamp": "2021-08-16T18:13:23.832948"
    },
    {
        "productData": {
            "name": "V Sugarfree Energy Drink Berry Twist 350ml",
            "productId": "v-sugarfree-energy-drink-berry-twist-350ml",
            "productShopPage": "https://prebbleton.store.freshchoice.co.nz/lines/v-sugarfree-energy-drink-berry-twist-350ml",
            "productImageURL": "https://dtgxwmigmg3gc.cloudfront.net/imagery/assets/derivations/icon/512/512/true/eyJpZCI6IjMxY2RlOWU3MTE1YTA4ZGRhYzFiODM0NjQ4NDFmOTM5Iiwic3RvcmFnZSI6InB1YmxpY19zdG9yZSJ9?signature=055982afa93dd6614e2f3de353af4c76a52ab79cac4e2b4660a75933fb1bc9a4",
            "productDescription": ""
        },
        "priceData": {
            "bestPrice": "3.50",
            "price": "3.50",
            "pricePerLitre": 10.0,
            "bestPricePerLitre": 10.0
        },
        "store": {
            "id": "5e5ee46cd74776781f092c74",
            "name": "Prebbleton"
        },
        "timestamp": "2021-08-16T18:13:26.413107"
    },
    {
        "productData": {
            "name": "V Blue Energy Drink 275ml Cans 4 Pack",
            "productId": "v-blue-energy-drink-275ml-cans-4-pack",
            "productShopPage": "https://prebbleton.store.freshchoice.co.nz/lines/v-blue-energy-drink-275ml-cans-4-pack",
            "productImageURL": "https://dtgxwmigmg3gc.cloudfront.net/imagery/assets/derivations/icon/512/512/true/eyJpZCI6IjcxMTc0MzEzN2QzNTUzODQwMmUyODZjMDJkNTM3OTk3Iiwic3RvcmFnZSI6InB1YmxpY19zdG9yZSJ9?signature=5697ef2f72e1e995472b76c19c7c6201b3deb266e060743ac9ae1219dbf2226c",
            "productDescription": ""
        },
        "priceData": {
            "bestPrice": "7.10",
            "price": "7.10",
            "pricePerLitre": 8.5,
            "bestPricePerLitre": 8.5
        },
        "store": {
            "id": "5e5ee46cd74776781f092c74",
            "name": "Prebbleton"
        },
        "timestamp": "2021-08-16T18:13:27.528373"
    },
    {
        "productData": {
            "name": "V Blue Energy Drink Blue Guarana Can 250ml",
            "productId": "v-blue-energy-drink-blue-guarana-can-250ml",
            "productShopPage": "https://prebbleton.store.freshchoice.co.nz/lines/v-blue-energy-drink-blue-guarana-can-250ml",
            "productImageURL": "https://dtgxwmigmg3gc.cloudfront.net/imagery/assets/derivations/icon/512/512/true/eyJpZCI6IjBmZjQwNDEyZWQ2ZDk4YTg3YWQ2ZDUyMWZlNjM1YzJkIiwic3RvcmFnZSI6InB1YmxpY19zdG9yZSJ9?signature=8f745abe5614ec47b3d7a07f1a34ba529184a87b2a696211ba5a0f9f29c86bf0",
            "productDescription": ""
        },
        "priceData": {
            "bestPrice": "2.20",
            "price": "2.20",
            "pricePerLitre": 8.8,
            "bestPricePerLitre": 8.8
        },
        "store": {
            "id": "5e5ee46cd74776781f092c74",
            "name": "Prebbleton"
        },
        "timestamp": "2021-08-16T18:13:28.556041"
    },
    {
        "productData": {
            "name": "V Blue Energy Drink Blue Guarana Can 500ml",
            "productId": "v-blue-energy-drink-blue-guarana-can-500ml",
            "productShopPage": "https://prebbleton.store.freshchoice.co.nz/lines/v-blue-energy-drink-blue-guarana-can-500ml",
            "productImageURL": "https://dtgxwmigmg3gc.cloudfront.net/imagery/assets/derivations/icon/512/512/true/eyJpZCI6ImFmYjEyYjVjYTU2YWI5ZDJhMTVmNGY2MDg2NWFlNzgxIiwic3RvcmFnZSI6InB1YmxpY19zdG9yZSJ9?signature=b537a8cc5a2c0f90f1702b2c541db44c3a740a0ec4a96e92ab2d6537f9320e8d",
            "productDescription": ""
        },
        "priceData": {
            "bestPrice": "3.50",
            "price": "3.50",
            "pricePerLitre": 7.0,
            "bestPricePerLitre": 7.0
        },
        "store": {
            "id": "5e5ee46cd74776781f092c74",
            "name": "Prebbleton"
        },
        "timestamp": "2021-08-16T18:13:29.701288"
    },
    {
        "productData": {
            "name": "V Energy Drink Sugar Free Guarana Bottle 350ml",
            "productId": "v-energy-drink-sugar-free-guarana-bottle-350ml",
            "productShopPage": "https://prebbleton.store.freshchoice.co.nz/lines/v-energy-drink-sugar-free-guarana-bottle-350ml",
            "productImageURL": "https://dtgxwmigmg3gc.cloudfront.net/imagery/assets/derivations/icon/512/512/true/eyJpZCI6IjQzYmZlOTg1YzY2ZGQ0ZDI1YzUyZDk3MGJhMmJhMGM3Iiwic3RvcmFnZSI6InB1YmxpY19zdG9yZSJ9?signature=7a4bb3eb2264f52495ae9ba8fbf21b5a3e59e12c0d6208cfa1591261da333f55",
            "productDescription": ""
        },
        "priceData": {
            "bestPrice": "3.50",
            "price": "3.50",
            "pricePerLitre": 10.0,
            "bestPricePerLitre": 10.0
        },
        "store": {
            "id": "5e5ee46cd74776781f092c74",
            "name": "Prebbleton"
        },
        "timestamp": "2021-08-16T18:13:33.922398"
    },
    {
        "productData": {
            "name": "V Pure Energy Drink 250ml",
            "productId": "v-pure-energy-drink-250ml",
            "productShopPage": "https://prebbleton.store.freshchoice.co.nz/lines/v-pure-energy-drink-250ml",
            "productImageURL": "https://dtgxwmigmg3gc.cloudfront.net/imagery/assets/derivations/icon/512/512/true/eyJpZCI6Ijk3N2I4MDM5OTQxMjFjYjI5MjRmODdmOTJkM2Q2OWIxIiwic3RvcmFnZSI6InB1YmxpY19zdG9yZSJ9?signature=b74ae9543645865e1c2414381c96a37f8a53629edb30e9b6a59f54f59ba09cfb",
            "productDescription": ""
        },
        "priceData": {
            "bestPrice": "2.20",
            "price": "2.20",
            "pricePerLitre": 8.8,
            "bestPricePerLitre": 8.8
        },
        "store": {
            "id": "5e5ee46cd74776781f092c74",
            "name": "Prebbleton"
        },
        "timestamp": "2021-08-16T18:13:35.084204"
    },
    {
        "productData": {
            "name": "V Raspberry Lemonade Energy Drink 4x275ml",
            "productId": "v-energy-drink-raspberry-lemonade-4-x-275ml-cans",
            "productShopPage": "https://prebbleton.store.freshchoice.co.nz/lines/v-energy-drink-raspberry-lemonade-4-x-275ml-cans",
            "productImageURL": "https://dtgxwmigmg3gc.cloudfront.net/imagery/assets/derivations/icon/512/512/true/eyJpZCI6IjQ2MzE5NTc1YTNlNDc2YWFlOWFmYzkzYjg5YTIzZmU3Iiwic3RvcmFnZSI6InB1YmxpY19zdG9yZSJ9?signature=9589191fe8e8372f03cc1eafaa844916cfe9f79df0af381c3fcba9ff575f2803",
            "productDescription": ""
        },
        "priceData": {
            "bestPrice": "7.10",
            "price": "7.10",
            "pricePerLitre": 8.5,
            "bestPricePerLitre": 8.5
        },
        "store": {
            "id": "5e5ee46cd74776781f092c74",
            "name": "Prebbleton"
        },
        "timestamp": "2021-08-16T18:13:36.251933"
    },
    {
        "productData": {
            "name": "V Pure Energy Drink Bottle 330ml",
            "productId": "v-pure-330ml-bottle",
            "productShopPage": "https://prebbleton.store.freshchoice.co.nz/lines/v-pure-330ml-bottle",
            "productImageURL": "https://dtgxwmigmg3gc.cloudfront.net/imagery/assets/derivations/icon/512/512/true/eyJpZCI6ImFjZmFlNGE1MmQ1ZmNhOTVhN2IyNzdhOGQ3ZTBjNTY0Iiwic3RvcmFnZSI6InB1YmxpY19zdG9yZSJ9?signature=ff03797de044ef70d02854192249a79b3cd819353c7171ef7358378e76bfc089",
            "productDescription": ""
        },
        "priceData": {
            "bestPrice": "3.50",
            "price": "3.50",
            "pricePerLitre": 10.600000000000001,
            "bestPricePerLitre": 10.600000000000001
        },
        "store": {
            "id": "5e5ee46cd74776781f092c74",
            "name": "Prebbleton"
        },
        "timestamp": "2021-08-16T18:13:38.263591"
    },
    {
        "productData": {
            "name": "V Green Energy Drink 355ml 6 Pack",
            "productId": "v-green-energy-drink-355ml-6-pack",
            "productShopPage": "https://prebbleton.store.freshchoice.co.nz/lines/v-green-energy-drink-355ml-6-pack",
            "productImageURL": "https://dtgxwmigmg3gc.cloudfront.net/imagery/assets/derivations/icon/512/512/true/eyJpZCI6ImRiOTAxYjhjNGE3NzQyNTEyYTljM2M5YTI2ZmQ5MTE5Iiwic3RvcmFnZSI6InB1YmxpY19zdG9yZSJ9?signature=12de0554d72324a76472d930a39c587a4837a2f051666f744164725a96b2f104",
            "productDescription": ""
        },
        "priceData": {
            "bestPrice": "11.00",
            "price": "11.00",
            "pricePerLitre": 7.7,
            "bestPricePerLitre": 7.7
        },
        "store": {
            "id": "5e5ee46cd74776781f092c74",
            "name": "Prebbleton"
        },
        "timestamp": "2021-08-16T18:13:39.287109"
    },
    {
        "productData": {
            "name": "Monster Super Fuel Zero Sugar 550ml",
            "productId": "monster-super-fuel-zero-sugar-550ml",
            "productShopPage": "https://prebbleton.store.freshchoice.co.nz/lines/monster-super-fuel-zero-sugar-550ml",
            "productImageURL": "https://dtgxwmigmg3gc.cloudfront.net/imagery/assets/derivations/icon/512/512/true/eyJpZCI6IjRkOTE3NzhmODIxNDI1ZDJjNDg3Yjc0M2YyMzEyYmYxIiwic3RvcmFnZSI6InB1YmxpY19zdG9yZSJ9?signature=4b9dbd15c40f85466e597873c567f989183b284947e8c8dc4df58667789214a2",
            "productDescription": ""
        },
        "priceData": {
            "bestPrice": "3.50",
            "price": "3.50",
            "pricePerLitre": 7.3,
            "bestPricePerLitre": 7.3
        },
        "store": {
            "id": "5e5ee46cd74776781f092c74",
            "name": "Prebbleton"
        },
        "timestamp": "2021-08-16T18:13:43.390116"
    },
    {
        "productData": {
            "name": "Monster Mule Ginger Brew 500ml",
            "productId": "monster-mule-ginger-brew-500ml",
            "productShopPage": "https://prebbleton.store.freshchoice.co.nz/lines/monster-mule-ginger-brew-500ml",
            "productImageURL": "https://dtgxwmigmg3gc.cloudfront.net/imagery/assets/derivations/icon/512/512/true/eyJpZCI6ImM1OTM5MTIyZTRlNmNhNzk0ODFlMDE4ZWVmMWE2Y2ZlIiwic3RvcmFnZSI6InB1YmxpY19zdG9yZSJ9?signature=5d11287f30ef58c148e37382d61c0d83097d5461683a9aa5dd9456941c1f32e5",
            "productDescription": ""
        },
        "priceData": {
            "bestPrice": "2.50",
            "price": "2.50",
            "pricePerLitre": 6.0,
            "bestPricePerLitre": 6.0
        },
        "store": {
            "id": "5e5ee46cd74776781f092c74",
            "name": "Prebbleton"
        },
        "timestamp": "2021-08-16T18:13:44.436846"
    },
    {
        "productData": {
            "name": "Monster Super Fuel Purple Passion 550ml",
            "productId": "monster-super-fuel-purple-passion-550ml",
            "productShopPage": "https://prebbleton.store.freshchoice.co.nz/lines/monster-super-fuel-purple-passion-550ml",
            "productImageURL": "https://dtgxwmigmg3gc.cloudfront.net/imagery/assets/derivations/icon/512/512/true/eyJpZCI6IjNkMTY1OTQwMzgyOTZjZjVlMjNlNjBjMDQ3NTE1YWM0Iiwic3RvcmFnZSI6InB1YmxpY19zdG9yZSJ9?signature=4d4ccd77dab941d955a8037242a41833afdc7251d3bd5b5c4b99705770273998",
            "productDescription": ""
        },
        "priceData": {
            "bestPrice": "3.50",
            "price": "3.50",
            "pricePerLitre": 7.3,
            "bestPricePerLitre": 7.3
        },
        "store": {
            "id": "5e5ee46cd74776781f092c74",
            "name": "Prebbleton"
        },
        "timestamp": "2021-08-16T18:13:47.556394"
    },
    {
        "productData": {
            "name": "Monster Energy Pipeline Punch 500ml",
            "productId": "monster-energy-pipeline-punch-500ml",
            "productShopPage": "https://prebbleton.store.freshchoice.co.nz/lines/monster-energy-pipeline-punch-500ml",
            "productImageURL": "https://dtgxwmigmg3gc.cloudfront.net/imagery/assets/derivations/icon/512/512/true/eyJpZCI6IjM3ZWY2OTY5OWFlNTJlZTRjNTY1ZmFmYWIwOTIxMjg4Iiwic3RvcmFnZSI6InB1YmxpY19zdG9yZSJ9?signature=79ed6699c35bd716a9d5d9457c39ce62c523edaa4059b6b45d4dcc7caf65cef9",
            "productDescription": ""
        },
        "priceData": {
            "bestPrice": "2.50",
            "price": "2.50",
            "pricePerLitre": 6.0,
            "bestPricePerLitre": 6.0
        },
        "store": {
            "id": "5e5ee46cd74776781f092c74",
            "name": "Prebbleton"
        },
        "timestamp": "2021-08-16T18:13:48.544884"
    },
    {
        "productData": {
            "name": "Live Plus Energy Drink Citrus Flavour 500ml",
            "productId": "live-plus-persist-500ml",
            "productShopPage": "https://prebbleton.store.freshchoice.co.nz/lines/live-plus-persist-500ml",
            "productImageURL": "https://dtgxwmigmg3gc.cloudfront.net/imagery/assets/derivations/icon/512/512/true/eyJpZCI6IjFlNWQ5YzI4OWM1N2UzNmYzZmI2NThlMDQzZTI3ZjE4Iiwic3RvcmFnZSI6InB1YmxpY19zdG9yZSJ9?signature=756b17fefe47174b90e7dbec8cd09db27f9f59f4994bc750b71256ae93ba9fa8",
            "productDescription": ""
        },
        "priceData": {
            "bestPrice": "2.00",
            "price": "2.00",
            "pricePerLitre": 4.0,
            "bestPricePerLitre": 4.0
        },
        "store": {
            "id": "5e5ee46cd74776781f092c74",
            "name": "Prebbleton"
        },
        "timestamp": "2021-08-16T18:13:49.627245"
    },
    {
        "productData": {
            "name": "Live Plus Energy Drink Tart Apple Apple Flavour 500ml",
            "productId": "live-plus-ignite-500ml",
            "productShopPage": "https://prebbleton.store.freshchoice.co.nz/lines/live-plus-ignite-500ml",
            "productImageURL": "https://dtgxwmigmg3gc.cloudfront.net/imagery/assets/derivations/icon/512/512/true/eyJpZCI6IjViOGViZjhmZTQzYjFlYTMzNDM5YjJjMjg3ZDRmY2YyIiwic3RvcmFnZSI6InB1YmxpY19zdG9yZSJ9?signature=140ae19352cd0dcec7e77f90fa4dfaa9fa17086439f730510afc5d906e1415bf",
            "productDescription": ""
        },
        "priceData": {
            "bestPrice": "2.00",
            "price": "2.00",
            "pricePerLitre": 4.0,
            "bestPricePerLitre": 4.0
        },
        "store": {
            "id": "5e5ee46cd74776781f092c74",
            "name": "Prebbleton"
        },
        "timestamp": "2021-08-16T18:13:50.931329"
    },
    {
        "productData": {
            "name": "V Guarana Energy Drink Blue Sugarfree 250ml",
            "productId": "v-blue-sugarfree-energy-drink-250ml",
            "productShopPage": "https://prebbleton.store.freshchoice.co.nz/lines/v-blue-sugarfree-energy-drink-250ml",
            "productImageURL": "https://dtgxwmigmg3gc.cloudfront.net/imagery/assets/derivations/icon/512/512/true/eyJpZCI6IjI3YWJiOTVhYjNhMjEwMDU2MWJhMmRhNTM3YjRhZjVmIiwic3RvcmFnZSI6InB1YmxpY19zdG9yZSJ9?signature=66769306ca1d0ba674603954d338186dc999f6d1839090d49fde9416b3252365",
            "productDescription": ""
        },
        "priceData": {
            "bestPrice": "2.20",
            "price": "2.20",
            "pricePerLitre": 8.8,
            "bestPricePerLitre": 8.8
        },
        "store": {
            "id": "5e5ee46cd74776781f092c74",
            "name": "Prebbleton"
        },
        "timestamp": "2021-08-16T18:13:51.948110"
    },
    {
        "productData": {
            "name": "Live Plus Energy Drink Original Citrus Flavour 355ml",
            "productId": "live-plus-persist-glass-355ml",
            "productShopPage": "https://prebbleton.store.freshchoice.co.nz/lines/live-plus-persist-glass-355ml",
            "productImageURL": "https://dtgxwmigmg3gc.cloudfront.net/imagery/assets/derivations/icon/512/512/true/eyJpZCI6ImYzMjZlMTdmMmI5ZGRjZGYzYmFmNzNiMWQzN2Y5NDI4Iiwic3RvcmFnZSI6InB1YmxpY19zdG9yZSJ9?signature=8fa31eb2b309e9c7a293ba2e7a7541e3cdc686b1d3f519044aa97c666ae5f630",
            "productDescription": ""
        },
        "priceData": {
            "bestPrice": "2.00",
            "price": "2.00",
            "pricePerLitre": 7.9,
            "bestPricePerLitre": 7.9
        },
        "store": {
            "id": "5e5ee46cd74776781f092c74",
            "name": "Prebbleton"
        },
        "timestamp": "2021-08-16T18:13:54.328972"
    },
    {
        "productData": {
            "name": "Live Plus Energy Drink Original Citrus Flavour 6x250ml",
            "productId": "live-plus-persist-250ml-6pack",
            "productShopPage": "https://prebbleton.store.freshchoice.co.nz/lines/live-plus-persist-250ml-6pack",
            "productImageURL": "https://dtgxwmigmg3gc.cloudfront.net/imagery/assets/derivations/icon/512/512/true/eyJpZCI6IjNmODNiNGI4MzI4MzJmNzhjZmJhNDA1OGUyZWFlM2ZhIiwic3RvcmFnZSI6InB1YmxpY19zdG9yZSJ9?signature=0257f943d0c41562773e51cbd42327ad911228832e33494e9c30381e20305337",
            "productDescription": ""
        },
        "priceData": {
            "bestPrice": "7.70",
            "price": "7.70",
            "pricePerLitre": 5.1,
            "bestPricePerLitre": 5.1
        },
        "store": {
            "id": "5e5ee46cd74776781f092c74",
            "name": "Prebbleton"
        },
        "timestamp": "2021-08-16T18:13:55.256152"
    },
    {
        "productData": {
            "name": "Rockstar Punched Energy Guava 500ml",
            "productId": "rockstar-punched-energy-guava-500ml",
            "productShopPage": "https://prebbleton.store.freshchoice.co.nz/lines/rockstar-punched-energy-guava-500ml",
            "productImageURL": "https://dtgxwmigmg3gc.cloudfront.net/imagery/assets/derivations/icon/512/512/true/eyJpZCI6IjBmNGEyNjU2MGQwM2Y4OGI4MWE3ZTMyODUzYTRlN2QyIiwic3RvcmFnZSI6InB1YmxpY19zdG9yZSJ9?signature=fab45ac774e74d87cf7a79de075f47290676fd6d4afcf212198c745670d5ce29",
            "productDescription": ""
        },
        "priceData": {
            "bestPrice": "2.00",
            "price": "2.00",
            "pricePerLitre": 4.0,
            "bestPricePerLitre": 4.0
        },
        "store": {
            "id": "5e5ee46cd74776781f092c74",
            "name": "Prebbleton"
        },
        "timestamp": "2021-08-16T18:13:59.752127"
    },
    {
        "productData": {
            "name": "Mother Kicked Apple 500ml",
            "productId": "mother-kicked-apple-500ml",
            "productShopPage": "https://queenstown.store.freshchoice.co.nz/lines/mother-kicked-apple-500ml",
            "productImageURL": "https://dtgxwmigmg3gc.cloudfront.net/imagery/assets/derivations/icon/512/512/true/eyJpZCI6IjNhZTlkYjkwYTM4MDFjMGEwYjUwYThhMDAwYjkyZjM0Iiwic3RvcmFnZSI6InB1YmxpY19zdG9yZSJ9?signature=c1a1db0a5d7b074c388cf08560fd44a4a2b6127821554198e54eeea8474325f6",
            "productDescription": ""
        },
        "priceData": {
            "bestPrice": "2.00",
            "price": "2.00",
            "pricePerLitre": 4.0,
            "bestPricePerLitre": 4.0
        },
        "store": {
            "id": "5e7590c56d8e6913580489e5",
            "name": "Queenstown"
        },
        "timestamp": "2021-08-16T18:14:02.789949"
    },
    {
        "productData": {
            "name": "Monster Energy Ultra Paradise 500ml",
            "productId": "monster-energy-drink-ultra-paradise-500ml",
            "productShopPage": "https://queenstown.store.freshchoice.co.nz/lines/monster-energy-drink-ultra-paradise-500ml",
            "productImageURL": "https://dtgxwmigmg3gc.cloudfront.net/imagery/assets/derivations/icon/512/512/true/eyJpZCI6ImZiZDRkZTQxNzA0M2FiYTUyMjMwZWI0NTcyZGNmYTE1Iiwic3RvcmFnZSI6InB1YmxpY19zdG9yZSJ9?signature=8a439bf26b71114289dfea1720ed331b1e4784c534deade29db8ac38b1cc7c1a",
            "productDescription": ""
        },
        "priceData": {
            "bestPrice": "2.50",
            "price": "2.50",
            "pricePerLitre": 6.0,
            "bestPricePerLitre": 6.0
        },
        "store": {
            "id": "5e7590c56d8e6913580489e5",
            "name": "Queenstown"
        },
        "timestamp": "2021-08-16T18:14:05.789177"
    },
    {
        "productData": {
            "name": "Monster Energy Ultra Sunrise 500ml",
            "productId": "monster-energy-ultra-sunrise-500ml",
            "productShopPage": "https://queenstown.store.freshchoice.co.nz/lines/monster-energy-ultra-sunrise-500ml",
            "productImageURL": "https://dtgxwmigmg3gc.cloudfront.net/imagery/assets/derivations/icon/512/512/true/eyJpZCI6ImFlNTVkY2RiZTZiZjg3OGZjZTdlOTU1OTFhMDE4YTdiIiwic3RvcmFnZSI6InB1YmxpY19zdG9yZSJ9?signature=b98350feca08b6ab128cc925fef23a58f65a36f94ede15cb2174f6f88a0f8a0f",
            "productDescription": ""
        },
        "priceData": {
            "bestPrice": "2.50",
            "price": "2.50",
            "pricePerLitre": 6.0,
            "bestPricePerLitre": 6.0
        },
        "store": {
            "id": "5e7590c56d8e6913580489e5",
            "name": "Queenstown"
        },
        "timestamp": "2021-08-16T18:14:06.818882"
    },
    {
        "productData": {
            "name": "Monster Energy Ultra Zero 500ml",
            "productId": "monster-energy-ultra-zero-500ml",
            "productShopPage": "https://queenstown.store.freshchoice.co.nz/lines/monster-energy-ultra-zero-500ml",
            "productImageURL": "https://dtgxwmigmg3gc.cloudfront.net/imagery/assets/derivations/icon/512/512/true/eyJpZCI6IjdhN2FhYTUwZWU2NTYwYjBiNGY1NThhMTgwNmVlODI3Iiwic3RvcmFnZSI6InB1YmxpY19zdG9yZSJ9?signature=7907c49ba7d043175a426f84a71776de7dd51fa5c249237063aca9cb098abdbe",
            "productDescription": ""
        },
        "priceData": {
            "bestPrice": "2.50",
            "price": "2.50",
            "pricePerLitre": 6.0,
            "bestPricePerLitre": 6.0
        },
        "store": {
            "id": "5e7590c56d8e6913580489e5",
            "name": "Queenstown"
        },
        "timestamp": "2021-08-16T18:14:07.930738"
    },
    {
        "productData": {
            "name": "Monster Energy Drink Ultra Rosa 500ml",
            "productId": "monster-energy-drink-ultra-rosa-500ml",
            "productShopPage": "https://queenstown.store.freshchoice.co.nz/lines/monster-energy-drink-ultra-rosa-500ml",
            "productImageURL": "https://dtgxwmigmg3gc.cloudfront.net/imagery/assets/derivations/icon/512/512/true/eyJpZCI6IjZjYzFjMzcwYzM4Mzk4N2MyOTUzNWIyMTFjZTJlYjgxIiwic3RvcmFnZSI6InB1YmxpY19zdG9yZSJ9?signature=9cd08284785f9b24647ecc7d1dc08214d9d00318cc809bebdef1921d6b78bb95",
            "productDescription": ""
        },
        "priceData": {
            "bestPrice": "2.50",
            "price": "2.50",
            "pricePerLitre": 6.0,
            "bestPricePerLitre": 6.0
        },
        "store": {
            "id": "5e7590c56d8e6913580489e5",
            "name": "Queenstown"
        },
        "timestamp": "2021-08-16T18:14:09.882407"
    },
    {
        "productData": {
            "name": "Mother Energy Drink Berry 500ml",
            "productId": "mother-energy-drink-berry-500ml",
            "productShopPage": "https://queenstown.store.freshchoice.co.nz/lines/mother-energy-drink-berry-500ml",
            "productImageURL": "https://dtgxwmigmg3gc.cloudfront.net/imagery/assets/derivations/icon/512/512/true/eyJpZCI6ImRhYTJlNjUzNzRjZjViNjI0ZDljNzUzNDA3YmE0ZDFkIiwic3RvcmFnZSI6InB1YmxpY19zdG9yZSJ9?signature=d9ffb465d71d599811c2ff7a788845bfe297eb3624ad7866a89cf0b3ece073f0",
            "productDescription": ""
        },
        "priceData": {
            "bestPrice": "2.00",
            "price": "2.00",
            "pricePerLitre": 4.0,
            "bestPricePerLitre": 4.0
        },
        "store": {
            "id": "5e7590c56d8e6913580489e5",
            "name": "Queenstown"
        },
        "timestamp": "2021-08-16T18:14:13.012717"
    },
    {
        "productData": {
            "name": "Mother Energy Drink Black 500ml",
            "productId": "mother-energy-drink-black-500ml",
            "productShopPage": "https://queenstown.store.freshchoice.co.nz/lines/mother-energy-drink-black-500ml",
            "productImageURL": "https://dtgxwmigmg3gc.cloudfront.net/imagery/assets/derivations/icon/512/512/true/eyJpZCI6ImYyMzA5MjhkYjg3ODFhYmYzZDU3ZjE1YjNmYzU2MWFjIiwic3RvcmFnZSI6InB1YmxpY19zdG9yZSJ9?signature=d3dbddb83d3d457075cd5d8936bef0c5b48fce4fa3fe725995d8b6d57219ceb5",
            "productDescription": ""
        },
        "priceData": {
            "bestPrice": "2.00",
            "price": "2.00",
            "pricePerLitre": 4.0,
            "bestPricePerLitre": 4.0
        },
        "store": {
            "id": "5e7590c56d8e6913580489e5",
            "name": "Queenstown"
        },
        "timestamp": "2021-08-16T18:14:14.118089"
    },
    {
        "productData": {
            "name": "Mother Energy Drink Passion 500ml",
            "productId": "mother-energy-drink-passion-500ml",
            "productShopPage": "https://queenstown.store.freshchoice.co.nz/lines/mother-energy-drink-passion-500ml",
            "productImageURL": "https://dtgxwmigmg3gc.cloudfront.net/imagery/assets/derivations/icon/512/512/true/eyJpZCI6ImQwODE2YTc4ZjBmNGU4NTU5Mzg1YjkxZmI5YjIzZjM0Iiwic3RvcmFnZSI6InB1YmxpY19zdG9yZSJ9?signature=713c495fef96a6427b917f0c7c7e855a963749ac5c1bf7dfd71e24ae08ea3123",
            "productDescription": ""
        },
        "priceData": {
            "bestPrice": "2.00",
            "price": "2.00",
            "pricePerLitre": 4.0,
            "bestPricePerLitre": 4.0
        },
        "store": {
            "id": "5e7590c56d8e6913580489e5",
            "name": "Queenstown"
        },
        "timestamp": "2021-08-16T18:14:16.428664"
    },
    {
        "productData": {
            "name": "Mother Tropical Blast 500ml",
            "productId": "mother-tropical-blast-500ml",
            "productShopPage": "https://queenstown.store.freshchoice.co.nz/lines/mother-tropical-blast-500ml",
            "productImageURL": "https://dtgxwmigmg3gc.cloudfront.net/imagery/assets/derivations/icon/512/512/true/eyJpZCI6ImEyZmM1OTUwNDhlODM5YTRhMjQ2MTI1OGEyYzNlZWZhIiwic3RvcmFnZSI6InB1YmxpY19zdG9yZSJ9?signature=6c9470ee4067e8ec32b58eeac9d628404d3986058a9b1cdef46014d1bee50944",
            "productDescription": ""
        },
        "priceData": {
            "bestPrice": "2.00",
            "price": "2.00",
            "pricePerLitre": 4.0,
            "bestPricePerLitre": 4.0
        },
        "store": {
            "id": "5e7590c56d8e6913580489e5",
            "name": "Queenstown"
        },
        "timestamp": "2021-08-16T18:14:17.445459"
    },
    {
        "productData": {
            "name": "Mother Epic Swell Energy Drink Twisted Apple 500ml",
            "productId": "mother-epic-swell-energy-drink-twisted-apple-500ml",
            "productShopPage": "https://queenstown.store.freshchoice.co.nz/lines/mother-epic-swell-energy-drink-twisted-apple-500ml",
            "productImageURL": "https://dtgxwmigmg3gc.cloudfront.net/imagery/assets/derivations/icon/512/512/true/eyJpZCI6ImE2ZjYxOGNhNjUyYzMxNzRhNjg2MDBhMGVjZmQ3MmJkIiwic3RvcmFnZSI6InB1YmxpY19zdG9yZSJ9?signature=954f74f8aba0fb24cb2a5248b1e93fe8a62fb8c7f902abbb08b7aed24bc44c80",
            "productDescription": ""
        },
        "priceData": {
            "bestPrice": "2.00",
            "price": "2.00",
            "pricePerLitre": 4.0,
            "bestPricePerLitre": 4.0
        },
        "store": {
            "id": "5e7590c56d8e6913580489e5",
            "name": "Queenstown"
        },
        "timestamp": "2021-08-16T18:14:19.505369"
    },
    {
        "productData": {
            "name": "V Energy Drink 710ml Can",
            "productId": "v-energy-drink-710ml-can",
            "productShopPage": "https://queenstown.store.freshchoice.co.nz/lines/v-energy-drink-710ml-can",
            "productImageURL": "https://dtgxwmigmg3gc.cloudfront.net/imagery/assets/derivations/icon/512/512/true/eyJpZCI6ImU1Mjg5NDIyNDI0MzhlNGM0N2IxY2FmMmExOWQ0OGI0Iiwic3RvcmFnZSI6InB1YmxpY19zdG9yZSJ9?signature=875386458f8ad66eb59967a1ca6ad24a19d1592f97a894e439af7d9be1852340",
            "productDescription": ""
        },
        "priceData": {
            "bestPrice": "3.20",
            "price": "3.20",
            "pricePerLitre": 5.6000000000000005,
            "bestPricePerLitre": 5.6000000000000005
        },
        "store": {
            "id": "5e7590c56d8e6913580489e5",
            "name": "Queenstown"
        },
        "timestamp": "2021-08-16T18:14:21.877843"
    },
    {
        "productData": {
            "name": "V Energy Drink Guarana 500ml",
            "productId": "v-energy-drink-guarana-500ml",
            "productShopPage": "https://queenstown.store.freshchoice.co.nz/lines/v-energy-drink-guarana-500ml",
            "productImageURL": "https://dtgxwmigmg3gc.cloudfront.net/imagery/assets/derivations/icon/512/512/true/eyJpZCI6IjgzZDAxMjhiMzg4NmEwZmE4YTE2ZjY2NWIzNmM2NzI2Iiwic3RvcmFnZSI6InB1YmxpY19zdG9yZSJ9?signature=f55ecc561066291a4e74a967db35ea2355f881bd1708bf400fd790032384ae4f",
            "productDescription": ""
        },
        "priceData": {
            "bestPrice": "2.50",
            "price": "2.50",
            "pricePerLitre": 7.6,
            "bestPricePerLitre": 7.6
        },
        "store": {
            "id": "5e7590c56d8e6913580489e5",
            "name": "Queenstown"
        },
        "timestamp": "2021-08-16T18:14:23.104432"
    },
    {
        "productData": {
            "name": "V Energy Drink Sugarfree 500ml",
            "productId": "v-energy-drink-sugarfree-500ml",
            "productShopPage": "https://queenstown.store.freshchoice.co.nz/lines/v-energy-drink-sugarfree-500ml",
            "productImageURL": "https://dtgxwmigmg3gc.cloudfront.net/imagery/assets/derivations/icon/512/512/true/eyJpZCI6ImVkZTAxNTNmMDI1NmU1NDZjNWQ5MTc3MjE3ZTQ3YTQ0Iiwic3RvcmFnZSI6InB1YmxpY19zdG9yZSJ9?signature=abcf72d9faa9ee3044eaa3b7ee0bf9b4fd8f582379018d8727f2234b7d3f3c85",
            "productDescription": ""
        },
        "priceData": {
            "bestPrice": "2.50",
            "price": "2.50",
            "pricePerLitre": 7.6,
            "bestPricePerLitre": 7.6
        },
        "store": {
            "id": "5e7590c56d8e6913580489e5",
            "name": "Queenstown"
        },
        "timestamp": "2021-08-16T18:14:24.119658"
    },
    {
        "productData": {
            "name": "V Energy Drink Sugar Free Guarana 250ml",
            "productId": "v-energy-drink-sugar-free-guarana-250ml",
            "productShopPage": "https://queenstown.store.freshchoice.co.nz/lines/v-energy-drink-sugar-free-guarana-250ml",
            "productImageURL": "https://dtgxwmigmg3gc.cloudfront.net/imagery/assets/derivations/icon/512/512/true/eyJpZCI6ImZiNzM1NmU4NTMyZDllODlkZTljZmNlOGY2MzQ5NGQwIiwic3RvcmFnZSI6InB1YmxpY19zdG9yZSJ9?signature=72b0ce0a48ca796717c115fe5e8b4564501470f63bf80ae865d26e9d131a2b8c",
            "productDescription": ""
        },
        "priceData": {
            "bestPrice": "2.20",
            "price": "2.20",
            "pricePerLitre": 8.8,
            "bestPricePerLitre": 8.8
        },
        "store": {
            "id": "5e7590c56d8e6913580489e5",
            "name": "Queenstown"
        },
        "timestamp": "2021-08-16T18:14:25.400184"
    },
    {
        "productData": {
            "name": "V Energy Drink Blue Guarana Spritzed 350ml",
            "productId": "v-blue-energy-drink-blue-guarana-spritzed-350ml",
            "productShopPage": "https://queenstown.store.freshchoice.co.nz/lines/v-blue-energy-drink-blue-guarana-spritzed-350ml",
            "productImageURL": "https://dtgxwmigmg3gc.cloudfront.net/imagery/assets/derivations/icon/512/512/true/eyJpZCI6ImY2OTRlZGI4NjdlNWMzZDM5NzgzMDQ0ODFkMzUxZGZiIiwic3RvcmFnZSI6InB1YmxpY19zdG9yZSJ9?signature=591b3079cb9c2407a29b3bc348eaf42dc1d34daba5c9d7aba65be654725b6719",
            "productDescription": ""
        },
        "priceData": {
            "bestPrice": "3.50",
            "price": "3.50",
            "pricePerLitre": 10.0,
            "bestPricePerLitre": 10.0
        },
        "store": {
            "id": "5e7590c56d8e6913580489e5",
            "name": "Queenstown"
        },
        "timestamp": "2021-08-16T18:14:27.667425"
    },
    {
        "productData": {
            "name": "V Energy Drink Green Guarana 350ml",
            "productId": "v-energy-drink-green-guarana-350ml",
            "productShopPage": "https://queenstown.store.freshchoice.co.nz/lines/v-energy-drink-green-guarana-350ml",
            "productImageURL": "https://dtgxwmigmg3gc.cloudfront.net/imagery/assets/derivations/icon/512/512/true/eyJpZCI6IjRiNjY4ZjYxOTQ2ODYyN2MzM2NiZWMyNGUyNmIyODk4Iiwic3RvcmFnZSI6InB1YmxpY19zdG9yZSJ9?signature=4cded9cb42349eef45a593461f311b1bb7fa881295733879671ad9fe9887d30c",
            "productDescription": ""
        },
        "priceData": {
            "bestPrice": "3.50",
            "price": "3.50",
            "pricePerLitre": 10.0,
            "bestPricePerLitre": 10.0
        },
        "store": {
            "id": "5e7590c56d8e6913580489e5",
            "name": "Queenstown"
        },
        "timestamp": "2021-08-16T18:14:28.758220"
    },
    {
        "productData": {
            "name": "V Energy Drink Guarana Can 250ml",
            "productId": "v-energy-drink-guarana-can-250ml",
            "productShopPage": "https://queenstown.store.freshchoice.co.nz/lines/v-energy-drink-guarana-can-250ml",
            "productImageURL": "https://dtgxwmigmg3gc.cloudfront.net/imagery/assets/derivations/icon/512/512/true/eyJpZCI6Ijc3Nzk1NjE2ZDhhNmFiMThhYzEzODYzOTg2ZmNkNzgwIiwic3RvcmFnZSI6InB1YmxpY19zdG9yZSJ9?signature=f5de1854d43e19cc62bff86893d4a55615cd916f8425a4dccd170b52eba81255",
            "productDescription": ""
        },
        "priceData": {
            "bestPrice": "2.20",
            "price": "2.20",
            "pricePerLitre": 8.8,
            "bestPricePerLitre": 8.8
        },
        "store": {
            "id": "5e7590c56d8e6913580489e5",
            "name": "Queenstown"
        },
        "timestamp": "2021-08-16T18:14:29.836465"
    },
    {
        "productData": {
            "name": "V Energy Drink Guarana Can 500ml",
            "productId": "v-energy-drink-guarana-can-500ml",
            "productShopPage": "https://queenstown.store.freshchoice.co.nz/lines/v-energy-drink-guarana-can-500ml",
            "productImageURL": "https://dtgxwmigmg3gc.cloudfront.net/imagery/assets/derivations/icon/512/512/true/eyJpZCI6ImI0NjgzNGZjNDRkMjU0MjgzYzJjZGNhMzA2NWIxYjA5Iiwic3RvcmFnZSI6InB1YmxpY19zdG9yZSJ9?signature=265e8273409849423466e7623cbbdf8352940707b8830803eec391e8f32c9c5f",
            "productDescription": ""
        },
        "priceData": {
            "bestPrice": "3.50",
            "price": "3.50",
            "pricePerLitre": 7.0,
            "bestPricePerLitre": 7.0
        },
        "store": {
            "id": "5e7590c56d8e6913580489e5",
            "name": "Queenstown"
        },
        "timestamp": "2021-08-16T18:14:30.886559"
    },
    {
        "productData": {
            "name": "V Energy Drink Raspberry Lemonade 350ml",
            "productId": "v-energy-drink-raspberry-lemonade-350ml",
            "productShopPage": "https://queenstown.store.freshchoice.co.nz/lines/v-energy-drink-raspberry-lemonade-350ml",
            "productImageURL": "https://dtgxwmigmg3gc.cloudfront.net/imagery/assets/derivations/icon/512/512/true/eyJpZCI6IjliNWMwMGJkN2IxYWRhY2UxNzU5NzY1ZTI4MjUzZDgyIiwic3RvcmFnZSI6InB1YmxpY19zdG9yZSJ9?signature=1813e587f3636e394a15aa9e19234f9343024a6880220b0dda0a5d69b1f1c010",
            "productDescription": ""
        },
        "priceData": {
            "bestPrice": "3.50",
            "price": "3.50",
            "pricePerLitre": 10.0,
            "bestPricePerLitre": 10.0
        },
        "store": {
            "id": "5e7590c56d8e6913580489e5",
            "name": "Queenstown"
        },
        "timestamp": "2021-08-16T18:14:33.168838"
    },
    {
        "productData": {
            "name": "V Energy Drink Sugar Free Guarana 500ml",
            "productId": "v-energy-drink-sugar-free-guarana-500ml",
            "productShopPage": "https://queenstown.store.freshchoice.co.nz/lines/v-energy-drink-sugar-free-guarana-500ml",
            "productImageURL": "https://dtgxwmigmg3gc.cloudfront.net/imagery/assets/derivations/icon/512/512/true/eyJpZCI6Ijg4MGExMDYxOTY4NTJiYzM1ZTExMmU2MGE2OWYxNDE3Iiwic3RvcmFnZSI6InB1YmxpY19zdG9yZSJ9?signature=b0536d25b9da8158705e24c88e21fabbf85c1dabc19f18108c386e956ffd7045",
            "productDescription": ""
        },
        "priceData": {
            "bestPrice": "3.50",
            "price": "3.50",
            "pricePerLitre": 7.0,
            "bestPricePerLitre": 7.0
        },
        "store": {
            "id": "5e7590c56d8e6913580489e5",
            "name": "Queenstown"
        },
        "timestamp": "2021-08-16T18:14:34.442044"
    },
    {
        "productData": {
            "name": "V Blue Energy Drink Bottle 500ml",
            "productId": "v-blue-energy-drink-bottle-500ml",
            "productShopPage": "https://queenstown.store.freshchoice.co.nz/lines/v-blue-energy-drink-bottle-500ml",
            "productImageURL": "https://dtgxwmigmg3gc.cloudfront.net/imagery/assets/derivations/icon/512/512/true/eyJpZCI6IjgyYWYxYWY4MGI4MzUxODhiYmVhZGVhM2U2NzY0MzI5Iiwic3RvcmFnZSI6InB1YmxpY19zdG9yZSJ9?signature=7e70fc576864a528a1431734d680cbf177a11b419a692dbfd34800c31b8944ec",
            "productDescription": ""
        },
        "priceData": {
            "bestPrice": "2.50",
            "price": "2.50",
            "pricePerLitre": 7.6,
            "bestPricePerLitre": 7.6
        },
        "store": {
            "id": "5e7590c56d8e6913580489e5",
            "name": "Queenstown"
        },
        "timestamp": "2021-08-16T18:14:37.920009"
    },
    {
        "productData": {
            "name": "V Blue Sugarfree Energy Drink 500ml",
            "productId": "v-blue-sugarfree-energy-drink-500ml",
            "productShopPage": "https://queenstown.store.freshchoice.co.nz/lines/v-blue-sugarfree-energy-drink-500ml",
            "productImageURL": "https://dtgxwmigmg3gc.cloudfront.net/imagery/assets/derivations/icon/512/512/true/eyJpZCI6ImVmYjQyOWRmM2JjZjc3NTY1ZDIwMTEyNTY0MDdmZjA1Iiwic3RvcmFnZSI6InB1YmxpY19zdG9yZSJ9?signature=2911d59474d8305039a3be3bef0f887c38d9ab84596314b13cc4b150101175ab",
            "productDescription": ""
        },
        "priceData": {
            "bestPrice": "3.50",
            "price": "3.50",
            "pricePerLitre": 7.0,
            "bestPricePerLitre": 7.0
        },
        "store": {
            "id": "5e7590c56d8e6913580489e5",
            "name": "Queenstown"
        },
        "timestamp": "2021-08-16T18:14:39.080909"
    },
    {
        "productData": {
            "name": "V Raspberry Lemonade Energy Drink 500ml",
            "productId": "v-energy-drink-raspberry-lemonade-500ml-can",
            "productShopPage": "https://queenstown.store.freshchoice.co.nz/lines/v-energy-drink-raspberry-lemonade-500ml-can",
            "productImageURL": "https://dtgxwmigmg3gc.cloudfront.net/imagery/assets/derivations/icon/512/512/true/eyJpZCI6ImE3N2Y5NzBmY2FhOWZhYmZiOTc3MmYyMzE4MGRiOTcxIiwic3RvcmFnZSI6InB1YmxpY19zdG9yZSJ9?signature=2bb7890fe6d7b0c0c6a522be31c78077be0aa570ca4c8aa5549ccf80761262dc",
            "productDescription": ""
        },
        "priceData": {
            "bestPrice": "3.50",
            "price": "3.50",
            "pricePerLitre": 7.0,
            "bestPricePerLitre": 7.0
        },
        "store": {
            "id": "5e7590c56d8e6913580489e5",
            "name": "Queenstown"
        },
        "timestamp": "2021-08-16T18:14:40.148135"
    },
    {
        "productData": {
            "name": "V Sugarfree Energy Drink Berry Twist 350ml",
            "productId": "v-sugarfree-energy-drink-berry-twist-350ml",
            "productShopPage": "https://queenstown.store.freshchoice.co.nz/lines/v-sugarfree-energy-drink-berry-twist-350ml",
            "productImageURL": "https://dtgxwmigmg3gc.cloudfront.net/imagery/assets/derivations/icon/512/512/true/eyJpZCI6IjMxY2RlOWU3MTE1YTA4ZGRhYzFiODM0NjQ4NDFmOTM5Iiwic3RvcmFnZSI6InB1YmxpY19zdG9yZSJ9?signature=055982afa93dd6614e2f3de353af4c76a52ab79cac4e2b4660a75933fb1bc9a4",
            "productDescription": ""
        },
        "priceData": {
            "bestPrice": "3.50",
            "price": "3.50",
            "pricePerLitre": 10.0,
            "bestPricePerLitre": 10.0
        },
        "store": {
            "id": "5e7590c56d8e6913580489e5",
            "name": "Queenstown"
        },
        "timestamp": "2021-08-16T18:14:41.335465"
    },
    {
        "productData": {
            "name": "V Blue Energy Drink Blue Guarana Can 250ml",
            "productId": "v-blue-energy-drink-blue-guarana-can-250ml",
            "productShopPage": "https://queenstown.store.freshchoice.co.nz/lines/v-blue-energy-drink-blue-guarana-can-250ml",
            "productImageURL": "https://dtgxwmigmg3gc.cloudfront.net/imagery/assets/derivations/icon/512/512/true/eyJpZCI6IjBmZjQwNDEyZWQ2ZDk4YTg3YWQ2ZDUyMWZlNjM1YzJkIiwic3RvcmFnZSI6InB1YmxpY19zdG9yZSJ9?signature=8f745abe5614ec47b3d7a07f1a34ba529184a87b2a696211ba5a0f9f29c86bf0",
            "productDescription": ""
        },
        "priceData": {
            "bestPrice": "2.20",
            "price": "2.20",
            "pricePerLitre": 8.8,
            "bestPricePerLitre": 8.8
        },
        "store": {
            "id": "5e7590c56d8e6913580489e5",
            "name": "Queenstown"
        },
        "timestamp": "2021-08-16T18:14:43.539602"
    },
    {
        "productData": {
            "name": "V Blue Energy Drink Blue Guarana Can 500ml",
            "productId": "v-blue-energy-drink-blue-guarana-can-500ml",
            "productShopPage": "https://queenstown.store.freshchoice.co.nz/lines/v-blue-energy-drink-blue-guarana-can-500ml",
            "productImageURL": "https://dtgxwmigmg3gc.cloudfront.net/imagery/assets/derivations/icon/512/512/true/eyJpZCI6ImFmYjEyYjVjYTU2YWI5ZDJhMTVmNGY2MDg2NWFlNzgxIiwic3RvcmFnZSI6InB1YmxpY19zdG9yZSJ9?signature=b537a8cc5a2c0f90f1702b2c541db44c3a740a0ec4a96e92ab2d6537f9320e8d",
            "productDescription": ""
        },
        "priceData": {
            "bestPrice": "3.50",
            "price": "3.50",
            "pricePerLitre": 7.0,
            "bestPricePerLitre": 7.0
        },
        "store": {
            "id": "5e7590c56d8e6913580489e5",
            "name": "Queenstown"
        },
        "timestamp": "2021-08-16T18:14:44.850364"
    },
    {
        "productData": {
            "name": "V Iced Coffee Guarana Energy 500ml",
            "productId": "v-iced-coffee-guarana-energy-500ml",
            "productShopPage": "https://queenstown.store.freshchoice.co.nz/lines/v-iced-coffee-guarana-energy-500ml",
            "productImageURL": "https://dtgxwmigmg3gc.cloudfront.net/imagery/assets/derivations/icon/512/512/true/eyJpZCI6ImM0Zjc4YjRmYWVjMjk0NTJkZTNkYzZjNmY5MzBlMjU2Iiwic3RvcmFnZSI6InB1YmxpY19zdG9yZSJ9?signature=14312b2813aab9c1ad551700ec97cd58a3a7f95bef4d0bd7ae7aa2dcf8fcdc9d",
            "productDescription": ""
        },
        "priceData": {
            "bestPrice": "3.50",
            "price": "3.50"
        },
        "store": {
            "id": "5e7590c56d8e6913580489e5",
            "name": "Queenstown"
        },
        "timestamp": "2021-08-16T18:14:46.161136"
    },
    {
        "productData": {
            "name": "V Iced Mocha Guarana Energy 500ml",
            "productId": "v-iced-mocha-guarana-energy-500ml",
            "productShopPage": "https://queenstown.store.freshchoice.co.nz/lines/v-iced-mocha-guarana-energy-500ml",
            "productImageURL": "https://dtgxwmigmg3gc.cloudfront.net/imagery/assets/derivations/icon/512/512/true/eyJpZCI6ImNiMDRkODVlZmQ2YjhiZGMxMWU4Zjk5OGEwOTczODg1Iiwic3RvcmFnZSI6InB1YmxpY19zdG9yZSJ9?signature=3e63d4ec34ef65794a07ea00749a785cb88ce90997e6e7d12629c3c0f205de6d",
            "productDescription": ""
        },
        "priceData": {
            "bestPrice": "3.50",
            "price": "3.50"
        },
        "store": {
            "id": "5e7590c56d8e6913580489e5",
            "name": "Queenstown"
        },
        "timestamp": "2021-08-16T18:14:47.480509"
    },
    {
        "productData": {
            "name": "V Energy Drink Sugar Free Guarana Bottle 350ml",
            "productId": "v-energy-drink-sugar-free-guarana-bottle-350ml",
            "productShopPage": "https://queenstown.store.freshchoice.co.nz/lines/v-energy-drink-sugar-free-guarana-bottle-350ml",
            "productImageURL": "https://dtgxwmigmg3gc.cloudfront.net/imagery/assets/derivations/icon/512/512/true/eyJpZCI6IjQzYmZlOTg1YzY2ZGQ0ZDI1YzUyZDk3MGJhMmJhMGM3Iiwic3RvcmFnZSI6InB1YmxpY19zdG9yZSJ9?signature=7a4bb3eb2264f52495ae9ba8fbf21b5a3e59e12c0d6208cfa1591261da333f55",
            "productDescription": ""
        },
        "priceData": {
            "bestPrice": "3.50",
            "price": "3.50",
            "pricePerLitre": 10.0,
            "bestPricePerLitre": 10.0
        },
        "store": {
            "id": "5e7590c56d8e6913580489e5",
            "name": "Queenstown"
        },
        "timestamp": "2021-08-16T18:14:49.776809"
    },
    {
        "productData": {
            "name": "V Raspberry Lemonade Energy Drink 4x275ml",
            "productId": "v-energy-drink-raspberry-lemonade-4-x-275ml-cans",
            "productShopPage": "https://queenstown.store.freshchoice.co.nz/lines/v-energy-drink-raspberry-lemonade-4-x-275ml-cans",
            "productImageURL": "https://dtgxwmigmg3gc.cloudfront.net/imagery/assets/derivations/icon/512/512/true/eyJpZCI6IjQ2MzE5NTc1YTNlNDc2YWFlOWFmYzkzYjg5YTIzZmU3Iiwic3RvcmFnZSI6InB1YmxpY19zdG9yZSJ9?signature=9589191fe8e8372f03cc1eafaa844916cfe9f79df0af381c3fcba9ff575f2803",
            "productDescription": ""
        },
        "priceData": {
            "bestPrice": "7.10",
            "price": "7.10",
            "pricePerLitre": 8.5,
            "bestPricePerLitre": 8.5
        },
        "store": {
            "id": "5e7590c56d8e6913580489e5",
            "name": "Queenstown"
        },
        "timestamp": "2021-08-16T18:14:52.213296"
    },
    {
        "productData": {
            "name": "V Pure Energy Drink Bottle 330ml",
            "productId": "v-pure-330ml-bottle",
            "productShopPage": "https://queenstown.store.freshchoice.co.nz/lines/v-pure-330ml-bottle",
            "productImageURL": "https://dtgxwmigmg3gc.cloudfront.net/imagery/assets/derivations/icon/512/512/true/eyJpZCI6ImFjZmFlNGE1MmQ1ZmNhOTVhN2IyNzdhOGQ3ZTBjNTY0Iiwic3RvcmFnZSI6InB1YmxpY19zdG9yZSJ9?signature=ff03797de044ef70d02854192249a79b3cd819353c7171ef7358378e76bfc089",
            "productDescription": ""
        },
        "priceData": {
            "bestPrice": "3.50",
            "price": "3.50",
            "pricePerLitre": 10.600000000000001,
            "bestPricePerLitre": 10.600000000000001
        },
        "store": {
            "id": "5e7590c56d8e6913580489e5",
            "name": "Queenstown"
        },
        "timestamp": "2021-08-16T18:14:54.232994"
    },
    {
        "productData": {
            "name": "Monster Super Fuel Zero Sugar 550ml",
            "productId": "monster-super-fuel-zero-sugar-550ml",
            "productShopPage": "https://queenstown.store.freshchoice.co.nz/lines/monster-super-fuel-zero-sugar-550ml",
            "productImageURL": "https://dtgxwmigmg3gc.cloudfront.net/imagery/assets/derivations/icon/512/512/true/eyJpZCI6IjRkOTE3NzhmODIxNDI1ZDJjNDg3Yjc0M2YyMzEyYmYxIiwic3RvcmFnZSI6InB1YmxpY19zdG9yZSJ9?signature=4b9dbd15c40f85466e597873c567f989183b284947e8c8dc4df58667789214a2",
            "productDescription": ""
        },
        "priceData": {
            "bestPrice": "3.50",
            "price": "3.50",
            "pricePerLitre": 7.3,
            "bestPricePerLitre": 7.3
        },
        "store": {
            "id": "5e7590c56d8e6913580489e5",
            "name": "Queenstown"
        },
        "timestamp": "2021-08-16T18:14:59.822669"
    },
    {
        "productData": {
            "name": "Monster Mule Ginger Brew 500ml",
            "productId": "monster-mule-ginger-brew-500ml",
            "productShopPage": "https://queenstown.store.freshchoice.co.nz/lines/monster-mule-ginger-brew-500ml",
            "productImageURL": "https://dtgxwmigmg3gc.cloudfront.net/imagery/assets/derivations/icon/512/512/true/eyJpZCI6ImM1OTM5MTIyZTRlNmNhNzk0ODFlMDE4ZWVmMWE2Y2ZlIiwic3RvcmFnZSI6InB1YmxpY19zdG9yZSJ9?signature=5d11287f30ef58c148e37382d61c0d83097d5461683a9aa5dd9456941c1f32e5",
            "productDescription": ""
        },
        "priceData": {
            "bestPrice": "2.50",
            "price": "2.50",
            "pricePerLitre": 6.0,
            "bestPricePerLitre": 6.0
        },
        "store": {
            "id": "5e7590c56d8e6913580489e5",
            "name": "Queenstown"
        },
        "timestamp": "2021-08-16T18:15:00.981428"
    },
    {
        "productData": {
            "name": "Monster Super Fuel Purple Passion 550ml",
            "productId": "monster-super-fuel-purple-passion-550ml",
            "productShopPage": "https://queenstown.store.freshchoice.co.nz/lines/monster-super-fuel-purple-passion-550ml",
            "productImageURL": "https://dtgxwmigmg3gc.cloudfront.net/imagery/assets/derivations/icon/512/512/true/eyJpZCI6IjNkMTY1OTQwMzgyOTZjZjVlMjNlNjBjMDQ3NTE1YWM0Iiwic3RvcmFnZSI6InB1YmxpY19zdG9yZSJ9?signature=4d4ccd77dab941d955a8037242a41833afdc7251d3bd5b5c4b99705770273998",
            "productDescription": ""
        },
        "priceData": {
            "bestPrice": "3.50",
            "price": "3.50",
            "pricePerLitre": 7.3,
            "bestPricePerLitre": 7.3
        },
        "store": {
            "id": "5e7590c56d8e6913580489e5",
            "name": "Queenstown"
        },
        "timestamp": "2021-08-16T18:15:04.085057"
    },
    {
        "productData": {
            "name": "Monster Energy Pipeline Punch 500ml",
            "productId": "monster-energy-pipeline-punch-500ml",
            "productShopPage": "https://queenstown.store.freshchoice.co.nz/lines/monster-energy-pipeline-punch-500ml",
            "productImageURL": "https://dtgxwmigmg3gc.cloudfront.net/imagery/assets/derivations/icon/512/512/true/eyJpZCI6IjM3ZWY2OTY5OWFlNTJlZTRjNTY1ZmFmYWIwOTIxMjg4Iiwic3RvcmFnZSI6InB1YmxpY19zdG9yZSJ9?signature=79ed6699c35bd716a9d5d9457c39ce62c523edaa4059b6b45d4dcc7caf65cef9",
            "productDescription": ""
        },
        "priceData": {
            "bestPrice": "2.50",
            "price": "2.50",
            "pricePerLitre": 6.0,
            "bestPricePerLitre": 6.0
        },
        "store": {
            "id": "5e7590c56d8e6913580489e5",
            "name": "Queenstown"
        },
        "timestamp": "2021-08-16T18:15:05.306120"
    },
    {
        "productData": {
            "name": "Live Plus Energy Drink Citrus Flavour 500ml",
            "productId": "live-plus-persist-500ml",
            "productShopPage": "https://queenstown.store.freshchoice.co.nz/lines/live-plus-persist-500ml",
            "productImageURL": "https://dtgxwmigmg3gc.cloudfront.net/imagery/assets/derivations/icon/512/512/true/eyJpZCI6IjFlNWQ5YzI4OWM1N2UzNmYzZmI2NThlMDQzZTI3ZjE4Iiwic3RvcmFnZSI6InB1YmxpY19zdG9yZSJ9?signature=756b17fefe47174b90e7dbec8cd09db27f9f59f4994bc750b71256ae93ba9fa8",
            "productDescription": ""
        },
        "priceData": {
            "bestPrice": "2.00",
            "price": "2.00",
            "pricePerLitre": 4.0,
            "bestPricePerLitre": 4.0
        },
        "store": {
            "id": "5e7590c56d8e6913580489e5",
            "name": "Queenstown"
        },
        "timestamp": "2021-08-16T18:15:06.611703"
    },
    {
        "productData": {
            "name": "Live Plus Energy Drink Tart Apple Apple Flavour 500ml",
            "productId": "live-plus-ignite-500ml",
            "productShopPage": "https://queenstown.store.freshchoice.co.nz/lines/live-plus-ignite-500ml",
            "productImageURL": "https://dtgxwmigmg3gc.cloudfront.net/imagery/assets/derivations/icon/512/512/true/eyJpZCI6IjViOGViZjhmZTQzYjFlYTMzNDM5YjJjMjg3ZDRmY2YyIiwic3RvcmFnZSI6InB1YmxpY19zdG9yZSJ9?signature=140ae19352cd0dcec7e77f90fa4dfaa9fa17086439f730510afc5d906e1415bf",
            "productDescription": ""
        },
        "priceData": {
            "bestPrice": "2.00",
            "price": "2.00",
            "pricePerLitre": 4.0,
            "bestPricePerLitre": 4.0
        },
        "store": {
            "id": "5e7590c56d8e6913580489e5",
            "name": "Queenstown"
        },
        "timestamp": "2021-08-16T18:15:07.643421"
    },
    {
        "productData": {
            "name": "V Guarana Energy Drink Blue Sugarfree 250ml",
            "productId": "v-blue-sugarfree-energy-drink-250ml",
            "productShopPage": "https://queenstown.store.freshchoice.co.nz/lines/v-blue-sugarfree-energy-drink-250ml",
            "productImageURL": "https://dtgxwmigmg3gc.cloudfront.net/imagery/assets/derivations/icon/512/512/true/eyJpZCI6IjI3YWJiOTVhYjNhMjEwMDU2MWJhMmRhNTM3YjRhZjVmIiwic3RvcmFnZSI6InB1YmxpY19zdG9yZSJ9?signature=66769306ca1d0ba674603954d338186dc999f6d1839090d49fde9416b3252365",
            "productDescription": ""
        },
        "priceData": {
            "bestPrice": "2.20",
            "price": "2.20",
            "pricePerLitre": 8.8,
            "bestPricePerLitre": 8.8
        },
        "store": {
            "id": "5e7590c56d8e6913580489e5",
            "name": "Queenstown"
        },
        "timestamp": "2021-08-16T18:15:09.065791"
    },
    {
        "productData": {
            "name": "Live Plus Energy Drink Original Citrus Flavour 6x250ml",
            "productId": "live-plus-persist-250ml-6pack",
            "productShopPage": "https://queenstown.store.freshchoice.co.nz/lines/live-plus-persist-250ml-6pack",
            "productImageURL": "https://dtgxwmigmg3gc.cloudfront.net/imagery/assets/derivations/icon/512/512/true/eyJpZCI6IjNmODNiNGI4MzI4MzJmNzhjZmJhNDA1OGUyZWFlM2ZhIiwic3RvcmFnZSI6InB1YmxpY19zdG9yZSJ9?signature=0257f943d0c41562773e51cbd42327ad911228832e33494e9c30381e20305337",
            "productDescription": ""
        },
        "priceData": {
            "bestPrice": "7.70",
            "price": "7.70",
            "pricePerLitre": 5.1,
            "bestPricePerLitre": 5.1
        },
        "store": {
            "id": "5e7590c56d8e6913580489e5",
            "name": "Queenstown"
        },
        "timestamp": "2021-08-16T18:15:12.447754"
    },
    {
        "productData": {
            "name": "Rockstar Original Energy Drink 500ml",
            "productId": "rockstar-original-energy-drink-500ml",
            "productShopPage": "https://queenstown.store.freshchoice.co.nz/lines/rockstar-original-energy-drink-500ml",
            "productImageURL": "https://dtgxwmigmg3gc.cloudfront.net/imagery/assets/derivations/icon/512/512/true/eyJpZCI6IjA1ZmRmMjE1MTQ0Zjk0YjgzMDFlNzEyMjQ5OWMzZjNjIiwic3RvcmFnZSI6InB1YmxpY19zdG9yZSJ9?signature=d3b539814d47e6a54c00fa8c8b73164ccb677a65cf673f3532132f7f04c657f5",
            "productDescription": ""
        },
        "priceData": {
            "bestPrice": "2.00",
            "price": "2.00",
            "pricePerLitre": 4.0,
            "bestPricePerLitre": 4.0
        },
        "store": {
            "id": "5e7590c56d8e6913580489e5",
            "name": "Queenstown"
        },
        "timestamp": "2021-08-16T18:15:15.470141"
    },
    {
        "productData": {
            "name": "Rockstar Punched Energy Guava 500ml",
            "productId": "rockstar-punched-energy-guava-500ml",
            "productShopPage": "https://queenstown.store.freshchoice.co.nz/lines/rockstar-punched-energy-guava-500ml",
            "productImageURL": "https://dtgxwmigmg3gc.cloudfront.net/imagery/assets/derivations/icon/512/512/true/eyJpZCI6IjBmNGEyNjU2MGQwM2Y4OGI4MWE3ZTMyODUzYTRlN2QyIiwic3RvcmFnZSI6InB1YmxpY19zdG9yZSJ9?signature=fab45ac774e74d87cf7a79de075f47290676fd6d4afcf212198c745670d5ce29",
            "productDescription": ""
        },
        "priceData": {
            "bestPrice": "2.00",
            "price": "2.00",
            "pricePerLitre": 4.0,
            "bestPricePerLitre": 4.0
        },
        "store": {
            "id": "5e7590c56d8e6913580489e5",
            "name": "Queenstown"
        },
        "timestamp": "2021-08-16T18:15:16.801138"
    },
    {
        "productData": {
            "name": "Rockstar Energy Drink Blueberry Can 500ml",
            "productId": "rockstar-energy-drink-xdurance-blueberry-can-500ml",
            "productShopPage": "https://queenstown.store.freshchoice.co.nz/lines/rockstar-energy-drink-xdurance-blueberry-can-500ml",
            "productImageURL": "https://dtgxwmigmg3gc.cloudfront.net/imagery/assets/derivations/icon/512/512/true/eyJpZCI6IjY1MTQ4NjBlZDIwNjhlNzI5ZmRhZGMxOTM0ODQyYWU3Iiwic3RvcmFnZSI6InB1YmxpY19zdG9yZSJ9?signature=1eec52fc35535ecd0973dd7428b24690138b0ff6988229d86ccc26bfb1bbfd24",
            "productDescription": ""
        },
        "priceData": {
            "bestPrice": "2.00",
            "price": "2.00",
            "pricePerLitre": 4.0,
            "bestPricePerLitre": 4.0
        },
        "store": {
            "id": "5e7590c56d8e6913580489e5",
            "name": "Queenstown"
        },
        "timestamp": "2021-08-16T18:15:18.877721"
    },
    {
        "productData": {
            "name": "Monster Energy Ultra Paradise 500ml",
            "productId": "monster-energy-drink-ultra-paradise-500ml",
            "productShopPage": "https://richmond.store.freshchoice.co.nz/lines/monster-energy-drink-ultra-paradise-500ml",
            "productImageURL": "https://dtgxwmigmg3gc.cloudfront.net/imagery/assets/derivations/icon/512/512/true/eyJpZCI6ImZiZDRkZTQxNzA0M2FiYTUyMjMwZWI0NTcyZGNmYTE1Iiwic3RvcmFnZSI6InB1YmxpY19zdG9yZSJ9?signature=8a439bf26b71114289dfea1720ed331b1e4784c534deade29db8ac38b1cc7c1a",
            "productDescription": ""
        },
        "priceData": {
            "bestPrice": "2.50",
            "price": "2.50",
            "pricePerLitre": 6.0,
            "bestPricePerLitre": 6.0
        },
        "store": {
            "id": "5cf09ec342cdd7353602d39a",
            "name": "Richmond"
        },
        "timestamp": "2021-08-16T18:15:22.993650"
    },
    {
        "productData": {
            "name": "Monster Energy Drink Ultra Rosa 500ml",
            "productId": "monster-energy-drink-ultra-rosa-500ml",
            "productShopPage": "https://richmond.store.freshchoice.co.nz/lines/monster-energy-drink-ultra-rosa-500ml",
            "productImageURL": "https://dtgxwmigmg3gc.cloudfront.net/imagery/assets/derivations/icon/512/512/true/eyJpZCI6IjZjYzFjMzcwYzM4Mzk4N2MyOTUzNWIyMTFjZTJlYjgxIiwic3RvcmFnZSI6InB1YmxpY19zdG9yZSJ9?signature=9cd08284785f9b24647ecc7d1dc08214d9d00318cc809bebdef1921d6b78bb95",
            "productDescription": ""
        },
        "priceData": {
            "bestPrice": "2.50",
            "price": "2.50",
            "pricePerLitre": 6.0,
            "bestPricePerLitre": 6.0
        },
        "store": {
            "id": "5cf09ec342cdd7353602d39a",
            "name": "Richmond"
        },
        "timestamp": "2021-08-16T18:15:27.218838"
    },
    {
        "productData": {
            "name": "Mother Tropical Blast 500ml",
            "productId": "mother-tropical-blast-500ml",
            "productShopPage": "https://richmond.store.freshchoice.co.nz/lines/mother-tropical-blast-500ml",
            "productImageURL": "https://dtgxwmigmg3gc.cloudfront.net/imagery/assets/derivations/icon/512/512/true/eyJpZCI6ImEyZmM1OTUwNDhlODM5YTRhMjQ2MTI1OGEyYzNlZWZhIiwic3RvcmFnZSI6InB1YmxpY19zdG9yZSJ9?signature=6c9470ee4067e8ec32b58eeac9d628404d3986058a9b1cdef46014d1bee50944",
            "productDescription": ""
        },
        "priceData": {
            "bestPrice": "2.00",
            "price": "2.00",
            "pricePerLitre": 4.0,
            "bestPricePerLitre": 4.0
        },
        "store": {
            "id": "5cf09ec342cdd7353602d39a",
            "name": "Richmond"
        },
        "timestamp": "2021-08-16T18:15:34.614455"
    },
    {
        "productData": {
            "name": "Mother Can Energy 250ml",
            "productId": "mother-can-energy-250ml",
            "productShopPage": "https://richmond.store.freshchoice.co.nz/lines/mother-can-energy-250ml",
            "productImageURL": "https://dtgxwmigmg3gc.cloudfront.net/imagery/assets/derivations/icon/512/512/true/eyJpZCI6IjVhOTg3YmMxMjJjMGU2MTcxY2VhNzRjMmY0YzdmNDc2Iiwic3RvcmFnZSI6InB1YmxpY19zdG9yZSJ9?signature=b86ce206a3fb5a708e03da17f785e4d2d6e9436aae122f10ca04f56e5325a61f",
            "productDescription": ""
        },
        "priceData": {
            "bestPrice": "2.21",
            "price": "2.21"
        },
        "store": {
            "id": "5cf09ec342cdd7353602d39a",
            "name": "Richmond"
        },
        "timestamp": "2021-08-16T18:15:35.633053"
    },
    {
        "productData": {
            "name": "V Blue Sugarfree Energy Drink 500ml",
            "productId": "v-blue-sugarfree-energy-drink-500ml",
            "productShopPage": "https://richmond.store.freshchoice.co.nz/lines/v-blue-sugarfree-energy-drink-500ml",
            "productImageURL": "https://dtgxwmigmg3gc.cloudfront.net/imagery/assets/derivations/icon/512/512/true/eyJpZCI6ImVmYjQyOWRmM2JjZjc3NTY1ZDIwMTEyNTY0MDdmZjA1Iiwic3RvcmFnZSI6InB1YmxpY19zdG9yZSJ9?signature=2911d59474d8305039a3be3bef0f887c38d9ab84596314b13cc4b150101175ab",
            "productDescription": ""
        },
        "priceData": {
            "bestPrice": "3.50",
            "price": "3.50",
            "pricePerLitre": 7.0,
            "bestPricePerLitre": 7.0
        },
        "store": {
            "id": "5cf09ec342cdd7353602d39a",
            "name": "Richmond"
        },
        "timestamp": "2021-08-16T18:15:54.375429"
    },
    {
        "productData": {
            "name": "V Raspberry Lemonade Energy Drink 500ml",
            "productId": "v-energy-drink-raspberry-lemonade-500ml-can",
            "productShopPage": "https://richmond.store.freshchoice.co.nz/lines/v-energy-drink-raspberry-lemonade-500ml-can",
            "productImageURL": "https://dtgxwmigmg3gc.cloudfront.net/imagery/assets/derivations/icon/512/512/true/eyJpZCI6ImE3N2Y5NzBmY2FhOWZhYmZiOTc3MmYyMzE4MGRiOTcxIiwic3RvcmFnZSI6InB1YmxpY19zdG9yZSJ9?signature=2bb7890fe6d7b0c0c6a522be31c78077be0aa570ca4c8aa5549ccf80761262dc",
            "productDescription": ""
        },
        "priceData": {
            "bestPrice": "3.50",
            "price": "3.50",
            "pricePerLitre": 7.0,
            "bestPricePerLitre": 7.0
        },
        "store": {
            "id": "5cf09ec342cdd7353602d39a",
            "name": "Richmond"
        },
        "timestamp": "2021-08-16T18:15:55.571363"
    },
    {
        "productData": {
            "name": "V Sugarfree Energy Drink Berry Twist 350ml",
            "productId": "v-sugarfree-energy-drink-berry-twist-350ml",
            "productShopPage": "https://richmond.store.freshchoice.co.nz/lines/v-sugarfree-energy-drink-berry-twist-350ml",
            "productImageURL": "https://dtgxwmigmg3gc.cloudfront.net/imagery/assets/derivations/icon/512/512/true/eyJpZCI6IjMxY2RlOWU3MTE1YTA4ZGRhYzFiODM0NjQ4NDFmOTM5Iiwic3RvcmFnZSI6InB1YmxpY19zdG9yZSJ9?signature=055982afa93dd6614e2f3de353af4c76a52ab79cac4e2b4660a75933fb1bc9a4",
            "productDescription": ""
        },
        "priceData": {
            "bestPrice": "3.50",
            "price": "3.50",
            "pricePerLitre": 10.0,
            "bestPricePerLitre": 10.0
        },
        "store": {
            "id": "5cf09ec342cdd7353602d39a",
            "name": "Richmond"
        },
        "timestamp": "2021-08-16T18:15:56.783557"
    },
    {
        "productData": {
            "name": "Monster Mule Ginger Brew 500ml",
            "productId": "monster-mule-ginger-brew-500ml",
            "productShopPage": "https://richmond.store.freshchoice.co.nz/lines/monster-mule-ginger-brew-500ml",
            "productImageURL": "https://dtgxwmigmg3gc.cloudfront.net/imagery/assets/derivations/icon/512/512/true/eyJpZCI6ImM1OTM5MTIyZTRlNmNhNzk0ODFlMDE4ZWVmMWE2Y2ZlIiwic3RvcmFnZSI6InB1YmxpY19zdG9yZSJ9?signature=5d11287f30ef58c148e37382d61c0d83097d5461683a9aa5dd9456941c1f32e5",
            "productDescription": ""
        },
        "priceData": {
            "bestPrice": "2.50",
            "price": "2.50",
            "pricePerLitre": 6.0,
            "bestPricePerLitre": 6.0
        },
        "store": {
            "id": "5cf09ec342cdd7353602d39a",
            "name": "Richmond"
        },
        "timestamp": "2021-08-16T18:16:14.941175"
    },
    {
        "productData": {
            "name": "Monster Super Fuel Purple Passion 550ml",
            "productId": "monster-super-fuel-purple-passion-550ml",
            "productShopPage": "https://richmond.store.freshchoice.co.nz/lines/monster-super-fuel-purple-passion-550ml",
            "productImageURL": "https://dtgxwmigmg3gc.cloudfront.net/imagery/assets/derivations/icon/512/512/true/eyJpZCI6IjNkMTY1OTQwMzgyOTZjZjVlMjNlNjBjMDQ3NTE1YWM0Iiwic3RvcmFnZSI6InB1YmxpY19zdG9yZSJ9?signature=4d4ccd77dab941d955a8037242a41833afdc7251d3bd5b5c4b99705770273998",
            "productDescription": ""
        },
        "priceData": {
            "bestPrice": "3.50",
            "price": "3.50",
            "pricePerLitre": 7.3,
            "bestPricePerLitre": 7.3
        },
        "store": {
            "id": "5cf09ec342cdd7353602d39a",
            "name": "Richmond"
        },
        "timestamp": "2021-08-16T18:16:18.263072"
    },
    {
        "productData": {
            "name": "Live Plus Energy Drink Ignite 500ml",
            "productId": "live-plus-ignite-500ml",
            "productShopPage": "https://richmond.store.freshchoice.co.nz/lines/live-plus-ignite-500ml",
            "productImageURL": "https://dtgxwmigmg3gc.cloudfront.net/imagery/assets/derivations/icon/512/512/true/eyJpZCI6IjFkZThlMTA5NjUyNTgxZDc2ZDhiOWIxNjljYmVlOWVlIiwic3RvcmFnZSI6InB1YmxpY19zdG9yZSJ9?signature=5f73a57660afbef58a992f8c1d00558e127ddc20b4879ea1a95f2f74f8de2c57",
            "productDescription": ""
        },
        "priceData": {
            "bestPrice": "2.00",
            "price": "2.00",
            "pricePerLitre": 4.0,
            "bestPricePerLitre": 4.0
        },
        "store": {
            "id": "5cf09ec342cdd7353602d39a",
            "name": "Richmond"
        },
        "timestamp": "2021-08-16T18:16:21.750684"
    },
    {
        "productData": {
            "name": "V Guarana Energy Drink Blue Sugarfree 250ml",
            "productId": "v-blue-sugarfree-energy-drink-250ml",
            "productShopPage": "https://richmond.store.freshchoice.co.nz/lines/v-blue-sugarfree-energy-drink-250ml",
            "productImageURL": "https://dtgxwmigmg3gc.cloudfront.net/imagery/assets/derivations/icon/512/512/true/eyJpZCI6IjI3YWJiOTVhYjNhMjEwMDU2MWJhMmRhNTM3YjRhZjVmIiwic3RvcmFnZSI6InB1YmxpY19zdG9yZSJ9?signature=66769306ca1d0ba674603954d338186dc999f6d1839090d49fde9416b3252365",
            "productDescription": ""
        },
        "priceData": {
            "bestPrice": "2.20",
            "price": "2.20",
            "pricePerLitre": 8.8,
            "bestPricePerLitre": 8.8
        },
        "store": {
            "id": "5cf09ec342cdd7353602d39a",
            "name": "Richmond"
        },
        "timestamp": "2021-08-16T18:16:22.807763"
    },
    {
        "productData": {
            "name": "Mother Kicked Apple 500ml",
            "productId": "mother-kicked-apple-500ml",
            "productShopPage": "https://roslyn.store.freshchoice.co.nz/lines/mother-kicked-apple-500ml",
            "productImageURL": "https://dtgxwmigmg3gc.cloudfront.net/imagery/assets/derivations/icon/512/512/true/eyJpZCI6IjNhZTlkYjkwYTM4MDFjMGEwYjUwYThhMDAwYjkyZjM0Iiwic3RvcmFnZSI6InB1YmxpY19zdG9yZSJ9?signature=c1a1db0a5d7b074c388cf08560fd44a4a2b6127821554198e54eeea8474325f6",
            "productDescription": ""
        },
        "priceData": {
            "bestPrice": "2.00",
            "price": "2.00",
            "pricePerLitre": 4.0,
            "bestPricePerLitre": 4.0
        },
        "store": {
            "id": "5e758ead04015f69bc00df1a",
            "name": "Roslyn"
        },
        "timestamp": "2021-08-16T18:16:33.459047"
    },
    {
        "productData": {
            "name": "Monster Energy Ultra Paradise 500ml",
            "productId": "monster-energy-drink-ultra-paradise-500ml",
            "productShopPage": "https://roslyn.store.freshchoice.co.nz/lines/monster-energy-drink-ultra-paradise-500ml",
            "productImageURL": "https://dtgxwmigmg3gc.cloudfront.net/imagery/assets/derivations/icon/512/512/true/eyJpZCI6ImZiZDRkZTQxNzA0M2FiYTUyMjMwZWI0NTcyZGNmYTE1Iiwic3RvcmFnZSI6InB1YmxpY19zdG9yZSJ9?signature=8a439bf26b71114289dfea1720ed331b1e4784c534deade29db8ac38b1cc7c1a",
            "productDescription": ""
        },
        "priceData": {
            "bestPrice": "2.50",
            "price": "2.50",
            "pricePerLitre": 6.0,
            "bestPricePerLitre": 6.0
        },
        "store": {
            "id": "5e758ead04015f69bc00df1a",
            "name": "Roslyn"
        },
        "timestamp": "2021-08-16T18:16:36.278839"
    },
    {
        "productData": {
            "name": "Monster Energy Ultra Sunrise 500ml",
            "productId": "monster-energy-ultra-sunrise-500ml",
            "productShopPage": "https://roslyn.store.freshchoice.co.nz/lines/monster-energy-ultra-sunrise-500ml",
            "productImageURL": "https://dtgxwmigmg3gc.cloudfront.net/imagery/assets/derivations/icon/512/512/true/eyJpZCI6ImFlNTVkY2RiZTZiZjg3OGZjZTdlOTU1OTFhMDE4YTdiIiwic3RvcmFnZSI6InB1YmxpY19zdG9yZSJ9?signature=b98350feca08b6ab128cc925fef23a58f65a36f94ede15cb2174f6f88a0f8a0f",
            "productDescription": ""
        },
        "priceData": {
            "bestPrice": "2.50",
            "price": "2.50",
            "pricePerLitre": 6.0,
            "bestPricePerLitre": 6.0
        },
        "store": {
            "id": "5e758ead04015f69bc00df1a",
            "name": "Roslyn"
        },
        "timestamp": "2021-08-16T18:16:37.425446"
    },
    {
        "productData": {
            "name": "Monster Energy Ultra Zero 500ml",
            "productId": "monster-energy-ultra-zero-500ml",
            "productShopPage": "https://roslyn.store.freshchoice.co.nz/lines/monster-energy-ultra-zero-500ml",
            "productImageURL": "https://dtgxwmigmg3gc.cloudfront.net/imagery/assets/derivations/icon/512/512/true/eyJpZCI6IjdhN2FhYTUwZWU2NTYwYjBiNGY1NThhMTgwNmVlODI3Iiwic3RvcmFnZSI6InB1YmxpY19zdG9yZSJ9?signature=7907c49ba7d043175a426f84a71776de7dd51fa5c249237063aca9cb098abdbe",
            "productDescription": ""
        },
        "priceData": {
            "bestPrice": "2.50",
            "price": "2.50",
            "pricePerLitre": 6.0,
            "bestPricePerLitre": 6.0
        },
        "store": {
            "id": "5e758ead04015f69bc00df1a",
            "name": "Roslyn"
        },
        "timestamp": "2021-08-16T18:16:38.369087"
    },
    {
        "productData": {
            "name": "Monster Energy Drink Ultra Rosa 500ml",
            "productId": "monster-energy-drink-ultra-rosa-500ml",
            "productShopPage": "https://roslyn.store.freshchoice.co.nz/lines/monster-energy-drink-ultra-rosa-500ml",
            "productImageURL": "https://dtgxwmigmg3gc.cloudfront.net/imagery/assets/derivations/icon/512/512/true/eyJpZCI6IjZjYzFjMzcwYzM4Mzk4N2MyOTUzNWIyMTFjZTJlYjgxIiwic3RvcmFnZSI6InB1YmxpY19zdG9yZSJ9?signature=9cd08284785f9b24647ecc7d1dc08214d9d00318cc809bebdef1921d6b78bb95",
            "productDescription": ""
        },
        "priceData": {
            "bestPrice": "2.50",
            "price": "2.50",
            "pricePerLitre": 6.0,
            "bestPricePerLitre": 6.0
        },
        "store": {
            "id": "5e758ead04015f69bc00df1a",
            "name": "Roslyn"
        },
        "timestamp": "2021-08-16T18:16:40.424772"
    },
    {
        "productData": {
            "name": "Mother Energy Drink Berry 500ml",
            "productId": "mother-energy-drink-berry-500ml",
            "productShopPage": "https://roslyn.store.freshchoice.co.nz/lines/mother-energy-drink-berry-500ml",
            "productImageURL": "https://dtgxwmigmg3gc.cloudfront.net/imagery/assets/derivations/icon/512/512/true/eyJpZCI6ImRhYTJlNjUzNzRjZjViNjI0ZDljNzUzNDA3YmE0ZDFkIiwic3RvcmFnZSI6InB1YmxpY19zdG9yZSJ9?signature=d9ffb465d71d599811c2ff7a788845bfe297eb3624ad7866a89cf0b3ece073f0",
            "productDescription": ""
        },
        "priceData": {
            "bestPrice": "2.00",
            "price": "2.00",
            "pricePerLitre": 4.0,
            "bestPricePerLitre": 4.0
        },
        "store": {
            "id": "5e758ead04015f69bc00df1a",
            "name": "Roslyn"
        },
        "timestamp": "2021-08-16T18:16:43.343030"
    },
    {
        "productData": {
            "name": "Mother Energy Drink Black 500ml",
            "productId": "mother-energy-drink-black-500ml",
            "productShopPage": "https://roslyn.store.freshchoice.co.nz/lines/mother-energy-drink-black-500ml",
            "productImageURL": "https://dtgxwmigmg3gc.cloudfront.net/imagery/assets/derivations/icon/512/512/true/eyJpZCI6ImYyMzA5MjhkYjg3ODFhYmYzZDU3ZjE1YjNmYzU2MWFjIiwic3RvcmFnZSI6InB1YmxpY19zdG9yZSJ9?signature=d3dbddb83d3d457075cd5d8936bef0c5b48fce4fa3fe725995d8b6d57219ceb5",
            "productDescription": ""
        },
        "priceData": {
            "bestPrice": "2.00",
            "price": "2.00",
            "pricePerLitre": 4.0,
            "bestPricePerLitre": 4.0
        },
        "store": {
            "id": "5e758ead04015f69bc00df1a",
            "name": "Roslyn"
        },
        "timestamp": "2021-08-16T18:16:44.376959"
    },
    {
        "productData": {
            "name": "Mother Energy Drink Passion 500ml",
            "productId": "mother-energy-drink-passion-500ml",
            "productShopPage": "https://roslyn.store.freshchoice.co.nz/lines/mother-energy-drink-passion-500ml",
            "productImageURL": "https://dtgxwmigmg3gc.cloudfront.net/imagery/assets/derivations/icon/512/512/true/eyJpZCI6ImQwODE2YTc4ZjBmNGU4NTU5Mzg1YjkxZmI5YjIzZjM0Iiwic3RvcmFnZSI6InB1YmxpY19zdG9yZSJ9?signature=713c495fef96a6427b917f0c7c7e855a963749ac5c1bf7dfd71e24ae08ea3123",
            "productDescription": ""
        },
        "priceData": {
            "bestPrice": "2.00",
            "price": "2.00",
            "pricePerLitre": 4.0,
            "bestPricePerLitre": 4.0
        },
        "store": {
            "id": "5e758ead04015f69bc00df1a",
            "name": "Roslyn"
        },
        "timestamp": "2021-08-16T18:16:46.480190"
    },
    {
        "productData": {
            "name": "Mother Tropical Blast 500ml",
            "productId": "mother-tropical-blast-500ml",
            "productShopPage": "https://roslyn.store.freshchoice.co.nz/lines/mother-tropical-blast-500ml",
            "productImageURL": "https://dtgxwmigmg3gc.cloudfront.net/imagery/assets/derivations/icon/512/512/true/eyJpZCI6ImEyZmM1OTUwNDhlODM5YTRhMjQ2MTI1OGEyYzNlZWZhIiwic3RvcmFnZSI6InB1YmxpY19zdG9yZSJ9?signature=6c9470ee4067e8ec32b58eeac9d628404d3986058a9b1cdef46014d1bee50944",
            "productDescription": ""
        },
        "priceData": {
            "bestPrice": "2.00",
            "price": "2.00",
            "pricePerLitre": 4.0,
            "bestPricePerLitre": 4.0
        },
        "store": {
            "id": "5e758ead04015f69bc00df1a",
            "name": "Roslyn"
        },
        "timestamp": "2021-08-16T18:16:47.476519"
    },
    {
        "productData": {
            "name": "Mother Epic Swell Energy Drink Twisted Apple 500ml",
            "productId": "mother-epic-swell-energy-drink-twisted-apple-500ml",
            "productShopPage": "https://roslyn.store.freshchoice.co.nz/lines/mother-epic-swell-energy-drink-twisted-apple-500ml",
            "productImageURL": "https://dtgxwmigmg3gc.cloudfront.net/imagery/assets/derivations/icon/512/512/true/eyJpZCI6ImE2ZjYxOGNhNjUyYzMxNzRhNjg2MDBhMGVjZmQ3MmJkIiwic3RvcmFnZSI6InB1YmxpY19zdG9yZSJ9?signature=954f74f8aba0fb24cb2a5248b1e93fe8a62fb8c7f902abbb08b7aed24bc44c80",
            "productDescription": ""
        },
        "priceData": {
            "bestPrice": "2.00",
            "price": "2.00",
            "pricePerLitre": 4.0,
            "bestPricePerLitre": 4.0
        },
        "store": {
            "id": "5e758ead04015f69bc00df1a",
            "name": "Roslyn"
        },
        "timestamp": "2021-08-16T18:16:49.594978"
    },
    {
        "productData": {
            "name": "V Energy Drink 710ml Can",
            "productId": "v-energy-drink-710ml-can",
            "productShopPage": "https://roslyn.store.freshchoice.co.nz/lines/v-energy-drink-710ml-can",
            "productImageURL": "https://dtgxwmigmg3gc.cloudfront.net/imagery/assets/derivations/icon/512/512/true/eyJpZCI6ImU1Mjg5NDIyNDI0MzhlNGM0N2IxY2FmMmExOWQ0OGI0Iiwic3RvcmFnZSI6InB1YmxpY19zdG9yZSJ9?signature=875386458f8ad66eb59967a1ca6ad24a19d1592f97a894e439af7d9be1852340",
            "productDescription": ""
        },
        "priceData": {
            "bestPrice": "3.20",
            "price": "3.20",
            "pricePerLitre": 5.6000000000000005,
            "bestPricePerLitre": 5.6000000000000005
        },
        "store": {
            "id": "5e758ead04015f69bc00df1a",
            "name": "Roslyn"
        },
        "timestamp": "2021-08-16T18:16:52.158041"
    },
    {
        "productData": {
            "name": "V Energy Drink Guarana 500ml",
            "productId": "v-energy-drink-guarana-500ml",
            "productShopPage": "https://roslyn.store.freshchoice.co.nz/lines/v-energy-drink-guarana-500ml",
            "productImageURL": "https://dtgxwmigmg3gc.cloudfront.net/imagery/assets/derivations/icon/512/512/true/eyJpZCI6IjgzZDAxMjhiMzg4NmEwZmE4YTE2ZjY2NWIzNmM2NzI2Iiwic3RvcmFnZSI6InB1YmxpY19zdG9yZSJ9?signature=f55ecc561066291a4e74a967db35ea2355f881bd1708bf400fd790032384ae4f",
            "productDescription": ""
        },
        "priceData": {
            "bestPrice": "2.50",
            "price": "2.50",
            "pricePerLitre": 7.6,
            "bestPricePerLitre": 7.6
        },
        "store": {
            "id": "5e758ead04015f69bc00df1a",
            "name": "Roslyn"
        },
        "timestamp": "2021-08-16T18:16:53.241716"
    },
    {
        "productData": {
            "name": "V Energy Drink Sugarfree 500ml",
            "productId": "v-energy-drink-sugarfree-500ml",
            "productShopPage": "https://roslyn.store.freshchoice.co.nz/lines/v-energy-drink-sugarfree-500ml",
            "productImageURL": "https://dtgxwmigmg3gc.cloudfront.net/imagery/assets/derivations/icon/512/512/true/eyJpZCI6ImVkZTAxNTNmMDI1NmU1NDZjNWQ5MTc3MjE3ZTQ3YTQ0Iiwic3RvcmFnZSI6InB1YmxpY19zdG9yZSJ9?signature=abcf72d9faa9ee3044eaa3b7ee0bf9b4fd8f582379018d8727f2234b7d3f3c85",
            "productDescription": ""
        },
        "priceData": {
            "bestPrice": "2.50",
            "price": "2.50",
            "pricePerLitre": 7.6,
            "bestPricePerLitre": 7.6
        },
        "store": {
            "id": "5e758ead04015f69bc00df1a",
            "name": "Roslyn"
        },
        "timestamp": "2021-08-16T18:16:54.254997"
    },
    {
        "productData": {
            "name": "V Energy Drink Sugar Free Guarana 250ml",
            "productId": "v-energy-drink-sugar-free-guarana-250ml",
            "productShopPage": "https://roslyn.store.freshchoice.co.nz/lines/v-energy-drink-sugar-free-guarana-250ml",
            "productImageURL": "https://dtgxwmigmg3gc.cloudfront.net/imagery/assets/derivations/icon/512/512/true/eyJpZCI6ImZiNzM1NmU4NTMyZDllODlkZTljZmNlOGY2MzQ5NGQwIiwic3RvcmFnZSI6InB1YmxpY19zdG9yZSJ9?signature=72b0ce0a48ca796717c115fe5e8b4564501470f63bf80ae865d26e9d131a2b8c",
            "productDescription": ""
        },
        "priceData": {
            "bestPrice": "2.20",
            "price": "2.20",
            "pricePerLitre": 8.8,
            "bestPricePerLitre": 8.8
        },
        "store": {
            "id": "5e758ead04015f69bc00df1a",
            "name": "Roslyn"
        },
        "timestamp": "2021-08-16T18:16:55.280691"
    },
    {
        "productData": {
            "name": "V Energy Drink Blue Guarana Spritzed 350ml",
            "productId": "v-blue-energy-drink-blue-guarana-spritzed-350ml",
            "productShopPage": "https://roslyn.store.freshchoice.co.nz/lines/v-blue-energy-drink-blue-guarana-spritzed-350ml",
            "productImageURL": "https://dtgxwmigmg3gc.cloudfront.net/imagery/assets/derivations/icon/512/512/true/eyJpZCI6ImY2OTRlZGI4NjdlNWMzZDM5NzgzMDQ0ODFkMzUxZGZiIiwic3RvcmFnZSI6InB1YmxpY19zdG9yZSJ9?signature=591b3079cb9c2407a29b3bc348eaf42dc1d34daba5c9d7aba65be654725b6719",
            "productDescription": ""
        },
        "priceData": {
            "bestPrice": "3.50",
            "price": "3.50",
            "pricePerLitre": 10.0,
            "bestPricePerLitre": 10.0
        },
        "store": {
            "id": "5e758ead04015f69bc00df1a",
            "name": "Roslyn"
        },
        "timestamp": "2021-08-16T18:16:57.176788"
    },
    {
        "productData": {
            "name": "V Energy Drink Green Guarana 350ml",
            "productId": "v-energy-drink-green-guarana-350ml",
            "productShopPage": "https://roslyn.store.freshchoice.co.nz/lines/v-energy-drink-green-guarana-350ml",
            "productImageURL": "https://dtgxwmigmg3gc.cloudfront.net/imagery/assets/derivations/icon/512/512/true/eyJpZCI6IjRiNjY4ZjYxOTQ2ODYyN2MzM2NiZWMyNGUyNmIyODk4Iiwic3RvcmFnZSI6InB1YmxpY19zdG9yZSJ9?signature=4cded9cb42349eef45a593461f311b1bb7fa881295733879671ad9fe9887d30c",
            "productDescription": ""
        },
        "priceData": {
            "bestPrice": "3.50",
            "price": "3.50",
            "pricePerLitre": 10.0,
            "bestPricePerLitre": 10.0
        },
        "store": {
            "id": "5e758ead04015f69bc00df1a",
            "name": "Roslyn"
        },
        "timestamp": "2021-08-16T18:16:58.426292"
    },
    {
        "productData": {
            "name": "V Energy Drink Guarana Can 250ml",
            "productId": "v-energy-drink-guarana-can-250ml",
            "productShopPage": "https://roslyn.store.freshchoice.co.nz/lines/v-energy-drink-guarana-can-250ml",
            "productImageURL": "https://dtgxwmigmg3gc.cloudfront.net/imagery/assets/derivations/icon/512/512/true/eyJpZCI6Ijc3Nzk1NjE2ZDhhNmFiMThhYzEzODYzOTg2ZmNkNzgwIiwic3RvcmFnZSI6InB1YmxpY19zdG9yZSJ9?signature=f5de1854d43e19cc62bff86893d4a55615cd916f8425a4dccd170b52eba81255",
            "productDescription": ""
        },
        "priceData": {
            "bestPrice": "2.20",
            "price": "2.20",
            "pricePerLitre": 8.8,
            "bestPricePerLitre": 8.8
        },
        "store": {
            "id": "5e758ead04015f69bc00df1a",
            "name": "Roslyn"
        },
        "timestamp": "2021-08-16T18:16:59.552983"
    },
    {
        "productData": {
            "name": "V Energy Drink Guarana Can 500ml",
            "productId": "v-energy-drink-guarana-can-500ml",
            "productShopPage": "https://roslyn.store.freshchoice.co.nz/lines/v-energy-drink-guarana-can-500ml",
            "productImageURL": "https://dtgxwmigmg3gc.cloudfront.net/imagery/assets/derivations/icon/512/512/true/eyJpZCI6ImI0NjgzNGZjNDRkMjU0MjgzYzJjZGNhMzA2NWIxYjA5Iiwic3RvcmFnZSI6InB1YmxpY19zdG9yZSJ9?signature=265e8273409849423466e7623cbbdf8352940707b8830803eec391e8f32c9c5f",
            "productDescription": ""
        },
        "priceData": {
            "bestPrice": "3.50",
            "price": "3.50",
            "pricePerLitre": 7.0,
            "bestPricePerLitre": 7.0
        },
        "store": {
            "id": "5e758ead04015f69bc00df1a",
            "name": "Roslyn"
        },
        "timestamp": "2021-08-16T18:17:00.708400"
    },
    {
        "productData": {
            "name": "V Energy Drink Raspberry Lemonade 350ml",
            "productId": "v-energy-drink-raspberry-lemonade-350ml",
            "productShopPage": "https://roslyn.store.freshchoice.co.nz/lines/v-energy-drink-raspberry-lemonade-350ml",
            "productImageURL": "https://dtgxwmigmg3gc.cloudfront.net/imagery/assets/derivations/icon/512/512/true/eyJpZCI6IjliNWMwMGJkN2IxYWRhY2UxNzU5NzY1ZTI4MjUzZDgyIiwic3RvcmFnZSI6InB1YmxpY19zdG9yZSJ9?signature=1813e587f3636e394a15aa9e19234f9343024a6880220b0dda0a5d69b1f1c010",
            "productDescription": ""
        },
        "priceData": {
            "bestPrice": "3.50",
            "price": "3.50",
            "pricePerLitre": 10.0,
            "bestPricePerLitre": 10.0
        },
        "store": {
            "id": "5e758ead04015f69bc00df1a",
            "name": "Roslyn"
        },
        "timestamp": "2021-08-16T18:17:02.767166"
    },
    {
        "productData": {
            "name": "V Energy Drink Sugar Free Guarana 500ml",
            "productId": "v-energy-drink-sugar-free-guarana-500ml",
            "productShopPage": "https://roslyn.store.freshchoice.co.nz/lines/v-energy-drink-sugar-free-guarana-500ml",
            "productImageURL": "https://dtgxwmigmg3gc.cloudfront.net/imagery/assets/derivations/icon/512/512/true/eyJpZCI6Ijg4MGExMDYxOTY4NTJiYzM1ZTExMmU2MGE2OWYxNDE3Iiwic3RvcmFnZSI6InB1YmxpY19zdG9yZSJ9?signature=b0536d25b9da8158705e24c88e21fabbf85c1dabc19f18108c386e956ffd7045",
            "productDescription": ""
        },
        "priceData": {
            "bestPrice": "3.50",
            "price": "3.50",
            "pricePerLitre": 7.0,
            "bestPricePerLitre": 7.0
        },
        "store": {
            "id": "5e758ead04015f69bc00df1a",
            "name": "Roslyn"
        },
        "timestamp": "2021-08-16T18:17:03.833031"
    },
    {
        "productData": {
            "name": "V Blue Energy Drink Bottle 500ml",
            "productId": "v-blue-energy-drink-bottle-500ml",
            "productShopPage": "https://roslyn.store.freshchoice.co.nz/lines/v-blue-energy-drink-bottle-500ml",
            "productImageURL": "https://dtgxwmigmg3gc.cloudfront.net/imagery/assets/derivations/icon/512/512/true/eyJpZCI6IjgyYWYxYWY4MGI4MzUxODhiYmVhZGVhM2U2NzY0MzI5Iiwic3RvcmFnZSI6InB1YmxpY19zdG9yZSJ9?signature=7e70fc576864a528a1431734d680cbf177a11b419a692dbfd34800c31b8944ec",
            "productDescription": ""
        },
        "priceData": {
            "bestPrice": "2.50",
            "price": "2.50",
            "pricePerLitre": 7.6,
            "bestPricePerLitre": 7.6
        },
        "store": {
            "id": "5e758ead04015f69bc00df1a",
            "name": "Roslyn"
        },
        "timestamp": "2021-08-16T18:17:07.367169"
    },
    {
        "productData": {
            "name": "V Blue Sugarfree Energy Drink 500ml",
            "productId": "v-blue-sugarfree-energy-drink-500ml",
            "productShopPage": "https://roslyn.store.freshchoice.co.nz/lines/v-blue-sugarfree-energy-drink-500ml",
            "productImageURL": "https://dtgxwmigmg3gc.cloudfront.net/imagery/assets/derivations/icon/512/512/true/eyJpZCI6ImVmYjQyOWRmM2JjZjc3NTY1ZDIwMTEyNTY0MDdmZjA1Iiwic3RvcmFnZSI6InB1YmxpY19zdG9yZSJ9?signature=2911d59474d8305039a3be3bef0f887c38d9ab84596314b13cc4b150101175ab",
            "productDescription": ""
        },
        "priceData": {
            "bestPrice": "3.50",
            "price": "3.50",
            "pricePerLitre": 7.0,
            "bestPricePerLitre": 7.0
        },
        "store": {
            "id": "5e758ead04015f69bc00df1a",
            "name": "Roslyn"
        },
        "timestamp": "2021-08-16T18:17:08.311704"
    },
    {
        "productData": {
            "name": "V Sugarfree Energy Drink Berry Twist 350ml",
            "productId": "v-sugarfree-energy-drink-berry-twist-350ml",
            "productShopPage": "https://roslyn.store.freshchoice.co.nz/lines/v-sugarfree-energy-drink-berry-twist-350ml",
            "productImageURL": "https://dtgxwmigmg3gc.cloudfront.net/imagery/assets/derivations/icon/512/512/true/eyJpZCI6IjMxY2RlOWU3MTE1YTA4ZGRhYzFiODM0NjQ4NDFmOTM5Iiwic3RvcmFnZSI6InB1YmxpY19zdG9yZSJ9?signature=055982afa93dd6614e2f3de353af4c76a52ab79cac4e2b4660a75933fb1bc9a4",
            "productDescription": ""
        },
        "priceData": {
            "bestPrice": "3.50",
            "price": "3.50",
            "pricePerLitre": 10.0,
            "bestPricePerLitre": 10.0
        },
        "store": {
            "id": "5e758ead04015f69bc00df1a",
            "name": "Roslyn"
        },
        "timestamp": "2021-08-16T18:17:10.361069"
    },
    {
        "productData": {
            "name": "V Blue Energy Drink Blue Guarana Can 250ml",
            "productId": "v-blue-energy-drink-blue-guarana-can-250ml",
            "productShopPage": "https://roslyn.store.freshchoice.co.nz/lines/v-blue-energy-drink-blue-guarana-can-250ml",
            "productImageURL": "https://dtgxwmigmg3gc.cloudfront.net/imagery/assets/derivations/icon/512/512/true/eyJpZCI6IjBmZjQwNDEyZWQ2ZDk4YTg3YWQ2ZDUyMWZlNjM1YzJkIiwic3RvcmFnZSI6InB1YmxpY19zdG9yZSJ9?signature=8f745abe5614ec47b3d7a07f1a34ba529184a87b2a696211ba5a0f9f29c86bf0",
            "productDescription": ""
        },
        "priceData": {
            "bestPrice": "2.20",
            "price": "2.20",
            "pricePerLitre": 8.8,
            "bestPricePerLitre": 8.8
        },
        "store": {
            "id": "5e758ead04015f69bc00df1a",
            "name": "Roslyn"
        },
        "timestamp": "2021-08-16T18:17:12.753900"
    },
    {
        "productData": {
            "name": "V Blue Energy Drink Blue Guarana Can 500ml",
            "productId": "v-blue-energy-drink-blue-guarana-can-500ml",
            "productShopPage": "https://roslyn.store.freshchoice.co.nz/lines/v-blue-energy-drink-blue-guarana-can-500ml",
            "productImageURL": "https://dtgxwmigmg3gc.cloudfront.net/imagery/assets/derivations/icon/512/512/true/eyJpZCI6ImFmYjEyYjVjYTU2YWI5ZDJhMTVmNGY2MDg2NWFlNzgxIiwic3RvcmFnZSI6InB1YmxpY19zdG9yZSJ9?signature=b537a8cc5a2c0f90f1702b2c541db44c3a740a0ec4a96e92ab2d6537f9320e8d",
            "productDescription": ""
        },
        "priceData": {
            "bestPrice": "3.50",
            "price": "3.50",
            "pricePerLitre": 7.0,
            "bestPricePerLitre": 7.0
        },
        "store": {
            "id": "5e758ead04015f69bc00df1a",
            "name": "Roslyn"
        },
        "timestamp": "2021-08-16T18:17:13.776493"
    },
    {
        "productData": {
            "name": "V Iced Coffee Guarana Energy 500ml",
            "productId": "v-iced-coffee-guarana-energy-500ml",
            "productShopPage": "https://roslyn.store.freshchoice.co.nz/lines/v-iced-coffee-guarana-energy-500ml",
            "productImageURL": "https://dtgxwmigmg3gc.cloudfront.net/imagery/assets/derivations/icon/512/512/true/eyJpZCI6ImM0Zjc4YjRmYWVjMjk0NTJkZTNkYzZjNmY5MzBlMjU2Iiwic3RvcmFnZSI6InB1YmxpY19zdG9yZSJ9?signature=14312b2813aab9c1ad551700ec97cd58a3a7f95bef4d0bd7ae7aa2dcf8fcdc9d",
            "productDescription": ""
        },
        "priceData": {
            "bestPrice": "3.50",
            "price": "3.50",
            "pricePerLitre": 8.0,
            "bestPricePerLitre": 8.0
        },
        "store": {
            "id": "5e758ead04015f69bc00df1a",
            "name": "Roslyn"
        },
        "timestamp": "2021-08-16T18:17:14.820401"
    },
    {
        "productData": {
            "name": "V Iced Mocha Guarana Energy 500ml",
            "productId": "v-iced-mocha-guarana-energy-500ml",
            "productShopPage": "https://roslyn.store.freshchoice.co.nz/lines/v-iced-mocha-guarana-energy-500ml",
            "productImageURL": "https://dtgxwmigmg3gc.cloudfront.net/imagery/assets/derivations/icon/512/512/true/eyJpZCI6ImNiMDRkODVlZmQ2YjhiZGMxMWU4Zjk5OGEwOTczODg1Iiwic3RvcmFnZSI6InB1YmxpY19zdG9yZSJ9?signature=3e63d4ec34ef65794a07ea00749a785cb88ce90997e6e7d12629c3c0f205de6d",
            "productDescription": ""
        },
        "priceData": {
            "bestPrice": "3.50",
            "price": "3.50",
            "pricePerLitre": 80.0,
            "bestPricePerLitre": 80.0
        },
        "store": {
            "id": "5e758ead04015f69bc00df1a",
            "name": "Roslyn"
        },
        "timestamp": "2021-08-16T18:17:15.904306"
    },
    {
        "productData": {
            "name": "V Energy Drink Sugar Free Guarana Bottle 350ml",
            "productId": "v-energy-drink-sugar-free-guarana-bottle-350ml",
            "productShopPage": "https://roslyn.store.freshchoice.co.nz/lines/v-energy-drink-sugar-free-guarana-bottle-350ml",
            "productImageURL": "https://dtgxwmigmg3gc.cloudfront.net/imagery/assets/derivations/icon/512/512/true/eyJpZCI6IjQzYmZlOTg1YzY2ZGQ0ZDI1YzUyZDk3MGJhMmJhMGM3Iiwic3RvcmFnZSI6InB1YmxpY19zdG9yZSJ9?signature=7a4bb3eb2264f52495ae9ba8fbf21b5a3e59e12c0d6208cfa1591261da333f55",
            "productDescription": ""
        },
        "priceData": {
            "bestPrice": "3.50",
            "price": "3.50",
            "pricePerLitre": 10.0,
            "bestPricePerLitre": 10.0
        },
        "store": {
            "id": "5e758ead04015f69bc00df1a",
            "name": "Roslyn"
        },
        "timestamp": "2021-08-16T18:17:18.073248"
    },
    {
        "productData": {
            "name": "V Iced Chocolate Guarana Energy 500ml",
            "productId": "v-iced-chocolate-guarana-energy-500ml",
            "productShopPage": "https://roslyn.store.freshchoice.co.nz/lines/v-iced-chocolate-guarana-energy-500ml",
            "productImageURL": "https://dtgxwmigmg3gc.cloudfront.net/imagery/assets/derivations/icon/512/512/true/eyJpZCI6ImJhNzg2NDUyYzVlMGRiOTNhMGM3NjY1ZWIyNzIzNzBlIiwic3RvcmFnZSI6InB1YmxpY19zdG9yZSJ9?signature=86bcf9f7a4dbdc8f99c44e8c3a30ce7ca86025bce78792c31ce0fbc589f7f311",
            "productDescription": ""
        },
        "priceData": {
            "bestPrice": "4.19",
            "price": "4.19",
            "pricePerLitre": 8.4,
            "bestPricePerLitre": 8.4
        },
        "store": {
            "id": "5e758ead04015f69bc00df1a",
            "name": "Roslyn"
        },
        "timestamp": "2021-08-16T18:17:20.885985"
    },
    {
        "productData": {
            "name": "Mother Energy Drink Original 500ml",
            "productId": "mother-energy-drink-original-500ml",
            "productShopPage": "https://roslyn.store.freshchoice.co.nz/lines/mother-energy-drink-original-500ml",
            "productImageURL": "https://dtgxwmigmg3gc.cloudfront.net/imagery/assets/derivations/icon/512/512/true/eyJpZCI6IjIwOGUzOTk1NjgxNTA0N2VjOTdjOTU5Yjk0OWU4NDNlIiwic3RvcmFnZSI6InB1YmxpY19zdG9yZSJ9?signature=f4ad8ce9d0d4f99152578f52110a3d67193a6ae0b53c358af38182c7b0392aa7",
            "productDescription": ""
        },
        "priceData": {
            "bestPrice": "2.00",
            "price": "2.00",
            "pricePerLitre": 4.0,
            "bestPricePerLitre": 4.0
        },
        "store": {
            "id": "5e758ead04015f69bc00df1a",
            "name": "Roslyn"
        },
        "timestamp": "2021-08-16T18:17:23.877315"
    },
    {
        "productData": {
            "name": "Monster Mule Ginger Brew 500ml",
            "productId": "monster-mule-ginger-brew-500ml",
            "productShopPage": "https://roslyn.store.freshchoice.co.nz/lines/monster-mule-ginger-brew-500ml",
            "productImageURL": "https://dtgxwmigmg3gc.cloudfront.net/imagery/assets/derivations/icon/512/512/true/eyJpZCI6ImM1OTM5MTIyZTRlNmNhNzk0ODFlMDE4ZWVmMWE2Y2ZlIiwic3RvcmFnZSI6InB1YmxpY19zdG9yZSJ9?signature=5d11287f30ef58c148e37382d61c0d83097d5461683a9aa5dd9456941c1f32e5",
            "productDescription": ""
        },
        "priceData": {
            "bestPrice": "2.50",
            "price": "2.50",
            "pricePerLitre": 6.0,
            "bestPricePerLitre": 6.0
        },
        "store": {
            "id": "5e758ead04015f69bc00df1a",
            "name": "Roslyn"
        },
        "timestamp": "2021-08-16T18:17:27.861513"
    },
    {
        "productData": {
            "name": "Monster Energy Pipeline Punch 500ml",
            "productId": "monster-energy-pipeline-punch-500ml",
            "productShopPage": "https://roslyn.store.freshchoice.co.nz/lines/monster-energy-pipeline-punch-500ml",
            "productImageURL": "https://dtgxwmigmg3gc.cloudfront.net/imagery/assets/derivations/icon/512/512/true/eyJpZCI6IjM3ZWY2OTY5OWFlNTJlZTRjNTY1ZmFmYWIwOTIxMjg4Iiwic3RvcmFnZSI6InB1YmxpY19zdG9yZSJ9?signature=79ed6699c35bd716a9d5d9457c39ce62c523edaa4059b6b45d4dcc7caf65cef9",
            "productDescription": ""
        },
        "priceData": {
            "bestPrice": "2.50",
            "price": "2.50",
            "pricePerLitre": 6.0,
            "bestPricePerLitre": 6.0
        },
        "store": {
            "id": "5e758ead04015f69bc00df1a",
            "name": "Roslyn"
        },
        "timestamp": "2021-08-16T18:17:31.784261"
    },
    {
        "productData": {
            "name": "Live Plus Energy Drink Citrus Flavour 500ml",
            "productId": "live-plus-persist-500ml",
            "productShopPage": "https://roslyn.store.freshchoice.co.nz/lines/live-plus-persist-500ml",
            "productImageURL": "https://dtgxwmigmg3gc.cloudfront.net/imagery/assets/derivations/icon/512/512/true/eyJpZCI6IjFlNWQ5YzI4OWM1N2UzNmYzZmI2NThlMDQzZTI3ZjE4Iiwic3RvcmFnZSI6InB1YmxpY19zdG9yZSJ9?signature=756b17fefe47174b90e7dbec8cd09db27f9f59f4994bc750b71256ae93ba9fa8",
            "productDescription": ""
        },
        "priceData": {
            "bestPrice": "2.00",
            "price": "2.00",
            "pricePerLitre": 4.0,
            "bestPricePerLitre": 4.0
        },
        "store": {
            "id": "5e758ead04015f69bc00df1a",
            "name": "Roslyn"
        },
        "timestamp": "2021-08-16T18:17:32.952532"
    },
    {
        "productData": {
            "name": "Live Plus Energy Drink Tart Apple Apple Flavour 500ml",
            "productId": "live-plus-ignite-500ml",
            "productShopPage": "https://roslyn.store.freshchoice.co.nz/lines/live-plus-ignite-500ml",
            "productImageURL": "https://dtgxwmigmg3gc.cloudfront.net/imagery/assets/derivations/icon/512/512/true/eyJpZCI6IjViOGViZjhmZTQzYjFlYTMzNDM5YjJjMjg3ZDRmY2YyIiwic3RvcmFnZSI6InB1YmxpY19zdG9yZSJ9?signature=140ae19352cd0dcec7e77f90fa4dfaa9fa17086439f730510afc5d906e1415bf",
            "productDescription": ""
        },
        "priceData": {
            "bestPrice": "2.00",
            "price": "2.00",
            "pricePerLitre": 4.0,
            "bestPricePerLitre": 4.0
        },
        "store": {
            "id": "5e758ead04015f69bc00df1a",
            "name": "Roslyn"
        },
        "timestamp": "2021-08-16T18:17:33.986513"
    },
    {
        "productData": {
            "name": "V Guarana Energy Drink Blue Sugarfree 250ml",
            "productId": "v-blue-sugarfree-energy-drink-250ml",
            "productShopPage": "https://roslyn.store.freshchoice.co.nz/lines/v-blue-sugarfree-energy-drink-250ml",
            "productImageURL": "https://dtgxwmigmg3gc.cloudfront.net/imagery/assets/derivations/icon/512/512/true/eyJpZCI6IjI3YWJiOTVhYjNhMjEwMDU2MWJhMmRhNTM3YjRhZjVmIiwic3RvcmFnZSI6InB1YmxpY19zdG9yZSJ9?signature=66769306ca1d0ba674603954d338186dc999f6d1839090d49fde9416b3252365",
            "productDescription": ""
        },
        "priceData": {
            "bestPrice": "2.20",
            "price": "2.20",
            "pricePerLitre": 8.8,
            "bestPricePerLitre": 8.8
        },
        "store": {
            "id": "5e758ead04015f69bc00df1a",
            "name": "Roslyn"
        },
        "timestamp": "2021-08-16T18:17:35.023444"
    },
    {
        "productData": {
            "name": "Live Plus Energy Drink Original Citrus Flavour 355ml",
            "productId": "live-plus-persist-glass-355ml",
            "productShopPage": "https://roslyn.store.freshchoice.co.nz/lines/live-plus-persist-glass-355ml",
            "productImageURL": "https://dtgxwmigmg3gc.cloudfront.net/imagery/assets/derivations/icon/512/512/true/eyJpZCI6ImYzMjZlMTdmMmI5ZGRjZGYzYmFmNzNiMWQzN2Y5NDI4Iiwic3RvcmFnZSI6InB1YmxpY19zdG9yZSJ9?signature=8fa31eb2b309e9c7a293ba2e7a7541e3cdc686b1d3f519044aa97c666ae5f630",
            "productDescription": ""
        },
        "priceData": {
            "bestPrice": "2.00",
            "price": "2.00",
            "pricePerLitre": 7.9,
            "bestPricePerLitre": 7.9
        },
        "store": {
            "id": "5e758ead04015f69bc00df1a",
            "name": "Roslyn"
        },
        "timestamp": "2021-08-16T18:17:37.172705"
    },
    {
        "productData": {
            "name": "Live Plus Energy Drink Original Citrus Flavour 6x250ml",
            "productId": "live-plus-persist-250ml-6pack",
            "productShopPage": "https://roslyn.store.freshchoice.co.nz/lines/live-plus-persist-250ml-6pack",
            "productImageURL": "https://dtgxwmigmg3gc.cloudfront.net/imagery/assets/derivations/icon/512/512/true/eyJpZCI6IjNmODNiNGI4MzI4MzJmNzhjZmJhNDA1OGUyZWFlM2ZhIiwic3RvcmFnZSI6InB1YmxpY19zdG9yZSJ9?signature=0257f943d0c41562773e51cbd42327ad911228832e33494e9c30381e20305337",
            "productDescription": ""
        },
        "priceData": {
            "bestPrice": "7.70",
            "price": "7.70",
            "pricePerLitre": 5.1,
            "bestPricePerLitre": 5.1
        },
        "store": {
            "id": "5e758ead04015f69bc00df1a",
            "name": "Roslyn"
        },
        "timestamp": "2021-08-16T18:17:38.244527"
    },
    {
        "productData": {
            "name": "Live Plus Live+ Ignite Energy Drink 6 x 250ml Cans",
            "productId": "live-plus-live-ignite-energy-drink-6x250ml-cans",
            "productShopPage": "https://roslyn.store.freshchoice.co.nz/lines/live-plus-live-ignite-energy-drink-6x250ml-cans",
            "productImageURL": "https://dtgxwmigmg3gc.cloudfront.net/imagery/assets/derivations/icon/512/512/true/eyJpZCI6Ijk5ZTU3ZDdlN2RjYzc0ZmZlOWY0NGQxMDdkYTI5ZDI5Iiwic3RvcmFnZSI6InB1YmxpY19zdG9yZSJ9?signature=16b8b1fb6c1dbc73b4d1f0110b7542a3259cd273e9b6adea8e6570f5158d8342",
            "productDescription": ""
        },
        "priceData": {
            "bestPrice": "6.00",
            "price": "6.00",
            "pricePerLitre": 4.0,
            "bestPricePerLitre": 4.0
        },
        "store": {
            "id": "5e758ead04015f69bc00df1a",
            "name": "Roslyn"
        },
        "timestamp": "2021-08-16T18:17:40.563788"
    },
    {
        "productData": {
            "name": "Rockstar Punched Energy Guava 500ml",
            "productId": "rockstar-punched-energy-guava-500ml",
            "productShopPage": "https://roslyn.store.freshchoice.co.nz/lines/rockstar-punched-energy-guava-500ml",
            "productImageURL": "https://dtgxwmigmg3gc.cloudfront.net/imagery/assets/derivations/icon/512/512/true/eyJpZCI6IjBmNGEyNjU2MGQwM2Y4OGI4MWE3ZTMyODUzYTRlN2QyIiwic3RvcmFnZSI6InB1YmxpY19zdG9yZSJ9?signature=fab45ac774e74d87cf7a79de075f47290676fd6d4afcf212198c745670d5ce29",
            "productDescription": ""
        },
        "priceData": {
            "bestPrice": "2.00",
            "price": "2.00",
            "pricePerLitre": 4.0,
            "bestPricePerLitre": 4.0
        },
        "store": {
            "id": "5e758ead04015f69bc00df1a",
            "name": "Roslyn"
        },
        "timestamp": "2021-08-16T18:17:42.682791"
    },
    {
        "productData": {
            "name": "Mother Kicked Apple 500ml",
            "productId": "mother-kicked-apple-500ml",
            "productShopPage": "https://takaka.store.freshchoice.co.nz/lines/mother-kicked-apple-500ml",
            "productImageURL": "https://dtgxwmigmg3gc.cloudfront.net/imagery/assets/derivations/icon/512/512/true/eyJpZCI6IjNhZTlkYjkwYTM4MDFjMGEwYjUwYThhMDAwYjkyZjM0Iiwic3RvcmFnZSI6InB1YmxpY19zdG9yZSJ9?signature=c1a1db0a5d7b074c388cf08560fd44a4a2b6127821554198e54eeea8474325f6",
            "productDescription": ""
        },
        "priceData": {
            "bestPrice": "2.00",
            "price": "2.00",
            "pricePerLitre": 4.0,
            "bestPricePerLitre": 4.0
        },
        "store": {
            "id": "5e532870ec28665271010f05",
            "name": "Takaka"
        },
        "timestamp": "2021-08-16T18:17:45.500599"
    },
    {
        "productData": {
            "name": "Monster Energy Ultra Paradise 500ml",
            "productId": "monster-energy-drink-ultra-paradise-500ml",
            "productShopPage": "https://takaka.store.freshchoice.co.nz/lines/monster-energy-drink-ultra-paradise-500ml",
            "productImageURL": "https://dtgxwmigmg3gc.cloudfront.net/imagery/assets/derivations/icon/512/512/true/eyJpZCI6ImZiZDRkZTQxNzA0M2FiYTUyMjMwZWI0NTcyZGNmYTE1Iiwic3RvcmFnZSI6InB1YmxpY19zdG9yZSJ9?signature=8a439bf26b71114289dfea1720ed331b1e4784c534deade29db8ac38b1cc7c1a",
            "productDescription": ""
        },
        "priceData": {
            "bestPrice": "2.50",
            "price": "2.50",
            "pricePerLitre": 6.0,
            "bestPricePerLitre": 6.0
        },
        "store": {
            "id": "5e532870ec28665271010f05",
            "name": "Takaka"
        },
        "timestamp": "2021-08-16T18:17:48.566891"
    },
    {
        "productData": {
            "name": "Monster Energy Ultra Zero 500ml",
            "productId": "monster-energy-ultra-zero-500ml",
            "productShopPage": "https://takaka.store.freshchoice.co.nz/lines/monster-energy-ultra-zero-500ml",
            "productImageURL": "https://dtgxwmigmg3gc.cloudfront.net/imagery/assets/derivations/icon/512/512/true/eyJpZCI6IjdhN2FhYTUwZWU2NTYwYjBiNGY1NThhMTgwNmVlODI3Iiwic3RvcmFnZSI6InB1YmxpY19zdG9yZSJ9?signature=7907c49ba7d043175a426f84a71776de7dd51fa5c249237063aca9cb098abdbe",
            "productDescription": ""
        },
        "priceData": {
            "bestPrice": "2.50",
            "price": "2.50",
            "pricePerLitre": 6.0,
            "bestPricePerLitre": 6.0
        },
        "store": {
            "id": "5e532870ec28665271010f05",
            "name": "Takaka"
        },
        "timestamp": "2021-08-16T18:17:50.742873"
    },
    {
        "productData": {
            "name": "Monster Energy Drink Ultra Rosa 500ml",
            "productId": "monster-energy-drink-ultra-rosa-500ml",
            "productShopPage": "https://takaka.store.freshchoice.co.nz/lines/monster-energy-drink-ultra-rosa-500ml",
            "productImageURL": "https://dtgxwmigmg3gc.cloudfront.net/imagery/assets/derivations/icon/512/512/true/eyJpZCI6IjZjYzFjMzcwYzM4Mzk4N2MyOTUzNWIyMTFjZTJlYjgxIiwic3RvcmFnZSI6InB1YmxpY19zdG9yZSJ9?signature=9cd08284785f9b24647ecc7d1dc08214d9d00318cc809bebdef1921d6b78bb95",
            "productDescription": ""
        },
        "priceData": {
            "bestPrice": "2.50",
            "price": "2.50",
            "pricePerLitre": 6.0,
            "bestPricePerLitre": 6.0
        },
        "store": {
            "id": "5e532870ec28665271010f05",
            "name": "Takaka"
        },
        "timestamp": "2021-08-16T18:17:52.854795"
    },
    {
        "productData": {
            "name": "Mother Energy Drink Berry 500ml",
            "productId": "mother-energy-drink-berry-500ml",
            "productShopPage": "https://takaka.store.freshchoice.co.nz/lines/mother-energy-drink-berry-500ml",
            "productImageURL": "https://dtgxwmigmg3gc.cloudfront.net/imagery/assets/derivations/icon/512/512/true/eyJpZCI6ImRhYTJlNjUzNzRjZjViNjI0ZDljNzUzNDA3YmE0ZDFkIiwic3RvcmFnZSI6InB1YmxpY19zdG9yZSJ9?signature=d9ffb465d71d599811c2ff7a788845bfe297eb3624ad7866a89cf0b3ece073f0",
            "productDescription": ""
        },
        "priceData": {
            "bestPrice": "2.00",
            "price": "2.00",
            "pricePerLitre": 4.0,
            "bestPricePerLitre": 4.0
        },
        "store": {
            "id": "5e532870ec28665271010f05",
            "name": "Takaka"
        },
        "timestamp": "2021-08-16T18:17:55.814514"
    },
    {
        "productData": {
            "name": "Mother Energy Drink Black 500ml",
            "productId": "mother-energy-drink-black-500ml",
            "productShopPage": "https://takaka.store.freshchoice.co.nz/lines/mother-energy-drink-black-500ml",
            "productImageURL": "https://dtgxwmigmg3gc.cloudfront.net/imagery/assets/derivations/icon/512/512/true/eyJpZCI6ImYyMzA5MjhkYjg3ODFhYmYzZDU3ZjE1YjNmYzU2MWFjIiwic3RvcmFnZSI6InB1YmxpY19zdG9yZSJ9?signature=d3dbddb83d3d457075cd5d8936bef0c5b48fce4fa3fe725995d8b6d57219ceb5",
            "productDescription": ""
        },
        "priceData": {
            "bestPrice": "2.00",
            "price": "2.00",
            "pricePerLitre": 4.0,
            "bestPricePerLitre": 4.0
        },
        "store": {
            "id": "5e532870ec28665271010f05",
            "name": "Takaka"
        },
        "timestamp": "2021-08-16T18:17:56.815792"
    },
    {
        "productData": {
            "name": "Mother Energy Drink Passion 500ml",
            "productId": "mother-energy-drink-passion-500ml",
            "productShopPage": "https://takaka.store.freshchoice.co.nz/lines/mother-energy-drink-passion-500ml",
            "productImageURL": "https://dtgxwmigmg3gc.cloudfront.net/imagery/assets/derivations/icon/512/512/true/eyJpZCI6ImQwODE2YTc4ZjBmNGU4NTU5Mzg1YjkxZmI5YjIzZjM0Iiwic3RvcmFnZSI6InB1YmxpY19zdG9yZSJ9?signature=713c495fef96a6427b917f0c7c7e855a963749ac5c1bf7dfd71e24ae08ea3123",
            "productDescription": ""
        },
        "priceData": {
            "bestPrice": "2.00",
            "price": "2.00",
            "pricePerLitre": 4.0,
            "bestPricePerLitre": 4.0
        },
        "store": {
            "id": "5e532870ec28665271010f05",
            "name": "Takaka"
        },
        "timestamp": "2021-08-16T18:17:58.899514"
    },
    {
        "productData": {
            "name": "Mother Tropical Blast 500ml",
            "productId": "mother-tropical-blast-500ml",
            "productShopPage": "https://takaka.store.freshchoice.co.nz/lines/mother-tropical-blast-500ml",
            "productImageURL": "https://dtgxwmigmg3gc.cloudfront.net/imagery/assets/derivations/icon/512/512/true/eyJpZCI6ImEyZmM1OTUwNDhlODM5YTRhMjQ2MTI1OGEyYzNlZWZhIiwic3RvcmFnZSI6InB1YmxpY19zdG9yZSJ9?signature=6c9470ee4067e8ec32b58eeac9d628404d3986058a9b1cdef46014d1bee50944",
            "productDescription": ""
        },
        "priceData": {
            "bestPrice": "2.00",
            "price": "2.00",
            "pricePerLitre": 4.0,
            "bestPricePerLitre": 4.0
        },
        "store": {
            "id": "5e532870ec28665271010f05",
            "name": "Takaka"
        },
        "timestamp": "2021-08-16T18:17:59.955240"
    },
    {
        "productData": {
            "name": "Mother Epic Swell Energy Drink Twisted Apple 500ml",
            "productId": "mother-epic-swell-energy-drink-twisted-apple-500ml",
            "productShopPage": "https://takaka.store.freshchoice.co.nz/lines/mother-epic-swell-energy-drink-twisted-apple-500ml",
            "productImageURL": "https://dtgxwmigmg3gc.cloudfront.net/imagery/assets/derivations/icon/512/512/true/eyJpZCI6ImE2ZjYxOGNhNjUyYzMxNzRhNjg2MDBhMGVjZmQ3MmJkIiwic3RvcmFnZSI6InB1YmxpY19zdG9yZSJ9?signature=954f74f8aba0fb24cb2a5248b1e93fe8a62fb8c7f902abbb08b7aed24bc44c80",
            "productDescription": ""
        },
        "priceData": {
            "bestPrice": "2.00",
            "price": "2.00",
            "pricePerLitre": 4.0,
            "bestPricePerLitre": 4.0
        },
        "store": {
            "id": "5e532870ec28665271010f05",
            "name": "Takaka"
        },
        "timestamp": "2021-08-16T18:18:02.602890"
    },
    {
        "productData": {
            "name": "V Energy Drink Guarana 500ml",
            "productId": "v-energy-drink-guarana-500ml",
            "productShopPage": "https://takaka.store.freshchoice.co.nz/lines/v-energy-drink-guarana-500ml",
            "productImageURL": "https://dtgxwmigmg3gc.cloudfront.net/imagery/assets/derivations/icon/512/512/true/eyJpZCI6IjgzZDAxMjhiMzg4NmEwZmE4YTE2ZjY2NWIzNmM2NzI2Iiwic3RvcmFnZSI6InB1YmxpY19zdG9yZSJ9?signature=f55ecc561066291a4e74a967db35ea2355f881bd1708bf400fd790032384ae4f",
            "productDescription": ""
        },
        "priceData": {
            "bestPrice": "2.50",
            "price": "2.50",
            "pricePerLitre": 7.6,
            "bestPricePerLitre": 7.6
        },
        "store": {
            "id": "5e532870ec28665271010f05",
            "name": "Takaka"
        },
        "timestamp": "2021-08-16T18:18:05.650643"
    },
    {
        "productData": {
            "name": "V Energy Drink Sugar Free Guarana 250ml",
            "productId": "v-energy-drink-sugar-free-guarana-250ml",
            "productShopPage": "https://takaka.store.freshchoice.co.nz/lines/v-energy-drink-sugar-free-guarana-250ml",
            "productImageURL": "https://dtgxwmigmg3gc.cloudfront.net/imagery/assets/derivations/icon/512/512/true/eyJpZCI6ImZiNzM1NmU4NTMyZDllODlkZTljZmNlOGY2MzQ5NGQwIiwic3RvcmFnZSI6InB1YmxpY19zdG9yZSJ9?signature=72b0ce0a48ca796717c115fe5e8b4564501470f63bf80ae865d26e9d131a2b8c",
            "productDescription": ""
        },
        "priceData": {
            "bestPrice": "2.20",
            "price": "2.20",
            "pricePerLitre": 8.8,
            "bestPricePerLitre": 8.8
        },
        "store": {
            "id": "5e532870ec28665271010f05",
            "name": "Takaka"
        },
        "timestamp": "2021-08-16T18:18:07.926734"
    },
    {
        "productData": {
            "name": "V Energy Drink Blue Guarana Spritzed 350ml",
            "productId": "v-blue-energy-drink-blue-guarana-spritzed-350ml",
            "productShopPage": "https://takaka.store.freshchoice.co.nz/lines/v-blue-energy-drink-blue-guarana-spritzed-350ml",
            "productImageURL": "https://dtgxwmigmg3gc.cloudfront.net/imagery/assets/derivations/icon/512/512/true/eyJpZCI6ImY2OTRlZGI4NjdlNWMzZDM5NzgzMDQ0ODFkMzUxZGZiIiwic3RvcmFnZSI6InB1YmxpY19zdG9yZSJ9?signature=591b3079cb9c2407a29b3bc348eaf42dc1d34daba5c9d7aba65be654725b6719",
            "productDescription": ""
        },
        "priceData": {
            "bestPrice": "3.50",
            "price": "3.50",
            "pricePerLitre": 10.0,
            "bestPricePerLitre": 10.0
        },
        "store": {
            "id": "5e532870ec28665271010f05",
            "name": "Takaka"
        },
        "timestamp": "2021-08-16T18:18:10.221996"
    },
    {
        "productData": {
            "name": "V Energy Drink Green Guarana 350ml",
            "productId": "v-energy-drink-green-guarana-350ml",
            "productShopPage": "https://takaka.store.freshchoice.co.nz/lines/v-energy-drink-green-guarana-350ml",
            "productImageURL": "https://dtgxwmigmg3gc.cloudfront.net/imagery/assets/derivations/icon/512/512/true/eyJpZCI6IjRiNjY4ZjYxOTQ2ODYyN2MzM2NiZWMyNGUyNmIyODk4Iiwic3RvcmFnZSI6InB1YmxpY19zdG9yZSJ9?signature=4cded9cb42349eef45a593461f311b1bb7fa881295733879671ad9fe9887d30c",
            "productDescription": ""
        },
        "priceData": {
            "bestPrice": "3.50",
            "price": "3.50",
            "pricePerLitre": 10.0,
            "bestPricePerLitre": 10.0
        },
        "store": {
            "id": "5e532870ec28665271010f05",
            "name": "Takaka"
        },
        "timestamp": "2021-08-16T18:18:11.234936"
    },
    {
        "productData": {
            "name": "V Energy Drink Guarana Can 250ml",
            "productId": "v-energy-drink-guarana-can-250ml",
            "productShopPage": "https://takaka.store.freshchoice.co.nz/lines/v-energy-drink-guarana-can-250ml",
            "productImageURL": "https://dtgxwmigmg3gc.cloudfront.net/imagery/assets/derivations/icon/512/512/true/eyJpZCI6Ijc3Nzk1NjE2ZDhhNmFiMThhYzEzODYzOTg2ZmNkNzgwIiwic3RvcmFnZSI6InB1YmxpY19zdG9yZSJ9?signature=f5de1854d43e19cc62bff86893d4a55615cd916f8425a4dccd170b52eba81255",
            "productDescription": ""
        },
        "priceData": {
            "bestPrice": "2.20",
            "price": "2.20",
            "pricePerLitre": 8.8,
            "bestPricePerLitre": 8.8
        },
        "store": {
            "id": "5e532870ec28665271010f05",
            "name": "Takaka"
        },
        "timestamp": "2021-08-16T18:18:12.351980"
    },
    {
        "productData": {
            "name": "V Energy Drink Guarana Can 500ml",
            "productId": "v-energy-drink-guarana-can-500ml",
            "productShopPage": "https://takaka.store.freshchoice.co.nz/lines/v-energy-drink-guarana-can-500ml",
            "productImageURL": "https://dtgxwmigmg3gc.cloudfront.net/imagery/assets/derivations/icon/512/512/true/eyJpZCI6ImI0NjgzNGZjNDRkMjU0MjgzYzJjZGNhMzA2NWIxYjA5Iiwic3RvcmFnZSI6InB1YmxpY19zdG9yZSJ9?signature=265e8273409849423466e7623cbbdf8352940707b8830803eec391e8f32c9c5f",
            "productDescription": ""
        },
        "priceData": {
            "bestPrice": "3.50",
            "price": "3.50",
            "pricePerLitre": 7.0,
            "bestPricePerLitre": 7.0
        },
        "store": {
            "id": "5e532870ec28665271010f05",
            "name": "Takaka"
        },
        "timestamp": "2021-08-16T18:18:13.474245"
    },
    {
        "productData": {
            "name": "V Energy Drink Sugar Free Guarana 500ml",
            "productId": "v-energy-drink-sugar-free-guarana-500ml",
            "productShopPage": "https://takaka.store.freshchoice.co.nz/lines/v-energy-drink-sugar-free-guarana-500ml",
            "productImageURL": "https://dtgxwmigmg3gc.cloudfront.net/imagery/assets/derivations/icon/512/512/true/eyJpZCI6Ijg4MGExMDYxOTY4NTJiYzM1ZTExMmU2MGE2OWYxNDE3Iiwic3RvcmFnZSI6InB1YmxpY19zdG9yZSJ9?signature=b0536d25b9da8158705e24c88e21fabbf85c1dabc19f18108c386e956ffd7045",
            "productDescription": ""
        },
        "priceData": {
            "bestPrice": "3.50",
            "price": "3.50",
            "pricePerLitre": 7.0,
            "bestPricePerLitre": 7.0
        },
        "store": {
            "id": "5e532870ec28665271010f05",
            "name": "Takaka"
        },
        "timestamp": "2021-08-16T18:18:16.818012"
    },
    {
        "productData": {
            "name": "V Energy Drink Skills Cans 275ml 4 Pack",
            "productId": "v-energy-drink-skills-cans-275ml-4-pack",
            "productShopPage": "https://takaka.store.freshchoice.co.nz/lines/v-energy-drink-skills-cans-275ml-4-pack",
            "productImageURL": "https://dtgxwmigmg3gc.cloudfront.net/imagery/assets/derivations/icon/512/512/true/eyJpZCI6ImZhMzA2N2NiM2YxMmVkM2ZhZjhhYmM4OGE1YTJhNzczIiwic3RvcmFnZSI6InB1YmxpY19zdG9yZSJ9?signature=34fcde8f5a021036c475a1dfff6748625e0747bb134ec737312b15bbe8e883eb",
            "productDescription": ""
        },
        "priceData": {
            "bestPrice": "7.10",
            "price": "7.10",
            "pricePerLitre": 8.5,
            "bestPricePerLitre": 8.5
        },
        "store": {
            "id": "5e532870ec28665271010f05",
            "name": "Takaka"
        },
        "timestamp": "2021-08-16T18:18:17.876417"
    },
    {
        "productData": {
            "name": "V Guarana Energy Drink Fridge Pack 10x200ml",
            "productId": "v-guarana-energy-drink-fridge-pack-10x200ml",
            "productShopPage": "https://takaka.store.freshchoice.co.nz/lines/v-guarana-energy-drink-fridge-pack-10x200ml",
            "productImageURL": "https://dtgxwmigmg3gc.cloudfront.net/imagery/assets/derivations/icon/512/512/true/eyJpZCI6IjBlMjAzZTJiY2QyZDVhYzQ2NGY2NzhmMDFkMmM3YjBhIiwic3RvcmFnZSI6InB1YmxpY19zdG9yZSJ9?signature=a3283c38928a5e2c367f0886f5948460cf671d41affa4dd3a2634f1621779d47",
            "productDescription": ""
        },
        "priceData": {
            "bestPrice": "14.00",
            "price": "14.00",
            "pricePerLitre": 7.800000000000001,
            "bestPricePerLitre": 7.800000000000001
        },
        "store": {
            "id": "5e532870ec28665271010f05",
            "name": "Takaka"
        },
        "timestamp": "2021-08-16T18:18:18.913610"
    },
    {
        "productData": {
            "name": "V Blue Energy Drink Bottle 500ml",
            "productId": "v-blue-energy-drink-bottle-500ml",
            "productShopPage": "https://takaka.store.freshchoice.co.nz/lines/v-blue-energy-drink-bottle-500ml",
            "productImageURL": "https://dtgxwmigmg3gc.cloudfront.net/imagery/assets/derivations/icon/512/512/true/eyJpZCI6IjgyYWYxYWY4MGI4MzUxODhiYmVhZGVhM2U2NzY0MzI5Iiwic3RvcmFnZSI6InB1YmxpY19zdG9yZSJ9?signature=7e70fc576864a528a1431734d680cbf177a11b419a692dbfd34800c31b8944ec",
            "productDescription": ""
        },
        "priceData": {
            "bestPrice": "2.50",
            "price": "2.50",
            "pricePerLitre": 7.6,
            "bestPricePerLitre": 7.6
        },
        "store": {
            "id": "5e532870ec28665271010f05",
            "name": "Takaka"
        },
        "timestamp": "2021-08-16T18:18:20.020729"
    },
    {
        "productData": {
            "name": "V Blue Sugarfree Energy Drink 500ml",
            "productId": "v-blue-sugarfree-energy-drink-500ml",
            "productShopPage": "https://takaka.store.freshchoice.co.nz/lines/v-blue-sugarfree-energy-drink-500ml",
            "productImageURL": "https://dtgxwmigmg3gc.cloudfront.net/imagery/assets/derivations/icon/512/512/true/eyJpZCI6ImVmYjQyOWRmM2JjZjc3NTY1ZDIwMTEyNTY0MDdmZjA1Iiwic3RvcmFnZSI6InB1YmxpY19zdG9yZSJ9?signature=2911d59474d8305039a3be3bef0f887c38d9ab84596314b13cc4b150101175ab",
            "productDescription": ""
        },
        "priceData": {
            "bestPrice": "3.50",
            "price": "3.50",
            "pricePerLitre": 7.0,
            "bestPricePerLitre": 7.0
        },
        "store": {
            "id": "5e532870ec28665271010f05",
            "name": "Takaka"
        },
        "timestamp": "2021-08-16T18:18:21.134073"
    },
    {
        "productData": {
            "name": "V Sugarfree Energy Drink Berry Twist 350ml",
            "productId": "v-sugarfree-energy-drink-berry-twist-350ml",
            "productShopPage": "https://takaka.store.freshchoice.co.nz/lines/v-sugarfree-energy-drink-berry-twist-350ml",
            "productImageURL": "https://dtgxwmigmg3gc.cloudfront.net/imagery/assets/derivations/icon/512/512/true/eyJpZCI6IjMxY2RlOWU3MTE1YTA4ZGRhYzFiODM0NjQ4NDFmOTM5Iiwic3RvcmFnZSI6InB1YmxpY19zdG9yZSJ9?signature=055982afa93dd6614e2f3de353af4c76a52ab79cac4e2b4660a75933fb1bc9a4",
            "productDescription": ""
        },
        "priceData": {
            "bestPrice": "3.50",
            "price": "3.50",
            "pricePerLitre": 10.0,
            "bestPricePerLitre": 10.0
        },
        "store": {
            "id": "5e532870ec28665271010f05",
            "name": "Takaka"
        },
        "timestamp": "2021-08-16T18:18:23.317671"
    },
    {
        "productData": {
            "name": "V Blue Energy Drink 275ml Cans 4 Pack",
            "productId": "v-blue-energy-drink-275ml-cans-4-pack",
            "productShopPage": "https://takaka.store.freshchoice.co.nz/lines/v-blue-energy-drink-275ml-cans-4-pack",
            "productImageURL": "https://dtgxwmigmg3gc.cloudfront.net/imagery/assets/derivations/icon/512/512/true/eyJpZCI6IjcxMTc0MzEzN2QzNTUzODQwMmUyODZjMDJkNTM3OTk3Iiwic3RvcmFnZSI6InB1YmxpY19zdG9yZSJ9?signature=5697ef2f72e1e995472b76c19c7c6201b3deb266e060743ac9ae1219dbf2226c",
            "productDescription": ""
        },
        "priceData": {
            "bestPrice": "7.10",
            "price": "7.10",
            "pricePerLitre": 8.5,
            "bestPricePerLitre": 8.5
        },
        "store": {
            "id": "5e532870ec28665271010f05",
            "name": "Takaka"
        },
        "timestamp": "2021-08-16T18:18:24.343528"
    },
    {
        "productData": {
            "name": "V Blue Energy Drink Blue Guarana Can 250ml",
            "productId": "v-blue-energy-drink-blue-guarana-can-250ml",
            "productShopPage": "https://takaka.store.freshchoice.co.nz/lines/v-blue-energy-drink-blue-guarana-can-250ml",
            "productImageURL": "https://dtgxwmigmg3gc.cloudfront.net/imagery/assets/derivations/icon/512/512/true/eyJpZCI6IjBmZjQwNDEyZWQ2ZDk4YTg3YWQ2ZDUyMWZlNjM1YzJkIiwic3RvcmFnZSI6InB1YmxpY19zdG9yZSJ9?signature=8f745abe5614ec47b3d7a07f1a34ba529184a87b2a696211ba5a0f9f29c86bf0",
            "productDescription": ""
        },
        "priceData": {
            "bestPrice": "2.20",
            "price": "2.20",
            "pricePerLitre": 8.8,
            "bestPricePerLitre": 8.8
        },
        "store": {
            "id": "5e532870ec28665271010f05",
            "name": "Takaka"
        },
        "timestamp": "2021-08-16T18:18:25.397233"
    },
    {
        "productData": {
            "name": "V Blue Energy Drink Blue Guarana Can 500ml",
            "productId": "v-blue-energy-drink-blue-guarana-can-500ml",
            "productShopPage": "https://takaka.store.freshchoice.co.nz/lines/v-blue-energy-drink-blue-guarana-can-500ml",
            "productImageURL": "https://dtgxwmigmg3gc.cloudfront.net/imagery/assets/derivations/icon/512/512/true/eyJpZCI6ImFmYjEyYjVjYTU2YWI5ZDJhMTVmNGY2MDg2NWFlNzgxIiwic3RvcmFnZSI6InB1YmxpY19zdG9yZSJ9?signature=b537a8cc5a2c0f90f1702b2c541db44c3a740a0ec4a96e92ab2d6537f9320e8d",
            "productDescription": ""
        },
        "priceData": {
            "bestPrice": "3.50",
            "price": "3.50",
            "pricePerLitre": 7.0,
            "bestPricePerLitre": 7.0
        },
        "store": {
            "id": "5e532870ec28665271010f05",
            "name": "Takaka"
        },
        "timestamp": "2021-08-16T18:18:26.504877"
    },
    {
        "productData": {
            "name": "V Energy Drink Sugar Free Guarana 275ml 4 Pack",
            "productId": "v-energy-drink-sugar-free-guarana-275ml-4-pack",
            "productShopPage": "https://takaka.store.freshchoice.co.nz/lines/v-energy-drink-sugar-free-guarana-275ml-4-pack",
            "productImageURL": "https://dtgxwmigmg3gc.cloudfront.net/imagery/assets/derivations/icon/512/512/true/eyJpZCI6IjdiYzk4MzAyN2RlNTU0MjQ4NDZkZTEzOTYzMDhmZWY0Iiwic3RvcmFnZSI6InB1YmxpY19zdG9yZSJ9?signature=6fe2c0378a010de1a1a8a9b1ea9c06d97cf3e6fef4a86c66b9cdd5f4bab7bcd6",
            "productDescription": ""
        },
        "priceData": {
            "bestPrice": "7.10",
            "price": "7.10",
            "pricePerLitre": 8.5,
            "bestPricePerLitre": 8.5
        },
        "store": {
            "id": "5e532870ec28665271010f05",
            "name": "Takaka"
        },
        "timestamp": "2021-08-16T18:18:29.736583"
    },
    {
        "productData": {
            "name": "V Pure Energy Drink Bottle 330ml",
            "productId": "v-pure-330ml-bottle",
            "productShopPage": "https://takaka.store.freshchoice.co.nz/lines/v-pure-330ml-bottle",
            "productImageURL": "https://dtgxwmigmg3gc.cloudfront.net/imagery/assets/derivations/icon/512/512/true/eyJpZCI6ImFjZmFlNGE1MmQ1ZmNhOTVhN2IyNzdhOGQ3ZTBjNTY0Iiwic3RvcmFnZSI6InB1YmxpY19zdG9yZSJ9?signature=ff03797de044ef70d02854192249a79b3cd819353c7171ef7358378e76bfc089",
            "productDescription": ""
        },
        "priceData": {
            "bestPrice": "3.50",
            "price": "3.50",
            "pricePerLitre": 10.600000000000001,
            "bestPricePerLitre": 10.600000000000001
        },
        "store": {
            "id": "5e532870ec28665271010f05",
            "name": "Takaka"
        },
        "timestamp": "2021-08-16T18:18:34.781895"
    },
    {
        "productData": {
            "name": "Monster Super Fuel Zero Sugar 550ml",
            "productId": "monster-super-fuel-zero-sugar-550ml",
            "productShopPage": "https://takaka.store.freshchoice.co.nz/lines/monster-super-fuel-zero-sugar-550ml",
            "productImageURL": "https://dtgxwmigmg3gc.cloudfront.net/imagery/assets/derivations/icon/512/512/true/eyJpZCI6IjRkOTE3NzhmODIxNDI1ZDJjNDg3Yjc0M2YyMzEyYmYxIiwic3RvcmFnZSI6InB1YmxpY19zdG9yZSJ9?signature=4b9dbd15c40f85466e597873c567f989183b284947e8c8dc4df58667789214a2",
            "productDescription": ""
        },
        "priceData": {
            "bestPrice": "3.50",
            "price": "3.50",
            "pricePerLitre": 7.3,
            "bestPricePerLitre": 7.3
        },
        "store": {
            "id": "5e532870ec28665271010f05",
            "name": "Takaka"
        },
        "timestamp": "2021-08-16T18:18:40.182669"
    },
    {
        "productData": {
            "name": "Monster Super Fuel Purple Passion 550ml",
            "productId": "monster-super-fuel-purple-passion-550ml",
            "productShopPage": "https://takaka.store.freshchoice.co.nz/lines/monster-super-fuel-purple-passion-550ml",
            "productImageURL": "https://dtgxwmigmg3gc.cloudfront.net/imagery/assets/derivations/icon/512/512/true/eyJpZCI6IjNkMTY1OTQwMzgyOTZjZjVlMjNlNjBjMDQ3NTE1YWM0Iiwic3RvcmFnZSI6InB1YmxpY19zdG9yZSJ9?signature=4d4ccd77dab941d955a8037242a41833afdc7251d3bd5b5c4b99705770273998",
            "productDescription": ""
        },
        "priceData": {
            "bestPrice": "3.50",
            "price": "3.50",
            "pricePerLitre": 7.3,
            "bestPricePerLitre": 7.3
        },
        "store": {
            "id": "5e532870ec28665271010f05",
            "name": "Takaka"
        },
        "timestamp": "2021-08-16T18:18:44.543079"
    },
    {
        "productData": {
            "name": "Monster Energy Pipeline Punch 500ml",
            "productId": "monster-energy-pipeline-punch-500ml",
            "productShopPage": "https://takaka.store.freshchoice.co.nz/lines/monster-energy-pipeline-punch-500ml",
            "productImageURL": "https://dtgxwmigmg3gc.cloudfront.net/imagery/assets/derivations/icon/512/512/true/eyJpZCI6IjM3ZWY2OTY5OWFlNTJlZTRjNTY1ZmFmYWIwOTIxMjg4Iiwic3RvcmFnZSI6InB1YmxpY19zdG9yZSJ9?signature=79ed6699c35bd716a9d5d9457c39ce62c523edaa4059b6b45d4dcc7caf65cef9",
            "productDescription": ""
        },
        "priceData": {
            "bestPrice": "2.50",
            "price": "2.50",
            "pricePerLitre": 6.0,
            "bestPricePerLitre": 6.0
        },
        "store": {
            "id": "5e532870ec28665271010f05",
            "name": "Takaka"
        },
        "timestamp": "2021-08-16T18:18:45.611704"
    },
    {
        "productData": {
            "name": "Live Plus Energy Drink Citrus Flavour 500ml",
            "productId": "live-plus-persist-500ml",
            "productShopPage": "https://takaka.store.freshchoice.co.nz/lines/live-plus-persist-500ml",
            "productImageURL": "https://dtgxwmigmg3gc.cloudfront.net/imagery/assets/derivations/icon/512/512/true/eyJpZCI6IjFlNWQ5YzI4OWM1N2UzNmYzZmI2NThlMDQzZTI3ZjE4Iiwic3RvcmFnZSI6InB1YmxpY19zdG9yZSJ9?signature=756b17fefe47174b90e7dbec8cd09db27f9f59f4994bc750b71256ae93ba9fa8",
            "productDescription": ""
        },
        "priceData": {
            "bestPrice": "2.00",
            "price": "2.00",
            "pricePerLitre": 4.0,
            "bestPricePerLitre": 4.0
        },
        "store": {
            "id": "5e532870ec28665271010f05",
            "name": "Takaka"
        },
        "timestamp": "2021-08-16T18:18:46.683371"
    },
    {
        "productData": {
            "name": "Live Plus Energy Drink Tart Apple Apple Flavour 500ml",
            "productId": "live-plus-ignite-500ml",
            "productShopPage": "https://takaka.store.freshchoice.co.nz/lines/live-plus-ignite-500ml",
            "productImageURL": "https://dtgxwmigmg3gc.cloudfront.net/imagery/assets/derivations/icon/512/512/true/eyJpZCI6IjViOGViZjhmZTQzYjFlYTMzNDM5YjJjMjg3ZDRmY2YyIiwic3RvcmFnZSI6InB1YmxpY19zdG9yZSJ9?signature=140ae19352cd0dcec7e77f90fa4dfaa9fa17086439f730510afc5d906e1415bf",
            "productDescription": ""
        },
        "priceData": {
            "bestPrice": "2.00",
            "price": "2.00",
            "pricePerLitre": 4.0,
            "bestPricePerLitre": 4.0
        },
        "store": {
            "id": "5e532870ec28665271010f05",
            "name": "Takaka"
        },
        "timestamp": "2021-08-16T18:18:47.940578"
    },
    {
        "productData": {
            "name": "V Guarana Energy Drink Blue Sugarfree 250ml",
            "productId": "v-blue-sugarfree-energy-drink-250ml",
            "productShopPage": "https://takaka.store.freshchoice.co.nz/lines/v-blue-sugarfree-energy-drink-250ml",
            "productImageURL": "https://dtgxwmigmg3gc.cloudfront.net/imagery/assets/derivations/icon/512/512/true/eyJpZCI6IjI3YWJiOTVhYjNhMjEwMDU2MWJhMmRhNTM3YjRhZjVmIiwic3RvcmFnZSI6InB1YmxpY19zdG9yZSJ9?signature=66769306ca1d0ba674603954d338186dc999f6d1839090d49fde9416b3252365",
            "productDescription": ""
        },
        "priceData": {
            "bestPrice": "2.20",
            "price": "2.20",
            "pricePerLitre": 8.8,
            "bestPricePerLitre": 8.8
        },
        "store": {
            "id": "5e532870ec28665271010f05",
            "name": "Takaka"
        },
        "timestamp": "2021-08-16T18:18:49.044758"
    },
    {
        "productData": {
            "name": "Live Plus Energy Drink Original Citrus Flavour 355ml",
            "productId": "live-plus-persist-glass-355ml",
            "productShopPage": "https://takaka.store.freshchoice.co.nz/lines/live-plus-persist-glass-355ml",
            "productImageURL": "https://dtgxwmigmg3gc.cloudfront.net/imagery/assets/derivations/icon/512/512/true/eyJpZCI6ImYzMjZlMTdmMmI5ZGRjZGYzYmFmNzNiMWQzN2Y5NDI4Iiwic3RvcmFnZSI6InB1YmxpY19zdG9yZSJ9?signature=8fa31eb2b309e9c7a293ba2e7a7541e3cdc686b1d3f519044aa97c666ae5f630",
            "productDescription": ""
        },
        "priceData": {
            "bestPrice": "2.00",
            "price": "2.00",
            "pricePerLitre": 7.9,
            "bestPricePerLitre": 7.9
        },
        "store": {
            "id": "5e532870ec28665271010f05",
            "name": "Takaka"
        },
        "timestamp": "2021-08-16T18:18:51.454035"
    },
    {
        "productData": {
            "name": "Live Plus Energy Drink Original Citrus Flavour 6x250ml",
            "productId": "live-plus-persist-250ml-6pack",
            "productShopPage": "https://takaka.store.freshchoice.co.nz/lines/live-plus-persist-250ml-6pack",
            "productImageURL": "https://dtgxwmigmg3gc.cloudfront.net/imagery/assets/derivations/icon/512/512/true/eyJpZCI6IjNmODNiNGI4MzI4MzJmNzhjZmJhNDA1OGUyZWFlM2ZhIiwic3RvcmFnZSI6InB1YmxpY19zdG9yZSJ9?signature=0257f943d0c41562773e51cbd42327ad911228832e33494e9c30381e20305337",
            "productDescription": ""
        },
        "priceData": {
            "bestPrice": "7.70",
            "price": "7.70",
            "pricePerLitre": 5.1,
            "bestPricePerLitre": 5.1
        },
        "store": {
            "id": "5e532870ec28665271010f05",
            "name": "Takaka"
        },
        "timestamp": "2021-08-16T18:18:52.517857"
    },
    {
        "productData": {
            "name": "Rockstar Punched Energy Guava 500ml",
            "productId": "rockstar-punched-energy-guava-500ml",
            "productShopPage": "https://takaka.store.freshchoice.co.nz/lines/rockstar-punched-energy-guava-500ml",
            "productImageURL": "https://dtgxwmigmg3gc.cloudfront.net/imagery/assets/derivations/icon/512/512/true/eyJpZCI6IjBmNGEyNjU2MGQwM2Y4OGI4MWE3ZTMyODUzYTRlN2QyIiwic3RvcmFnZSI6InB1YmxpY19zdG9yZSJ9?signature=fab45ac774e74d87cf7a79de075f47290676fd6d4afcf212198c745670d5ce29",
            "productDescription": ""
        },
        "priceData": {
            "bestPrice": "2.00",
            "price": "2.00",
            "pricePerLitre": 4.0,
            "bestPricePerLitre": 4.0
        },
        "store": {
            "id": "5e532870ec28665271010f05",
            "name": "Takaka"
        },
        "timestamp": "2021-08-16T18:18:56.604177"
    },
    {
        "productData": {
            "name": "Monster Energy Drink Ultra Rosa 500ml",
            "productId": "monster-energy-drink-ultra-rosa-500ml",
            "productShopPage": "https://teanau.store.freshchoice.co.nz/lines/monster-energy-drink-ultra-rosa-500ml",
            "productImageURL": "https://dtgxwmigmg3gc.cloudfront.net/imagery/assets/derivations/icon/512/512/true/eyJpZCI6IjZjYzFjMzcwYzM4Mzk4N2MyOTUzNWIyMTFjZTJlYjgxIiwic3RvcmFnZSI6InB1YmxpY19zdG9yZSJ9?signature=9cd08284785f9b24647ecc7d1dc08214d9d00318cc809bebdef1921d6b78bb95",
            "productDescription": ""
        },
        "priceData": {
            "bestPrice": "2.50",
            "price": "2.50",
            "pricePerLitre": 6.0,
            "bestPricePerLitre": 6.0
        },
        "store": {
            "id": "5cb68105583abc41610e0b19",
            "name": "Te Anau"
        },
        "timestamp": "2021-08-16T18:19:06.023764"
    },
    {
        "productData": {
            "name": "Monster Energy Pipeline Punch 500ml",
            "productId": "monster-energy-p-line-pnch-500ml",
            "productShopPage": "https://teanau.store.freshchoice.co.nz/lines/monster-energy-p-line-pnch-500ml",
            "productImageURL": "https://dtgxwmigmg3gc.cloudfront.net/imagery/assets/derivations/icon/512/512/true/eyJpZCI6IjM3ZWY2OTY5OWFlNTJlZTRjNTY1ZmFmYWIwOTIxMjg4Iiwic3RvcmFnZSI6InB1YmxpY19zdG9yZSJ9?signature=79ed6699c35bd716a9d5d9457c39ce62c523edaa4059b6b45d4dcc7caf65cef9",
            "productDescription": ""
        },
        "priceData": {
            "bestPrice": "2.50",
            "price": "2.50",
            "pricePerLitre": 6.0,
            "bestPricePerLitre": 6.0
        },
        "store": {
            "id": "5cb68105583abc41610e0b19",
            "name": "Te Anau"
        },
        "timestamp": "2021-08-16T18:19:07.152953"
    },
    {
        "productData": {
            "name": "Mother Tropical Blast 500ml",
            "productId": "mother-tropical-blast-500ml",
            "productShopPage": "https://teanau.store.freshchoice.co.nz/lines/mother-tropical-blast-500ml",
            "productImageURL": "https://dtgxwmigmg3gc.cloudfront.net/imagery/assets/derivations/icon/512/512/true/eyJpZCI6ImEyZmM1OTUwNDhlODM5YTRhMjQ2MTI1OGEyYzNlZWZhIiwic3RvcmFnZSI6InB1YmxpY19zdG9yZSJ9?signature=6c9470ee4067e8ec32b58eeac9d628404d3986058a9b1cdef46014d1bee50944",
            "productDescription": ""
        },
        "priceData": {
            "bestPrice": "2.00",
            "price": "2.00",
            "pricePerLitre": 4.0,
            "bestPricePerLitre": 4.0
        },
        "store": {
            "id": "5cb68105583abc41610e0b19",
            "name": "Te Anau"
        },
        "timestamp": "2021-08-16T18:19:12.860314"
    },
    {
        "productData": {
            "name": "Mother Epic Swell Energy Drink Twisted Apple 500ml",
            "productId": "mother-epic-swell-energy-drink-twisted-apple-500ml",
            "productShopPage": "https://teanau.store.freshchoice.co.nz/lines/mother-epic-swell-energy-drink-twisted-apple-500ml",
            "productImageURL": "https://dtgxwmigmg3gc.cloudfront.net/imagery/assets/derivations/icon/512/512/true/eyJpZCI6ImE2ZjYxOGNhNjUyYzMxNzRhNjg2MDBhMGVjZmQ3MmJkIiwic3RvcmFnZSI6InB1YmxpY19zdG9yZSJ9?signature=954f74f8aba0fb24cb2a5248b1e93fe8a62fb8c7f902abbb08b7aed24bc44c80",
            "productDescription": ""
        },
        "priceData": {
            "bestPrice": "2.00",
            "price": "2.00",
            "pricePerLitre": 6.0,
            "bestPricePerLitre": 6.0
        },
        "store": {
            "id": "5cb68105583abc41610e0b19",
            "name": "Te Anau"
        },
        "timestamp": "2021-08-16T18:19:14.926998"
    },
    {
        "productData": {
            "name": "V Energy Drink Sugar Free Guarana 500ml",
            "productId": "v-energy-drink-sugar-free-guarana-500ml",
            "productShopPage": "https://teanau.store.freshchoice.co.nz/lines/v-energy-drink-sugar-free-guarana-500ml",
            "productImageURL": "https://dtgxwmigmg3gc.cloudfront.net/imagery/assets/derivations/icon/512/512/true/eyJpZCI6Ijg4MGExMDYxOTY4NTJiYzM1ZTExMmU2MGE2OWYxNDE3Iiwic3RvcmFnZSI6InB1YmxpY19zdG9yZSJ9?signature=b0536d25b9da8158705e24c88e21fabbf85c1dabc19f18108c386e956ffd7045",
            "productDescription": ""
        },
        "priceData": {
            "bestPrice": "3.50",
            "price": "3.50",
            "pricePerLitre": 7.0,
            "bestPricePerLitre": 7.0
        },
        "store": {
            "id": "5cb68105583abc41610e0b19",
            "name": "Te Anau"
        },
        "timestamp": "2021-08-16T18:19:28.840364"
    },
    {
        "productData": {
            "name": "V Blue Sugarfree Energy Drink 500ml",
            "productId": "v-blue-sugarfree-energy-drink-500ml",
            "productShopPage": "https://teanau.store.freshchoice.co.nz/lines/v-blue-sugarfree-energy-drink-500ml",
            "productImageURL": "https://dtgxwmigmg3gc.cloudfront.net/imagery/assets/derivations/icon/512/512/true/eyJpZCI6ImVmYjQyOWRmM2JjZjc3NTY1ZDIwMTEyNTY0MDdmZjA1Iiwic3RvcmFnZSI6InB1YmxpY19zdG9yZSJ9?signature=2911d59474d8305039a3be3bef0f887c38d9ab84596314b13cc4b150101175ab",
            "productDescription": ""
        },
        "priceData": {
            "bestPrice": "3.50",
            "price": "3.50",
            "pricePerLitre": 7.0,
            "bestPricePerLitre": 7.0
        },
        "store": {
            "id": "5cb68105583abc41610e0b19",
            "name": "Te Anau"
        },
        "timestamp": "2021-08-16T18:19:32.788516"
    },
    {
        "productData": {
            "name": "Monster Super Fuel Zero Sugar 550ml",
            "productId": "monster-super-fuel-zero-sugar-550ml",
            "productShopPage": "https://teanau.store.freshchoice.co.nz/lines/monster-super-fuel-zero-sugar-550ml",
            "productImageURL": "https://dtgxwmigmg3gc.cloudfront.net/imagery/assets/derivations/icon/512/512/true/eyJpZCI6IjRkOTE3NzhmODIxNDI1ZDJjNDg3Yjc0M2YyMzEyYmYxIiwic3RvcmFnZSI6InB1YmxpY19zdG9yZSJ9?signature=4b9dbd15c40f85466e597873c567f989183b284947e8c8dc4df58667789214a2",
            "productDescription": ""
        },
        "priceData": {
            "bestPrice": "3.50",
            "price": "3.50",
            "pricePerLitre": 7.3,
            "bestPricePerLitre": 7.3
        },
        "store": {
            "id": "5cb68105583abc41610e0b19",
            "name": "Te Anau"
        },
        "timestamp": "2021-08-16T18:19:50.214549"
    },
    {
        "productData": {
            "name": "Monster Mule Ginger Brew 500ml",
            "productId": "monster-mule-ginger-brew-500ml",
            "productShopPage": "https://teanau.store.freshchoice.co.nz/lines/monster-mule-ginger-brew-500ml",
            "productImageURL": "https://dtgxwmigmg3gc.cloudfront.net/imagery/assets/derivations/icon/512/512/true/eyJpZCI6ImM1OTM5MTIyZTRlNmNhNzk0ODFlMDE4ZWVmMWE2Y2ZlIiwic3RvcmFnZSI6InB1YmxpY19zdG9yZSJ9?signature=5d11287f30ef58c148e37382d61c0d83097d5461683a9aa5dd9456941c1f32e5",
            "productDescription": ""
        },
        "priceData": {
            "bestPrice": "2.50",
            "price": "2.50",
            "pricePerLitre": 6.0,
            "bestPricePerLitre": 6.0
        },
        "store": {
            "id": "5cb68105583abc41610e0b19",
            "name": "Te Anau"
        },
        "timestamp": "2021-08-16T18:19:51.303446"
    },
    {
        "productData": {
            "name": "Monster Super Fuel Purple Passion 550ml",
            "productId": "monster-super-fuel-purple-passion-550ml",
            "productShopPage": "https://teanau.store.freshchoice.co.nz/lines/monster-super-fuel-purple-passion-550ml",
            "productImageURL": "https://dtgxwmigmg3gc.cloudfront.net/imagery/assets/derivations/icon/512/512/true/eyJpZCI6IjNkMTY1OTQwMzgyOTZjZjVlMjNlNjBjMDQ3NTE1YWM0Iiwic3RvcmFnZSI6InB1YmxpY19zdG9yZSJ9?signature=4d4ccd77dab941d955a8037242a41833afdc7251d3bd5b5c4b99705770273998",
            "productDescription": ""
        },
        "priceData": {
            "bestPrice": "3.50",
            "price": "3.50",
            "pricePerLitre": 7.3,
            "bestPricePerLitre": 7.3
        },
        "store": {
            "id": "5cb68105583abc41610e0b19",
            "name": "Te Anau"
        },
        "timestamp": "2021-08-16T18:19:54.098399"
    },
    {
        "productData": {
            "name": "V Guarana Energy Drink Blue Sugarfree 250ml",
            "productId": "v-blue-sugarfree-energy-drink-250ml",
            "productShopPage": "https://teanau.store.freshchoice.co.nz/lines/v-blue-sugarfree-energy-drink-250ml",
            "productImageURL": "https://dtgxwmigmg3gc.cloudfront.net/imagery/assets/derivations/icon/512/512/true/eyJpZCI6IjI3YWJiOTVhYjNhMjEwMDU2MWJhMmRhNTM3YjRhZjVmIiwic3RvcmFnZSI6InB1YmxpY19zdG9yZSJ9?signature=66769306ca1d0ba674603954d338186dc999f6d1839090d49fde9416b3252365",
            "productDescription": ""
        },
        "priceData": {
            "bestPrice": "2.20",
            "price": "2.20",
            "pricePerLitre": 8.8,
            "bestPricePerLitre": 8.8
        },
        "store": {
            "id": "5cb68105583abc41610e0b19",
            "name": "Te Anau"
        },
        "timestamp": "2021-08-16T18:19:58.208278"
    },
    {
        "productData": {
            "name": "Rockstar Energy Drink Blueberry Can 500ml",
            "productId": "rockstar-energy-drink-xdurance-blueberry-can-500ml",
            "productShopPage": "https://teanau.store.freshchoice.co.nz/lines/rockstar-energy-drink-xdurance-blueberry-can-500ml",
            "productImageURL": "https://dtgxwmigmg3gc.cloudfront.net/imagery/assets/derivations/icon/512/512/true/eyJpZCI6IjY1MTQ4NjBlZDIwNjhlNzI5ZmRhZGMxOTM0ODQyYWU3Iiwic3RvcmFnZSI6InB1YmxpY19zdG9yZSJ9?signature=1eec52fc35535ecd0973dd7428b24690138b0ff6988229d86ccc26bfb1bbfd24",
            "productDescription": ""
        },
        "priceData": {
            "bestPrice": "2.00",
            "price": "2.00",
            "pricePerLitre": 4.0,
            "bestPricePerLitre": 4.0
        },
        "store": {
            "id": "5cb68105583abc41610e0b19",
            "name": "Te Anau"
        },
        "timestamp": "2021-08-16T18:20:07.098598"
    },
    {
        "productData": {
            "name": "Mother Kicked Apple 500ml",
            "productId": "mother-kicked-apple-500ml",
            "productShopPage": "https://westport.store.freshchoice.co.nz/lines/mother-kicked-apple-500ml",
            "productImageURL": "https://dtgxwmigmg3gc.cloudfront.net/imagery/assets/derivations/icon/512/512/true/eyJpZCI6IjNhZTlkYjkwYTM4MDFjMGEwYjUwYThhMDAwYjkyZjM0Iiwic3RvcmFnZSI6InB1YmxpY19zdG9yZSJ9?signature=c1a1db0a5d7b074c388cf08560fd44a4a2b6127821554198e54eeea8474325f6",
            "productDescription": ""
        },
        "priceData": {
            "bestPrice": "2.00",
            "price": "2.00",
            "pricePerLitre": 4.0,
            "bestPricePerLitre": 4.0
        },
        "store": {
            "id": "58f6f38252ba0b28db0135b2",
            "name": "Westport"
        },
        "timestamp": "2021-08-16T18:20:08.232322"
    },
    {
        "productData": {
            "name": "Monster Energy Ultra Sunrise 500ml",
            "productId": "monster-energy-ultra-sunrise-500ml",
            "productShopPage": "https://westport.store.freshchoice.co.nz/lines/monster-energy-ultra-sunrise-500ml",
            "productImageURL": "https://dtgxwmigmg3gc.cloudfront.net/imagery/assets/derivations/icon/512/512/true/eyJpZCI6ImFlNTVkY2RiZTZiZjg3OGZjZTdlOTU1OTFhMDE4YTdiIiwic3RvcmFnZSI6InB1YmxpY19zdG9yZSJ9?signature=b98350feca08b6ab128cc925fef23a58f65a36f94ede15cb2174f6f88a0f8a0f",
            "productDescription": ""
        },
        "priceData": {
            "bestPrice": "2.50",
            "price": "2.50",
            "pricePerLitre": 5.0,
            "bestPricePerLitre": 5.0
        },
        "store": {
            "id": "58f6f38252ba0b28db0135b2",
            "name": "Westport"
        },
        "timestamp": "2021-08-16T18:20:12.205510"
    },
    {
        "productData": {
            "name": "Monster Energy Ultra Zero 500ml",
            "productId": "monster-energy-ultra-zero-500ml",
            "productShopPage": "https://westport.store.freshchoice.co.nz/lines/monster-energy-ultra-zero-500ml",
            "productImageURL": "https://dtgxwmigmg3gc.cloudfront.net/imagery/assets/derivations/icon/512/512/true/eyJpZCI6IjdhN2FhYTUwZWU2NTYwYjBiNGY1NThhMTgwNmVlODI3Iiwic3RvcmFnZSI6InB1YmxpY19zdG9yZSJ9?signature=7907c49ba7d043175a426f84a71776de7dd51fa5c249237063aca9cb098abdbe",
            "productDescription": ""
        },
        "priceData": {
            "bestPrice": "2.50",
            "price": "2.50",
            "pricePerLitre": 5.0,
            "bestPricePerLitre": 5.0
        },
        "store": {
            "id": "58f6f38252ba0b28db0135b2",
            "name": "Westport"
        },
        "timestamp": "2021-08-16T18:20:13.488472"
    },
    {
        "productData": {
            "name": "Monster Energy Drink Can Green 500ml",
            "productId": "monster-energy-green-500ml",
            "productShopPage": "https://westport.store.freshchoice.co.nz/lines/monster-energy-green-500ml",
            "productImageURL": "https://dtgxwmigmg3gc.cloudfront.net/imagery/assets/derivations/icon/512/512/true/eyJpZCI6ImU3ZjNiNjJiNzI4Y2M0MTIxMjhiNjQ2ZmQ2OTQzMGEzIiwic3RvcmFnZSI6InB1YmxpY19zdG9yZSJ9?signature=637eac56411f57a79f345ea693f1418330d5742c3a04caddb460696dba06da06",
            "productDescription": ""
        },
        "priceData": {
            "bestPrice": "2.50",
            "price": "2.50",
            "pricePerLitre": 5.0,
            "bestPricePerLitre": 5.0
        },
        "store": {
            "id": "58f6f38252ba0b28db0135b2",
            "name": "Westport"
        },
        "timestamp": "2021-08-16T18:20:14.542276"
    },
    {
        "productData": {
            "name": "Monster Energy Drink Ultra Rosa 500ml",
            "productId": "monster-energy-drink-ultra-rosa-500ml",
            "productShopPage": "https://westport.store.freshchoice.co.nz/lines/monster-energy-drink-ultra-rosa-500ml",
            "productImageURL": "https://dtgxwmigmg3gc.cloudfront.net/imagery/assets/derivations/icon/512/512/true/eyJpZCI6IjZjYzFjMzcwYzM4Mzk4N2MyOTUzNWIyMTFjZTJlYjgxIiwic3RvcmFnZSI6InB1YmxpY19zdG9yZSJ9?signature=9cd08284785f9b24647ecc7d1dc08214d9d00318cc809bebdef1921d6b78bb95",
            "productDescription": ""
        },
        "priceData": {
            "bestPrice": "2.50",
            "price": "2.50",
            "pricePerLitre": 5.0,
            "bestPricePerLitre": 5.0
        },
        "store": {
            "id": "58f6f38252ba0b28db0135b2",
            "name": "Westport"
        },
        "timestamp": "2021-08-16T18:20:15.669255"
    },
    {
        "productData": {
            "name": "Mother Energy Drink Berry 500ml",
            "productId": "mother-energy-drink-berry-500ml",
            "productShopPage": "https://westport.store.freshchoice.co.nz/lines/mother-energy-drink-berry-500ml",
            "productImageURL": "https://dtgxwmigmg3gc.cloudfront.net/imagery/assets/derivations/icon/512/512/true/eyJpZCI6ImRhYTJlNjUzNzRjZjViNjI0ZDljNzUzNDA3YmE0ZDFkIiwic3RvcmFnZSI6InB1YmxpY19zdG9yZSJ9?signature=d9ffb465d71d599811c2ff7a788845bfe297eb3624ad7866a89cf0b3ece073f0",
            "productDescription": ""
        },
        "priceData": {
            "bestPrice": "2.00",
            "price": "2.00",
            "pricePerLitre": 4.0,
            "bestPricePerLitre": 4.0
        },
        "store": {
            "id": "58f6f38252ba0b28db0135b2",
            "name": "Westport"
        },
        "timestamp": "2021-08-16T18:20:19.234253"
    },
    {
        "productData": {
            "name": "Mother Energy Drink Black 500ml",
            "productId": "mother-energy-drink-black-500ml",
            "productShopPage": "https://westport.store.freshchoice.co.nz/lines/mother-energy-drink-black-500ml",
            "productImageURL": "https://dtgxwmigmg3gc.cloudfront.net/imagery/assets/derivations/icon/512/512/true/eyJpZCI6ImYyMzA5MjhkYjg3ODFhYmYzZDU3ZjE1YjNmYzU2MWFjIiwic3RvcmFnZSI6InB1YmxpY19zdG9yZSJ9?signature=d3dbddb83d3d457075cd5d8936bef0c5b48fce4fa3fe725995d8b6d57219ceb5",
            "productDescription": ""
        },
        "priceData": {
            "bestPrice": "2.00",
            "price": "2.00",
            "pricePerLitre": 4.0,
            "bestPricePerLitre": 4.0
        },
        "store": {
            "id": "58f6f38252ba0b28db0135b2",
            "name": "Westport"
        },
        "timestamp": "2021-08-16T18:20:20.257003"
    },
    {
        "productData": {
            "name": "Mother Energy Drink Cans 6x250ml",
            "productId": "mother-energy-drink-6x250ml-cans",
            "productShopPage": "https://westport.store.freshchoice.co.nz/lines/mother-energy-drink-6x250ml-cans",
            "productImageURL": "https://dtgxwmigmg3gc.cloudfront.net/imagery/assets/derivations/icon/512/512/true/eyJpZCI6IjEyOGFhMmU0Y2VkYTU4ZWFkZmVhOWUwZjdlNTZhOTA4Iiwic3RvcmFnZSI6InB1YmxpY19zdG9yZSJ9?signature=5db1908f64527cf28fa7bf3266a83ab854a07ca50453511f7d414d8e6d5c10fb",
            "productDescription": ""
        },
        "priceData": {
            "bestPrice": "7.70",
            "price": "7.70",
            "pricePerLitre": 5.1,
            "bestPricePerLitre": 5.1
        },
        "store": {
            "id": "58f6f38252ba0b28db0135b2",
            "name": "Westport"
        },
        "timestamp": "2021-08-16T18:20:21.364265"
    },
    {
        "productData": {
            "name": "Mother Energy Drink Passion 500ml",
            "productId": "mother-energy-drink-passion-500ml",
            "productShopPage": "https://westport.store.freshchoice.co.nz/lines/mother-energy-drink-passion-500ml",
            "productImageURL": "https://dtgxwmigmg3gc.cloudfront.net/imagery/assets/derivations/icon/512/512/true/eyJpZCI6ImQwODE2YTc4ZjBmNGU4NTU5Mzg1YjkxZmI5YjIzZjM0Iiwic3RvcmFnZSI6InB1YmxpY19zdG9yZSJ9?signature=713c495fef96a6427b917f0c7c7e855a963749ac5c1bf7dfd71e24ae08ea3123",
            "productDescription": ""
        },
        "priceData": {
            "bestPrice": "2.00",
            "price": "2.00",
            "pricePerLitre": 4.0,
            "bestPricePerLitre": 4.0
        },
        "store": {
            "id": "58f6f38252ba0b28db0135b2",
            "name": "Westport"
        },
        "timestamp": "2021-08-16T18:20:22.421406"
    },
    {
        "productData": {
            "name": "Mother Tropical Blast 500ml",
            "productId": "mother-tropical-blast-500ml",
            "productShopPage": "https://westport.store.freshchoice.co.nz/lines/mother-tropical-blast-500ml",
            "productImageURL": "https://dtgxwmigmg3gc.cloudfront.net/imagery/assets/derivations/icon/512/512/true/eyJpZCI6ImEyZmM1OTUwNDhlODM5YTRhMjQ2MTI1OGEyYzNlZWZhIiwic3RvcmFnZSI6InB1YmxpY19zdG9yZSJ9?signature=6c9470ee4067e8ec32b58eeac9d628404d3986058a9b1cdef46014d1bee50944",
            "productDescription": ""
        },
        "priceData": {
            "bestPrice": "2.00",
            "price": "2.00",
            "pricePerLitre": 4.0,
            "bestPricePerLitre": 4.0
        },
        "store": {
            "id": "58f6f38252ba0b28db0135b2",
            "name": "Westport"
        },
        "timestamp": "2021-08-16T18:20:23.398360"
    },
    {
        "productData": {
            "name": "Mother Epic Swell Energy Drink Twisted Apple 500ml",
            "productId": "mother-epic-swell-energy-drink-twisted-apple-500ml",
            "productShopPage": "https://westport.store.freshchoice.co.nz/lines/mother-epic-swell-energy-drink-twisted-apple-500ml",
            "productImageURL": "https://dtgxwmigmg3gc.cloudfront.net/imagery/assets/derivations/icon/512/512/true/eyJpZCI6ImE2ZjYxOGNhNjUyYzMxNzRhNjg2MDBhMGVjZmQ3MmJkIiwic3RvcmFnZSI6InB1YmxpY19zdG9yZSJ9?signature=954f74f8aba0fb24cb2a5248b1e93fe8a62fb8c7f902abbb08b7aed24bc44c80",
            "productDescription": ""
        },
        "priceData": {
            "bestPrice": "2.00",
            "price": "2.00",
            "pricePerLitre": 4.0,
            "bestPricePerLitre": 4.0
        },
        "store": {
            "id": "58f6f38252ba0b28db0135b2",
            "name": "Westport"
        },
        "timestamp": "2021-08-16T18:20:25.732445"
    },
    {
        "productData": {
            "name": "Monster Energy Juice Mango Loco 500ml",
            "productId": "monster-energy-juice-mango-loco-500ml-can",
            "productShopPage": "https://westport.store.freshchoice.co.nz/lines/monster-energy-juice-mango-loco-500ml-can",
            "productImageURL": "https://dtgxwmigmg3gc.cloudfront.net/imagery/assets/derivations/icon/512/512/true/eyJpZCI6ImUyNmIyNzdlMzJkOTg5NjI4YWYxYzg2MTU2MjI0ZjgzIiwic3RvcmFnZSI6InB1YmxpY19zdG9yZSJ9?signature=db65ff44183396e60e8f4c13003417fb1277f7685b136cf223d7701f7e945faf",
            "productDescription": ""
        },
        "priceData": {
            "bestPrice": "2.50",
            "price": "2.50",
            "pricePerLitre": 5.0,
            "bestPricePerLitre": 5.0
        },
        "store": {
            "id": "58f6f38252ba0b28db0135b2",
            "name": "Westport"
        },
        "timestamp": "2021-08-16T18:20:26.855375"
    },
    {
        "productData": {
            "name": "V Energy Drink Guarana 500ml",
            "productId": "v-energy-drink-guarana-500ml",
            "productShopPage": "https://westport.store.freshchoice.co.nz/lines/v-energy-drink-guarana-500ml",
            "productImageURL": "https://dtgxwmigmg3gc.cloudfront.net/imagery/assets/derivations/icon/512/512/true/eyJpZCI6IjgzZDAxMjhiMzg4NmEwZmE4YTE2ZjY2NWIzNmM2NzI2Iiwic3RvcmFnZSI6InB1YmxpY19zdG9yZSJ9?signature=f55ecc561066291a4e74a967db35ea2355f881bd1708bf400fd790032384ae4f",
            "productDescription": ""
        },
        "priceData": {
            "bestPrice": "2.50",
            "price": "2.50",
            "pricePerLitre": 5.0,
            "bestPricePerLitre": 5.0
        },
        "store": {
            "id": "58f6f38252ba0b28db0135b2",
            "name": "Westport"
        },
        "timestamp": "2021-08-16T18:20:29.175874"
    },
    {
        "productData": {
            "name": "V Energy Drink Sugarfree 500ml",
            "productId": "v-energy-drink-sugarfree-500ml",
            "productShopPage": "https://westport.store.freshchoice.co.nz/lines/v-energy-drink-sugarfree-500ml",
            "productImageURL": "https://dtgxwmigmg3gc.cloudfront.net/imagery/assets/derivations/icon/512/512/true/eyJpZCI6ImVkZTAxNTNmMDI1NmU1NDZjNWQ5MTc3MjE3ZTQ3YTQ0Iiwic3RvcmFnZSI6InB1YmxpY19zdG9yZSJ9?signature=abcf72d9faa9ee3044eaa3b7ee0bf9b4fd8f582379018d8727f2234b7d3f3c85",
            "productDescription": ""
        },
        "priceData": {
            "bestPrice": "2.50",
            "price": "2.50",
            "pricePerLitre": 5.0,
            "bestPricePerLitre": 5.0
        },
        "store": {
            "id": "58f6f38252ba0b28db0135b2",
            "name": "Westport"
        },
        "timestamp": "2021-08-16T18:20:30.236569"
    },
    {
        "productData": {
            "name": "V Energy Drink Sugar Free Guarana 250ml",
            "productId": "v-energy-drink-sugar-free-guarana-250ml",
            "productShopPage": "https://westport.store.freshchoice.co.nz/lines/v-energy-drink-sugar-free-guarana-250ml",
            "productImageURL": "https://dtgxwmigmg3gc.cloudfront.net/imagery/assets/derivations/icon/512/512/true/eyJpZCI6ImZiNzM1NmU4NTMyZDllODlkZTljZmNlOGY2MzQ5NGQwIiwic3RvcmFnZSI6InB1YmxpY19zdG9yZSJ9?signature=72b0ce0a48ca796717c115fe5e8b4564501470f63bf80ae865d26e9d131a2b8c",
            "productDescription": ""
        },
        "priceData": {
            "bestPrice": "2.20",
            "price": "2.20",
            "pricePerLitre": 8.8,
            "bestPricePerLitre": 8.8
        },
        "store": {
            "id": "58f6f38252ba0b28db0135b2",
            "name": "Westport"
        },
        "timestamp": "2021-08-16T18:20:31.316122"
    },
    {
        "productData": {
            "name": "V Energy Drink Blue Guarana Spritzed 350ml",
            "productId": "v-blue-energy-drink-blue-guarana-spritzed-350ml",
            "productShopPage": "https://westport.store.freshchoice.co.nz/lines/v-blue-energy-drink-blue-guarana-spritzed-350ml",
            "productImageURL": "https://dtgxwmigmg3gc.cloudfront.net/imagery/assets/derivations/icon/512/512/true/eyJpZCI6ImY2OTRlZGI4NjdlNWMzZDM5NzgzMDQ0ODFkMzUxZGZiIiwic3RvcmFnZSI6InB1YmxpY19zdG9yZSJ9?signature=591b3079cb9c2407a29b3bc348eaf42dc1d34daba5c9d7aba65be654725b6719",
            "productDescription": ""
        },
        "priceData": {
            "bestPrice": "3.50",
            "price": "3.50",
            "pricePerLitre": 10.0,
            "bestPricePerLitre": 10.0
        },
        "store": {
            "id": "58f6f38252ba0b28db0135b2",
            "name": "Westport"
        },
        "timestamp": "2021-08-16T18:20:33.581894"
    },
    {
        "productData": {
            "name": "V Energy Drink Green Guarana 350ml",
            "productId": "v-energy-drink-green-guarana-350ml",
            "productShopPage": "https://westport.store.freshchoice.co.nz/lines/v-energy-drink-green-guarana-350ml",
            "productImageURL": "https://dtgxwmigmg3gc.cloudfront.net/imagery/assets/derivations/icon/512/512/true/eyJpZCI6IjRiNjY4ZjYxOTQ2ODYyN2MzM2NiZWMyNGUyNmIyODk4Iiwic3RvcmFnZSI6InB1YmxpY19zdG9yZSJ9?signature=4cded9cb42349eef45a593461f311b1bb7fa881295733879671ad9fe9887d30c",
            "productDescription": ""
        },
        "priceData": {
            "bestPrice": "3.50",
            "price": "3.50",
            "pricePerLitre": 10.0,
            "bestPricePerLitre": 10.0
        },
        "store": {
            "id": "58f6f38252ba0b28db0135b2",
            "name": "Westport"
        },
        "timestamp": "2021-08-16T18:20:34.745236"
    },
    {
        "productData": {
            "name": "V Energy Drink Guarana Can 250ml",
            "productId": "v-energy-drink-guarana-can-250ml",
            "productShopPage": "https://westport.store.freshchoice.co.nz/lines/v-energy-drink-guarana-can-250ml",
            "productImageURL": "https://dtgxwmigmg3gc.cloudfront.net/imagery/assets/derivations/icon/512/512/true/eyJpZCI6Ijc3Nzk1NjE2ZDhhNmFiMThhYzEzODYzOTg2ZmNkNzgwIiwic3RvcmFnZSI6InB1YmxpY19zdG9yZSJ9?signature=f5de1854d43e19cc62bff86893d4a55615cd916f8425a4dccd170b52eba81255",
            "productDescription": ""
        },
        "priceData": {
            "bestPrice": "2.20",
            "price": "2.20",
            "pricePerLitre": 8.8,
            "bestPricePerLitre": 8.8
        },
        "store": {
            "id": "58f6f38252ba0b28db0135b2",
            "name": "Westport"
        },
        "timestamp": "2021-08-16T18:20:36.010901"
    },
    {
        "productData": {
            "name": "V Energy Drink Guarana Can 500ml",
            "productId": "v-energy-drink-guarana-can-500ml",
            "productShopPage": "https://westport.store.freshchoice.co.nz/lines/v-energy-drink-guarana-can-500ml",
            "productImageURL": "https://dtgxwmigmg3gc.cloudfront.net/imagery/assets/derivations/icon/512/512/true/eyJpZCI6ImI0NjgzNGZjNDRkMjU0MjgzYzJjZGNhMzA2NWIxYjA5Iiwic3RvcmFnZSI6InB1YmxpY19zdG9yZSJ9?signature=265e8273409849423466e7623cbbdf8352940707b8830803eec391e8f32c9c5f",
            "productDescription": ""
        },
        "priceData": {
            "bestPrice": "3.50",
            "price": "3.50",
            "pricePerLitre": 7.0,
            "bestPricePerLitre": 7.0
        },
        "store": {
            "id": "58f6f38252ba0b28db0135b2",
            "name": "Westport"
        },
        "timestamp": "2021-08-16T18:20:37.268304"
    },
    {
        "productData": {
            "name": "V Energy Drink Raspberry Lemonade 350ml",
            "productId": "v-energy-drink-raspberry-lemonade-350ml",
            "productShopPage": "https://westport.store.freshchoice.co.nz/lines/v-energy-drink-raspberry-lemonade-350ml",
            "productImageURL": "https://dtgxwmigmg3gc.cloudfront.net/imagery/assets/derivations/icon/512/512/true/eyJpZCI6IjliNWMwMGJkN2IxYWRhY2UxNzU5NzY1ZTI4MjUzZDgyIiwic3RvcmFnZSI6InB1YmxpY19zdG9yZSJ9?signature=1813e587f3636e394a15aa9e19234f9343024a6880220b0dda0a5d69b1f1c010",
            "productDescription": ""
        },
        "priceData": {
            "bestPrice": "3.50",
            "price": "3.50",
            "pricePerLitre": 10.0,
            "bestPricePerLitre": 10.0
        },
        "store": {
            "id": "58f6f38252ba0b28db0135b2",
            "name": "Westport"
        },
        "timestamp": "2021-08-16T18:20:39.510152"
    },
    {
        "productData": {
            "name": "V Energy Drink Sugar Free Guarana 500ml",
            "productId": "v-energy-drink-sugar-free-guarana-500ml",
            "productShopPage": "https://westport.store.freshchoice.co.nz/lines/v-energy-drink-sugar-free-guarana-500ml",
            "productImageURL": "https://dtgxwmigmg3gc.cloudfront.net/imagery/assets/derivations/icon/512/512/true/eyJpZCI6Ijg4MGExMDYxOTY4NTJiYzM1ZTExMmU2MGE2OWYxNDE3Iiwic3RvcmFnZSI6InB1YmxpY19zdG9yZSJ9?signature=b0536d25b9da8158705e24c88e21fabbf85c1dabc19f18108c386e956ffd7045",
            "productDescription": ""
        },
        "priceData": {
            "bestPrice": "3.50",
            "price": "3.50",
            "pricePerLitre": 7.0,
            "bestPricePerLitre": 7.0
        },
        "store": {
            "id": "58f6f38252ba0b28db0135b2",
            "name": "Westport"
        },
        "timestamp": "2021-08-16T18:20:40.720846"
    },
    {
        "productData": {
            "name": "V Blue Energy Drink Bottle 500ml",
            "productId": "v-blue-energy-drink-bottle-500ml",
            "productShopPage": "https://westport.store.freshchoice.co.nz/lines/v-blue-energy-drink-bottle-500ml",
            "productImageURL": "https://dtgxwmigmg3gc.cloudfront.net/imagery/assets/derivations/icon/512/512/true/eyJpZCI6IjgyYWYxYWY4MGI4MzUxODhiYmVhZGVhM2U2NzY0MzI5Iiwic3RvcmFnZSI6InB1YmxpY19zdG9yZSJ9?signature=7e70fc576864a528a1431734d680cbf177a11b419a692dbfd34800c31b8944ec",
            "productDescription": ""
        },
        "priceData": {
            "bestPrice": "2.50",
            "price": "2.50",
            "pricePerLitre": 5.0,
            "bestPricePerLitre": 5.0
        },
        "store": {
            "id": "58f6f38252ba0b28db0135b2",
            "name": "Westport"
        },
        "timestamp": "2021-08-16T18:20:43.581979"
    },
    {
        "productData": {
            "name": "V Raspberry Lemonade Energy Drink 500ml",
            "productId": "v-energy-drink-raspberry-lemonade-500ml-can",
            "productShopPage": "https://westport.store.freshchoice.co.nz/lines/v-energy-drink-raspberry-lemonade-500ml-can",
            "productImageURL": "https://dtgxwmigmg3gc.cloudfront.net/imagery/assets/derivations/icon/512/512/true/eyJpZCI6ImE3N2Y5NzBmY2FhOWZhYmZiOTc3MmYyMzE4MGRiOTcxIiwic3RvcmFnZSI6InB1YmxpY19zdG9yZSJ9?signature=2bb7890fe6d7b0c0c6a522be31c78077be0aa570ca4c8aa5549ccf80761262dc",
            "productDescription": ""
        },
        "priceData": {
            "bestPrice": "3.50",
            "price": "3.50",
            "pricePerLitre": 7.0,
            "bestPricePerLitre": 7.0
        },
        "store": {
            "id": "58f6f38252ba0b28db0135b2",
            "name": "Westport"
        },
        "timestamp": "2021-08-16T18:20:45.612792"
    },
    {
        "productData": {
            "name": "V Sugarfree Energy Drink Berry Twist 350ml",
            "productId": "v-sugarfree-energy-drink-berry-twist-350ml",
            "productShopPage": "https://westport.store.freshchoice.co.nz/lines/v-sugarfree-energy-drink-berry-twist-350ml",
            "productImageURL": "https://dtgxwmigmg3gc.cloudfront.net/imagery/assets/derivations/icon/512/512/true/eyJpZCI6IjMxY2RlOWU3MTE1YTA4ZGRhYzFiODM0NjQ4NDFmOTM5Iiwic3RvcmFnZSI6InB1YmxpY19zdG9yZSJ9?signature=055982afa93dd6614e2f3de353af4c76a52ab79cac4e2b4660a75933fb1bc9a4",
            "productDescription": ""
        },
        "priceData": {
            "bestPrice": "3.50",
            "price": "3.50",
            "pricePerLitre": 10.0,
            "bestPricePerLitre": 10.0
        },
        "store": {
            "id": "58f6f38252ba0b28db0135b2",
            "name": "Westport"
        },
        "timestamp": "2021-08-16T18:20:46.915392"
    },
    {
        "productData": {
            "name": "V Blue Energy Drink 275ml Cans 4 Pack",
            "productId": "v-blue-energy-drink-275ml-cans-4-pack",
            "productShopPage": "https://westport.store.freshchoice.co.nz/lines/v-blue-energy-drink-275ml-cans-4-pack",
            "productImageURL": "https://dtgxwmigmg3gc.cloudfront.net/imagery/assets/derivations/icon/512/512/true/eyJpZCI6IjcxMTc0MzEzN2QzNTUzODQwMmUyODZjMDJkNTM3OTk3Iiwic3RvcmFnZSI6InB1YmxpY19zdG9yZSJ9?signature=5697ef2f72e1e995472b76c19c7c6201b3deb266e060743ac9ae1219dbf2226c",
            "productDescription": ""
        },
        "priceData": {
            "bestPrice": "7.10",
            "price": "7.10",
            "pricePerLitre": 6.5,
            "bestPricePerLitre": 6.5
        },
        "store": {
            "id": "58f6f38252ba0b28db0135b2",
            "name": "Westport"
        },
        "timestamp": "2021-08-16T18:20:48.061561"
    },
    {
        "productData": {
            "name": "V Blue Energy Drink Blue Guarana Can 250ml",
            "productId": "v-blue-energy-drink-blue-guarana-can-250ml",
            "productShopPage": "https://westport.store.freshchoice.co.nz/lines/v-blue-energy-drink-blue-guarana-can-250ml",
            "productImageURL": "https://dtgxwmigmg3gc.cloudfront.net/imagery/assets/derivations/icon/512/512/true/eyJpZCI6IjBmZjQwNDEyZWQ2ZDk4YTg3YWQ2ZDUyMWZlNjM1YzJkIiwic3RvcmFnZSI6InB1YmxpY19zdG9yZSJ9?signature=8f745abe5614ec47b3d7a07f1a34ba529184a87b2a696211ba5a0f9f29c86bf0",
            "productDescription": ""
        },
        "priceData": {
            "bestPrice": "2.20",
            "price": "2.20",
            "pricePerLitre": 8.8,
            "bestPricePerLitre": 8.8
        },
        "store": {
            "id": "58f6f38252ba0b28db0135b2",
            "name": "Westport"
        },
        "timestamp": "2021-08-16T18:20:49.373371"
    },
    {
        "productData": {
            "name": "V Blue Energy Drink Blue Guarana Can 500ml",
            "productId": "v-blue-energy-drink-blue-guarana-can-500ml",
            "productShopPage": "https://westport.store.freshchoice.co.nz/lines/v-blue-energy-drink-blue-guarana-can-500ml",
            "productImageURL": "https://dtgxwmigmg3gc.cloudfront.net/imagery/assets/derivations/icon/512/512/true/eyJpZCI6ImFmYjEyYjVjYTU2YWI5ZDJhMTVmNGY2MDg2NWFlNzgxIiwic3RvcmFnZSI6InB1YmxpY19zdG9yZSJ9?signature=b537a8cc5a2c0f90f1702b2c541db44c3a740a0ec4a96e92ab2d6537f9320e8d",
            "productDescription": ""
        },
        "priceData": {
            "bestPrice": "3.50",
            "price": "3.50",
            "pricePerLitre": 7.0,
            "bestPricePerLitre": 7.0
        },
        "store": {
            "id": "58f6f38252ba0b28db0135b2",
            "name": "Westport"
        },
        "timestamp": "2021-08-16T18:20:50.337401"
    },
    {
        "productData": {
            "name": "V Iced Coffee Guarana Energy 500ml",
            "productId": "v-iced-coffee-guarana-energy-500ml",
            "productShopPage": "https://westport.store.freshchoice.co.nz/lines/v-iced-coffee-guarana-energy-500ml",
            "productImageURL": "https://dtgxwmigmg3gc.cloudfront.net/imagery/assets/derivations/icon/512/512/true/eyJpZCI6ImM0Zjc4YjRmYWVjMjk0NTJkZTNkYzZjNmY5MzBlMjU2Iiwic3RvcmFnZSI6InB1YmxpY19zdG9yZSJ9?signature=14312b2813aab9c1ad551700ec97cd58a3a7f95bef4d0bd7ae7aa2dcf8fcdc9d",
            "productDescription": ""
        },
        "priceData": {
            "bestPrice": "3.50",
            "price": "3.50"
        },
        "store": {
            "id": "58f6f38252ba0b28db0135b2",
            "name": "Westport"
        },
        "timestamp": "2021-08-16T18:20:51.347782"
    },
    {
        "productData": {
            "name": "V Iced Mocha Guarana Energy 500ml",
            "productId": "v-iced-mocha-guarana-energy-500ml",
            "productShopPage": "https://westport.store.freshchoice.co.nz/lines/v-iced-mocha-guarana-energy-500ml",
            "productImageURL": "https://dtgxwmigmg3gc.cloudfront.net/imagery/assets/derivations/icon/512/512/true/eyJpZCI6ImNiMDRkODVlZmQ2YjhiZGMxMWU4Zjk5OGEwOTczODg1Iiwic3RvcmFnZSI6InB1YmxpY19zdG9yZSJ9?signature=3e63d4ec34ef65794a07ea00749a785cb88ce90997e6e7d12629c3c0f205de6d",
            "productDescription": ""
        },
        "priceData": {
            "bestPrice": "3.50",
            "price": "3.50"
        },
        "store": {
            "id": "58f6f38252ba0b28db0135b2",
            "name": "Westport"
        },
        "timestamp": "2021-08-16T18:20:52.582639"
    },
    {
        "productData": {
            "name": "V Energy Drink Sugar Free Guarana Bottle 350ml",
            "productId": "v-energy-drink-sugar-free-guarana-bottle-350ml",
            "productShopPage": "https://westport.store.freshchoice.co.nz/lines/v-energy-drink-sugar-free-guarana-bottle-350ml",
            "productImageURL": "https://dtgxwmigmg3gc.cloudfront.net/imagery/assets/derivations/icon/512/512/true/eyJpZCI6IjQzYmZlOTg1YzY2ZGQ0ZDI1YzUyZDk3MGJhMmJhMGM3Iiwic3RvcmFnZSI6InB1YmxpY19zdG9yZSJ9?signature=7a4bb3eb2264f52495ae9ba8fbf21b5a3e59e12c0d6208cfa1591261da333f55",
            "productDescription": ""
        },
        "priceData": {
            "bestPrice": "3.50",
            "price": "3.50",
            "pricePerLitre": 10.0,
            "bestPricePerLitre": 10.0
        },
        "store": {
            "id": "58f6f38252ba0b28db0135b2",
            "name": "Westport"
        },
        "timestamp": "2021-08-16T18:20:54.799627"
    },
    {
        "productData": {
            "name": "V Pure Energy Drink 250ml",
            "productId": "v-pure-energy-drink-250ml",
            "productShopPage": "https://westport.store.freshchoice.co.nz/lines/v-pure-energy-drink-250ml",
            "productImageURL": "https://dtgxwmigmg3gc.cloudfront.net/imagery/assets/derivations/icon/512/512/true/eyJpZCI6Ijk3N2I4MDM5OTQxMjFjYjI5MjRmODdmOTJkM2Q2OWIxIiwic3RvcmFnZSI6InB1YmxpY19zdG9yZSJ9?signature=b74ae9543645865e1c2414381c96a37f8a53629edb30e9b6a59f54f59ba09cfb",
            "productDescription": ""
        },
        "priceData": {
            "bestPrice": "2.20",
            "price": "2.20",
            "pricePerLitre": 8.8,
            "bestPricePerLitre": 8.8
        },
        "store": {
            "id": "58f6f38252ba0b28db0135b2",
            "name": "Westport"
        },
        "timestamp": "2021-08-16T18:20:55.815935"
    },
    {
        "productData": {
            "name": "Monster Energy Zero Ultra 4x500ml",
            "productId": "monster-energy-zero-ultra-4x500ml",
            "productShopPage": "https://westport.store.freshchoice.co.nz/lines/monster-energy-zero-ultra-4x500ml",
            "productImageURL": "https://dtgxwmigmg3gc.cloudfront.net/imagery/assets/derivations/icon/512/512/true/eyJpZCI6ImRiZGZlNzM5NjAyNjUwNWQxYWMzZWYxY2E3YzQzOTc2Iiwic3RvcmFnZSI6InB1YmxpY19zdG9yZSJ9?signature=b4c746d50784f81c260ccd7ebe8975ffb5e2b00c357b2f2748e310c3c70c4089",
            "productDescription": ""
        },
        "priceData": {
            "bestPrice": "11.99",
            "price": "11.99",
            "pricePerLitre": 6.0,
            "bestPricePerLitre": 6.0
        },
        "store": {
            "id": "58f6f38252ba0b28db0135b2",
            "name": "Westport"
        },
        "timestamp": "2021-08-16T18:21:01.943508"
    },
    {
        "productData": {
            "name": "Live Plus Energy Drink Citrus Flavour 500ml",
            "productId": "live-plus-persist-500ml",
            "productShopPage": "https://westport.store.freshchoice.co.nz/lines/live-plus-persist-500ml",
            "productImageURL": "https://dtgxwmigmg3gc.cloudfront.net/imagery/assets/derivations/icon/512/512/true/eyJpZCI6IjFlNWQ5YzI4OWM1N2UzNmYzZmI2NThlMDQzZTI3ZjE4Iiwic3RvcmFnZSI6InB1YmxpY19zdG9yZSJ9?signature=756b17fefe47174b90e7dbec8cd09db27f9f59f4994bc750b71256ae93ba9fa8",
            "productDescription": ""
        },
        "priceData": {
            "bestPrice": "2.00",
            "price": "2.00",
            "pricePerLitre": 4.0,
            "bestPricePerLitre": 4.0
        },
        "store": {
            "id": "58f6f38252ba0b28db0135b2",
            "name": "Westport"
        },
        "timestamp": "2021-08-16T18:21:09.463045"
    },
    {
        "productData": {
            "name": "Live Plus Energy Drink Tart Apple Apple Flavour 500ml",
            "productId": "live-plus-ignite-500ml",
            "productShopPage": "https://westport.store.freshchoice.co.nz/lines/live-plus-ignite-500ml",
            "productImageURL": "https://dtgxwmigmg3gc.cloudfront.net/imagery/assets/derivations/icon/512/512/true/eyJpZCI6IjViOGViZjhmZTQzYjFlYTMzNDM5YjJjMjg3ZDRmY2YyIiwic3RvcmFnZSI6InB1YmxpY19zdG9yZSJ9?signature=140ae19352cd0dcec7e77f90fa4dfaa9fa17086439f730510afc5d906e1415bf",
            "productDescription": ""
        },
        "priceData": {
            "bestPrice": "2.00",
            "price": "2.00",
            "pricePerLitre": 4.0,
            "bestPricePerLitre": 4.0
        },
        "store": {
            "id": "58f6f38252ba0b28db0135b2",
            "name": "Westport"
        },
        "timestamp": "2021-08-16T18:21:10.418665"
    },
    {
        "productData": {
            "name": "V Guarana Energy Drink Blue Sugarfree 250ml",
            "productId": "v-blue-sugarfree-energy-drink-250ml",
            "productShopPage": "https://westport.store.freshchoice.co.nz/lines/v-blue-sugarfree-energy-drink-250ml",
            "productImageURL": "https://dtgxwmigmg3gc.cloudfront.net/imagery/assets/derivations/icon/512/512/true/eyJpZCI6IjI3YWJiOTVhYjNhMjEwMDU2MWJhMmRhNTM3YjRhZjVmIiwic3RvcmFnZSI6InB1YmxpY19zdG9yZSJ9?signature=66769306ca1d0ba674603954d338186dc999f6d1839090d49fde9416b3252365",
            "productDescription": ""
        },
        "priceData": {
            "bestPrice": "2.20",
            "price": "2.20",
            "pricePerLitre": 8.8,
            "bestPricePerLitre": 8.8
        },
        "store": {
            "id": "58f6f38252ba0b28db0135b2",
            "name": "Westport"
        },
        "timestamp": "2021-08-16T18:21:11.448989"
    },
    {
        "productData": {
            "name": "Live Plus Energy Drink Original Citrus Flavour 355ml",
            "productId": "live-plus-persist-glass-355ml",
            "productShopPage": "https://westport.store.freshchoice.co.nz/lines/live-plus-persist-glass-355ml",
            "productImageURL": "https://dtgxwmigmg3gc.cloudfront.net/imagery/assets/derivations/icon/512/512/true/eyJpZCI6ImYzMjZlMTdmMmI5ZGRjZGYzYmFmNzNiMWQzN2Y5NDI4Iiwic3RvcmFnZSI6InB1YmxpY19zdG9yZSJ9?signature=8fa31eb2b309e9c7a293ba2e7a7541e3cdc686b1d3f519044aa97c666ae5f630",
            "productDescription": ""
        },
        "priceData": {
            "bestPrice": "2.00",
            "price": "2.00",
            "pricePerLitre": 5.6000000000000005,
            "bestPricePerLitre": 5.6000000000000005
        },
        "store": {
            "id": "58f6f38252ba0b28db0135b2",
            "name": "Westport"
        },
        "timestamp": "2021-08-16T18:21:13.514925"
    },
    {
        "productData": {
            "name": "Mother Kicked Apple 500ml",
            "productId": "mother-kicked-apple-500ml",
            "productShopPage": "https://ruakaka.store.freshchoice.co.nz/lines/mother-kicked-apple-500ml",
            "productImageURL": "https://dtgxwmigmg3gc.cloudfront.net/imagery/assets/derivations/icon/512/512/true/eyJpZCI6IjNhZTlkYjkwYTM4MDFjMGEwYjUwYThhMDAwYjkyZjM0Iiwic3RvcmFnZSI6InB1YmxpY19zdG9yZSJ9?signature=c1a1db0a5d7b074c388cf08560fd44a4a2b6127821554198e54eeea8474325f6",
            "productDescription": ""
        },
        "priceData": {
            "bestPrice": "2.00",
            "price": "2.00",
            "pricePerLitre": 6.0,
            "bestPricePerLitre": 6.0
        },
        "store": {
            "id": "5e7559b004015f158b09ae95",
            "name": "Ruakaka"
        },
        "timestamp": "2021-08-16T18:21:22.500132"
    },
    {
        "productData": {
            "name": "Monster Energy Green 500ml",
            "productId": "monster-energy-green-500ml",
            "productShopPage": "https://ruakaka.store.freshchoice.co.nz/lines/monster-energy-green-500ml",
            "productImageURL": "https://dtgxwmigmg3gc.cloudfront.net/imagery/assets/derivations/icon/512/512/true/eyJpZCI6ImU3ZjNiNjJiNzI4Y2M0MTIxMjhiNjQ2ZmQ2OTQzMGEzIiwic3RvcmFnZSI6InB1YmxpY19zdG9yZSJ9?signature=637eac56411f57a79f345ea693f1418330d5742c3a04caddb460696dba06da06",
            "productDescription": ""
        },
        "priceData": {
            "bestPrice": "2.50",
            "price": "2.50",
            "pricePerLitre": 6.0,
            "bestPricePerLitre": 6.0
        },
        "store": {
            "id": "5e7559b004015f158b09ae95",
            "name": "Ruakaka"
        },
        "timestamp": "2021-08-16T18:21:28.604989"
    },
    {
        "productData": {
            "name": "Mother Energy Drink Black 500ml",
            "productId": "mother-energy-drink-black-500ml",
            "productShopPage": "https://ruakaka.store.freshchoice.co.nz/lines/mother-energy-drink-black-500ml",
            "productImageURL": "https://dtgxwmigmg3gc.cloudfront.net/imagery/assets/derivations/icon/512/512/true/eyJpZCI6ImYyMzA5MjhkYjg3ODFhYmYzZDU3ZjE1YjNmYzU2MWFjIiwic3RvcmFnZSI6InB1YmxpY19zdG9yZSJ9?signature=d3dbddb83d3d457075cd5d8936bef0c5b48fce4fa3fe725995d8b6d57219ceb5",
            "productDescription": ""
        },
        "priceData": {
            "bestPrice": "2.00",
            "price": "2.00",
            "pricePerLitre": 4.0,
            "bestPricePerLitre": 4.0
        },
        "store": {
            "id": "5e7559b004015f158b09ae95",
            "name": "Ruakaka"
        },
        "timestamp": "2021-08-16T18:21:33.613689"
    },
    {
        "productData": {
            "name": "Mother Energy Drink Passion 500ml",
            "productId": "mother-energy-drink-passion-500ml",
            "productShopPage": "https://ruakaka.store.freshchoice.co.nz/lines/mother-energy-drink-passion-500ml",
            "productImageURL": "https://dtgxwmigmg3gc.cloudfront.net/imagery/assets/derivations/icon/512/512/true/eyJpZCI6ImQwODE2YTc4ZjBmNGU4NTU5Mzg1YjkxZmI5YjIzZjM0Iiwic3RvcmFnZSI6InB1YmxpY19zdG9yZSJ9?signature=713c495fef96a6427b917f0c7c7e855a963749ac5c1bf7dfd71e24ae08ea3123",
            "productDescription": ""
        },
        "priceData": {
            "bestPrice": "2.00",
            "price": "2.00",
            "pricePerLitre": 6.0,
            "bestPricePerLitre": 6.0
        },
        "store": {
            "id": "5e7559b004015f158b09ae95",
            "name": "Ruakaka"
        },
        "timestamp": "2021-08-16T18:21:35.822576"
    },
    {
        "productData": {
            "name": "Mother Epic Swell Energy Drink Twisted Apple 500ml",
            "productId": "mother-epic-swell-energy-drink-twisted-apple-500ml",
            "productShopPage": "https://ruakaka.store.freshchoice.co.nz/lines/mother-epic-swell-energy-drink-twisted-apple-500ml",
            "productImageURL": "https://dtgxwmigmg3gc.cloudfront.net/imagery/assets/derivations/icon/512/512/true/eyJpZCI6ImE2ZjYxOGNhNjUyYzMxNzRhNjg2MDBhMGVjZmQ3MmJkIiwic3RvcmFnZSI6InB1YmxpY19zdG9yZSJ9?signature=954f74f8aba0fb24cb2a5248b1e93fe8a62fb8c7f902abbb08b7aed24bc44c80",
            "productDescription": ""
        },
        "priceData": {
            "bestPrice": "2.00",
            "price": "2.00",
            "pricePerLitre": 4.0,
            "bestPricePerLitre": 4.0
        },
        "store": {
            "id": "5e7559b004015f158b09ae95",
            "name": "Ruakaka"
        },
        "timestamp": "2021-08-16T18:21:38.777695"
    },
    {
        "productData": {
            "name": "V Energy Drink 710ml Can",
            "productId": "v-energy-drink-710ml-can",
            "productShopPage": "https://ruakaka.store.freshchoice.co.nz/lines/v-energy-drink-710ml-can",
            "productImageURL": "https://dtgxwmigmg3gc.cloudfront.net/imagery/assets/derivations/icon/512/512/true/eyJpZCI6ImU1Mjg5NDIyNDI0MzhlNGM0N2IxY2FmMmExOWQ0OGI0Iiwic3RvcmFnZSI6InB1YmxpY19zdG9yZSJ9?signature=875386458f8ad66eb59967a1ca6ad24a19d1592f97a894e439af7d9be1852340",
            "productDescription": ""
        },
        "priceData": {
            "bestPrice": "3.20",
            "price": "3.20",
            "pricePerLitre": 5.6000000000000005,
            "bestPricePerLitre": 5.6000000000000005
        },
        "store": {
            "id": "5e7559b004015f158b09ae95",
            "name": "Ruakaka"
        },
        "timestamp": "2021-08-16T18:21:40.945610"
    },
    {
        "productData": {
            "name": "V Energy Drink Guarana 500ml",
            "productId": "v-energy-drink-guarana-500ml",
            "productShopPage": "https://ruakaka.store.freshchoice.co.nz/lines/v-energy-drink-guarana-500ml",
            "productImageURL": "https://dtgxwmigmg3gc.cloudfront.net/imagery/assets/derivations/icon/512/512/true/eyJpZCI6IjgzZDAxMjhiMzg4NmEwZmE4YTE2ZjY2NWIzNmM2NzI2Iiwic3RvcmFnZSI6InB1YmxpY19zdG9yZSJ9?signature=f55ecc561066291a4e74a967db35ea2355f881bd1708bf400fd790032384ae4f",
            "productDescription": ""
        },
        "priceData": {
            "bestPrice": "2.50",
            "price": "2.50",
            "pricePerLitre": 7.6,
            "bestPricePerLitre": 7.6
        },
        "store": {
            "id": "5e7559b004015f158b09ae95",
            "name": "Ruakaka"
        },
        "timestamp": "2021-08-16T18:21:42.053697"
    },
    {
        "productData": {
            "name": "V Energy Drink Blue Guarana Spritzed 350ml",
            "productId": "v-blue-energy-drink-blue-guarana-spritzed-350ml",
            "productShopPage": "https://ruakaka.store.freshchoice.co.nz/lines/v-blue-energy-drink-blue-guarana-spritzed-350ml",
            "productImageURL": "https://dtgxwmigmg3gc.cloudfront.net/imagery/assets/derivations/icon/512/512/true/eyJpZCI6ImY2OTRlZGI4NjdlNWMzZDM5NzgzMDQ0ODFkMzUxZGZiIiwic3RvcmFnZSI6InB1YmxpY19zdG9yZSJ9?signature=591b3079cb9c2407a29b3bc348eaf42dc1d34daba5c9d7aba65be654725b6719",
            "productDescription": ""
        },
        "priceData": {
            "bestPrice": "3.50",
            "price": "3.50",
            "pricePerLitre": 10.0,
            "bestPricePerLitre": 10.0
        },
        "store": {
            "id": "5e7559b004015f158b09ae95",
            "name": "Ruakaka"
        },
        "timestamp": "2021-08-16T18:21:45.820538"
    },
    {
        "productData": {
            "name": "V Energy Drink Green Guarana 350ml",
            "productId": "v-energy-drink-green-guarana-350ml",
            "productShopPage": "https://ruakaka.store.freshchoice.co.nz/lines/v-energy-drink-green-guarana-350ml",
            "productImageURL": "https://dtgxwmigmg3gc.cloudfront.net/imagery/assets/derivations/icon/512/512/true/eyJpZCI6IjRiNjY4ZjYxOTQ2ODYyN2MzM2NiZWMyNGUyNmIyODk4Iiwic3RvcmFnZSI6InB1YmxpY19zdG9yZSJ9?signature=4cded9cb42349eef45a593461f311b1bb7fa881295733879671ad9fe9887d30c",
            "productDescription": ""
        },
        "priceData": {
            "bestPrice": "3.50",
            "price": "3.50",
            "pricePerLitre": 10.0,
            "bestPricePerLitre": 10.0
        },
        "store": {
            "id": "5e7559b004015f158b09ae95",
            "name": "Ruakaka"
        },
        "timestamp": "2021-08-16T18:21:46.847667"
    },
    {
        "productData": {
            "name": "V Energy Drink Guarana Can 500ml",
            "productId": "v-energy-drink-guarana-can-500ml",
            "productShopPage": "https://ruakaka.store.freshchoice.co.nz/lines/v-energy-drink-guarana-can-500ml",
            "productImageURL": "https://dtgxwmigmg3gc.cloudfront.net/imagery/assets/derivations/icon/512/512/true/eyJpZCI6ImI0NjgzNGZjNDRkMjU0MjgzYzJjZGNhMzA2NWIxYjA5Iiwic3RvcmFnZSI6InB1YmxpY19zdG9yZSJ9?signature=265e8273409849423466e7623cbbdf8352940707b8830803eec391e8f32c9c5f",
            "productDescription": ""
        },
        "priceData": {
            "bestPrice": "3.50",
            "price": "3.50",
            "pricePerLitre": 7.0,
            "bestPricePerLitre": 7.0
        },
        "store": {
            "id": "5e7559b004015f158b09ae95",
            "name": "Ruakaka"
        },
        "timestamp": "2021-08-16T18:21:49.074540"
    },
    {
        "productData": {
            "name": "V Energy Drink Sugar Free Guarana 500ml",
            "productId": "v-energy-drink-sugar-free-guarana-500ml",
            "productShopPage": "https://ruakaka.store.freshchoice.co.nz/lines/v-energy-drink-sugar-free-guarana-500ml",
            "productImageURL": "https://dtgxwmigmg3gc.cloudfront.net/imagery/assets/derivations/icon/512/512/true/eyJpZCI6Ijg4MGExMDYxOTY4NTJiYzM1ZTExMmU2MGE2OWYxNDE3Iiwic3RvcmFnZSI6InB1YmxpY19zdG9yZSJ9?signature=b0536d25b9da8158705e24c88e21fabbf85c1dabc19f18108c386e956ffd7045",
            "productDescription": ""
        },
        "priceData": {
            "bestPrice": "3.50",
            "price": "3.50",
            "pricePerLitre": 7.0,
            "bestPricePerLitre": 7.0
        },
        "store": {
            "id": "5e7559b004015f158b09ae95",
            "name": "Ruakaka"
        },
        "timestamp": "2021-08-16T18:21:52.340768"
    },
    {
        "productData": {
            "name": "V Energy Drink Skills Cans 275ml 4 Pack",
            "productId": "v-energy-drink-skills-cans-275ml-4-pack",
            "productShopPage": "https://ruakaka.store.freshchoice.co.nz/lines/v-energy-drink-skills-cans-275ml-4-pack",
            "productImageURL": "https://dtgxwmigmg3gc.cloudfront.net/imagery/assets/derivations/icon/512/512/true/eyJpZCI6ImZhMzA2N2NiM2YxMmVkM2ZhZjhhYmM4OGE1YTJhNzczIiwic3RvcmFnZSI6InB1YmxpY19zdG9yZSJ9?signature=34fcde8f5a021036c475a1dfff6748625e0747bb134ec737312b15bbe8e883eb",
            "productDescription": ""
        },
        "priceData": {
            "bestPrice": "7.10",
            "price": "7.10",
            "pricePerLitre": 8.5,
            "bestPricePerLitre": 8.5
        },
        "store": {
            "id": "5e7559b004015f158b09ae95",
            "name": "Ruakaka"
        },
        "timestamp": "2021-08-16T18:21:53.687331"
    },
    {
        "productData": {
            "name": "V Blue Sugarfree Energy Drink 500ml",
            "productId": "v-blue-sugarfree-energy-drink-500ml",
            "productShopPage": "https://ruakaka.store.freshchoice.co.nz/lines/v-blue-sugarfree-energy-drink-500ml",
            "productImageURL": "https://dtgxwmigmg3gc.cloudfront.net/imagery/assets/derivations/icon/512/512/true/eyJpZCI6ImVmYjQyOWRmM2JjZjc3NTY1ZDIwMTEyNTY0MDdmZjA1Iiwic3RvcmFnZSI6InB1YmxpY19zdG9yZSJ9?signature=2911d59474d8305039a3be3bef0f887c38d9ab84596314b13cc4b150101175ab",
            "productDescription": ""
        },
        "priceData": {
            "bestPrice": "3.50",
            "price": "3.50",
            "pricePerLitre": 7.0,
            "bestPricePerLitre": 7.0
        },
        "store": {
            "id": "5e7559b004015f158b09ae95",
            "name": "Ruakaka"
        },
        "timestamp": "2021-08-16T18:21:56.614041"
    },
    {
        "productData": {
            "name": "V Blue Energy Drink Blue Guarana Can 500ml",
            "productId": "v-blue-energy-drink-blue-guarana-can-500ml",
            "productShopPage": "https://ruakaka.store.freshchoice.co.nz/lines/v-blue-energy-drink-blue-guarana-can-500ml",
            "productImageURL": "https://dtgxwmigmg3gc.cloudfront.net/imagery/assets/derivations/icon/512/512/true/eyJpZCI6ImFmYjEyYjVjYTU2YWI5ZDJhMTVmNGY2MDg2NWFlNzgxIiwic3RvcmFnZSI6InB1YmxpY19zdG9yZSJ9?signature=b537a8cc5a2c0f90f1702b2c541db44c3a740a0ec4a96e92ab2d6537f9320e8d",
            "productDescription": ""
        },
        "priceData": {
            "bestPrice": "3.50",
            "price": "3.50",
            "pricePerLitre": 7.0,
            "bestPricePerLitre": 7.0
        },
        "store": {
            "id": "5e7559b004015f158b09ae95",
            "name": "Ruakaka"
        },
        "timestamp": "2021-08-16T18:22:01.712665"
    },
    {
        "productData": {
            "name": "V Energy Drink Sugar Free Guarana Bottle 350ml",
            "productId": "v-energy-drink-sugar-free-guarana-bottle-350ml",
            "productShopPage": "https://ruakaka.store.freshchoice.co.nz/lines/v-energy-drink-sugar-free-guarana-bottle-350ml",
            "productImageURL": "https://dtgxwmigmg3gc.cloudfront.net/imagery/assets/derivations/icon/512/512/true/eyJpZCI6IjQzYmZlOTg1YzY2ZGQ0ZDI1YzUyZDk3MGJhMmJhMGM3Iiwic3RvcmFnZSI6InB1YmxpY19zdG9yZSJ9?signature=7a4bb3eb2264f52495ae9ba8fbf21b5a3e59e12c0d6208cfa1591261da333f55",
            "productDescription": ""
        },
        "priceData": {
            "bestPrice": "3.50",
            "price": "3.50",
            "pricePerLitre": 10.0,
            "bestPricePerLitre": 10.0
        },
        "store": {
            "id": "5e7559b004015f158b09ae95",
            "name": "Ruakaka"
        },
        "timestamp": "2021-08-16T18:22:05.870144"
    },
    {
        "productData": {
            "name": "Live Plus Energy Drink Citrus Flavour 500ml",
            "productId": "live-plus-persist-500ml",
            "productShopPage": "https://ruakaka.store.freshchoice.co.nz/lines/live-plus-persist-500ml",
            "productImageURL": "https://dtgxwmigmg3gc.cloudfront.net/imagery/assets/derivations/icon/512/512/true/eyJpZCI6IjFlNWQ5YzI4OWM1N2UzNmYzZmI2NThlMDQzZTI3ZjE4Iiwic3RvcmFnZSI6InB1YmxpY19zdG9yZSJ9?signature=756b17fefe47174b90e7dbec8cd09db27f9f59f4994bc750b71256ae93ba9fa8",
            "productDescription": ""
        },
        "priceData": {
            "bestPrice": "2.00",
            "price": "2.00",
            "pricePerLitre": 6.0,
            "bestPricePerLitre": 6.0
        },
        "store": {
            "id": "5e7559b004015f158b09ae95",
            "name": "Ruakaka"
        },
        "timestamp": "2021-08-16T18:22:20.951891"
    },
    {
        "productData": {
            "name": "Live Plus Energy Drink Persist Glass 355ml",
            "productId": "live-plus-energy-drink-persist-glass-355ml",
            "productShopPage": "https://ruakaka.store.freshchoice.co.nz/lines/live-plus-energy-drink-persist-glass-355ml",
            "productImageURL": "https://dtgxwmigmg3gc.cloudfront.net/imagery/assets/derivations/icon/512/512/true/eyJpZCI6IjBiMjhiZTQ0NDk1ODBiZWI4NDRkY2JhM2MxZDdhOTMwIiwic3RvcmFnZSI6InB1YmxpY19zdG9yZSJ9?signature=62025738d86469fbbd64cd53b03b4beee6372d1fbd30b8a9c5708ffdafeebf0d",
            "productDescription": ""
        },
        "priceData": {
            "bestPrice": "2.00",
            "price": "2.00",
            "pricePerLitre": 7.9,
            "bestPricePerLitre": 7.9
        },
        "store": {
            "id": "5e7559b004015f158b09ae95",
            "name": "Ruakaka"
        },
        "timestamp": "2021-08-16T18:22:27.176678"
    },
    {
        "productData": {
            "name": "Rockstar Punched Energy Guava 500ml",
            "productId": "rockstar-punched-energy-guava-500ml",
            "productShopPage": "https://ruakaka.store.freshchoice.co.nz/lines/rockstar-punched-energy-guava-500ml",
            "productImageURL": "https://dtgxwmigmg3gc.cloudfront.net/imagery/assets/derivations/icon/512/512/true/eyJpZCI6IjBmNGEyNjU2MGQwM2Y4OGI4MWE3ZTMyODUzYTRlN2QyIiwic3RvcmFnZSI6InB1YmxpY19zdG9yZSJ9?signature=fab45ac774e74d87cf7a79de075f47290676fd6d4afcf212198c745670d5ce29",
            "productDescription": ""
        },
        "priceData": {
            "bestPrice": "2.59",
            "price": "2.59",
            "pricePerLitre": 5.2,
            "bestPricePerLitre": 5.2
        },
        "store": {
            "id": "5e7559b004015f158b09ae95",
            "name": "Ruakaka"
        },
        "timestamp": "2021-08-16T18:22:30.292305"
    },
    {
        "productData": {
            "name": "Mother Kicked Apple 500ml",
            "productId": "mother-kicked-apple-500ml",
            "productShopPage": "https://oxford.store.freshchoice.co.nz/lines/mother-kicked-apple-500ml",
            "productImageURL": "https://dtgxwmigmg3gc.cloudfront.net/imagery/assets/derivations/icon/512/512/true/eyJpZCI6IjNhZTlkYjkwYTM4MDFjMGEwYjUwYThhMDAwYjkyZjM0Iiwic3RvcmFnZSI6InB1YmxpY19zdG9yZSJ9?signature=c1a1db0a5d7b074c388cf08560fd44a4a2b6127821554198e54eeea8474325f6",
            "productDescription": ""
        },
        "priceData": {
            "bestPrice": "2.00",
            "price": "2.00",
            "pricePerLitre": 6.0,
            "bestPricePerLitre": 6.0
        },
        "store": {
            "id": "5e76bfc21db5f5696b000db2",
            "name": "Oxford"
        },
        "timestamp": "2021-08-16T18:22:33.342274"
    },
    {
        "productData": {
            "name": "Monster Energy Import 550ml",
            "productId": "monster-energy-import-550ml",
            "productShopPage": "https://oxford.store.freshchoice.co.nz/lines/monster-energy-import-550ml",
            "productImageURL": "https://dtgxwmigmg3gc.cloudfront.net/imagery/assets/derivations/icon/512/512/true/eyJpZCI6IjExYzliZTgxY2M3MTNjMDQzM2NmZGQ2ZWE1NjI3MTA0Iiwic3RvcmFnZSI6InB1YmxpY19zdG9yZSJ9?signature=e09322a0a00112a858095e689d2e825f79d154fd3e8577005948dde9d51afb47",
            "productDescription": ""
        },
        "priceData": {
            "bestPrice": "3.50",
            "price": "3.50",
            "pricePerLitre": 7.0,
            "bestPricePerLitre": 7.0
        },
        "store": {
            "id": "5e76bfc21db5f5696b000db2",
            "name": "Oxford"
        },
        "timestamp": "2021-08-16T18:22:35.250926"
    },
    {
        "productData": {
            "name": "Monster Energy Ultra Paradise 500ml",
            "productId": "monster-energy-drink-ultra-paradise-500ml",
            "productShopPage": "https://oxford.store.freshchoice.co.nz/lines/monster-energy-drink-ultra-paradise-500ml",
            "productImageURL": "https://dtgxwmigmg3gc.cloudfront.net/imagery/assets/derivations/icon/512/512/true/eyJpZCI6ImZiZDRkZTQxNzA0M2FiYTUyMjMwZWI0NTcyZGNmYTE1Iiwic3RvcmFnZSI6InB1YmxpY19zdG9yZSJ9?signature=8a439bf26b71114289dfea1720ed331b1e4784c534deade29db8ac38b1cc7c1a",
            "productDescription": ""
        },
        "priceData": {
            "bestPrice": "2.50",
            "price": "2.50",
            "pricePerLitre": 6.0,
            "bestPricePerLitre": 6.0
        },
        "store": {
            "id": "5e76bfc21db5f5696b000db2",
            "name": "Oxford"
        },
        "timestamp": "2021-08-16T18:22:36.214611"
    },
    {
        "productData": {
            "name": "Monster Energy Ultra Sunrise 500ml",
            "productId": "monster-energy-ultra-sunrise-500ml",
            "productShopPage": "https://oxford.store.freshchoice.co.nz/lines/monster-energy-ultra-sunrise-500ml",
            "productImageURL": "https://dtgxwmigmg3gc.cloudfront.net/imagery/assets/derivations/icon/512/512/true/eyJpZCI6ImFlNTVkY2RiZTZiZjg3OGZjZTdlOTU1OTFhMDE4YTdiIiwic3RvcmFnZSI6InB1YmxpY19zdG9yZSJ9?signature=b98350feca08b6ab128cc925fef23a58f65a36f94ede15cb2174f6f88a0f8a0f",
            "productDescription": ""
        },
        "priceData": {
            "bestPrice": "2.50",
            "price": "2.50",
            "pricePerLitre": 6.0,
            "bestPricePerLitre": 6.0
        },
        "store": {
            "id": "5e76bfc21db5f5696b000db2",
            "name": "Oxford"
        },
        "timestamp": "2021-08-16T18:22:37.125121"
    },
    {
        "productData": {
            "name": "Monster Energy Ultra Zero 500ml",
            "productId": "monster-energy-ultra-zero-500ml",
            "productShopPage": "https://oxford.store.freshchoice.co.nz/lines/monster-energy-ultra-zero-500ml",
            "productImageURL": "https://dtgxwmigmg3gc.cloudfront.net/imagery/assets/derivations/icon/512/512/true/eyJpZCI6IjdhN2FhYTUwZWU2NTYwYjBiNGY1NThhMTgwNmVlODI3Iiwic3RvcmFnZSI6InB1YmxpY19zdG9yZSJ9?signature=7907c49ba7d043175a426f84a71776de7dd51fa5c249237063aca9cb098abdbe",
            "productDescription": ""
        },
        "priceData": {
            "bestPrice": "2.50",
            "price": "2.50",
            "pricePerLitre": 6.0,
            "bestPricePerLitre": 6.0
        },
        "store": {
            "id": "5e76bfc21db5f5696b000db2",
            "name": "Oxford"
        },
        "timestamp": "2021-08-16T18:22:38.089903"
    },
    {
        "productData": {
            "name": "Monster Energy Green 500ml",
            "productId": "monster-energy-green-500ml",
            "productShopPage": "https://oxford.store.freshchoice.co.nz/lines/monster-energy-green-500ml",
            "productImageURL": "https://dtgxwmigmg3gc.cloudfront.net/imagery/assets/derivations/icon/512/512/true/eyJpZCI6ImU3ZjNiNjJiNzI4Y2M0MTIxMjhiNjQ2ZmQ2OTQzMGEzIiwic3RvcmFnZSI6InB1YmxpY19zdG9yZSJ9?signature=637eac56411f57a79f345ea693f1418330d5742c3a04caddb460696dba06da06",
            "productDescription": ""
        },
        "priceData": {
            "bestPrice": "2.50",
            "price": "2.50",
            "pricePerLitre": 6.0,
            "bestPricePerLitre": 6.0
        },
        "store": {
            "id": "5e76bfc21db5f5696b000db2",
            "name": "Oxford"
        },
        "timestamp": "2021-08-16T18:22:39.123012"
    },
    {
        "productData": {
            "name": "Monster Energy Drink Ultra Rosa 500ml",
            "productId": "monster-energy-drink-ultra-rosa-500ml",
            "productShopPage": "https://oxford.store.freshchoice.co.nz/lines/monster-energy-drink-ultra-rosa-500ml",
            "productImageURL": "https://dtgxwmigmg3gc.cloudfront.net/imagery/assets/derivations/icon/512/512/true/eyJpZCI6IjZjYzFjMzcwYzM4Mzk4N2MyOTUzNWIyMTFjZTJlYjgxIiwic3RvcmFnZSI6InB1YmxpY19zdG9yZSJ9?signature=9cd08284785f9b24647ecc7d1dc08214d9d00318cc809bebdef1921d6b78bb95",
            "productDescription": ""
        },
        "priceData": {
            "bestPrice": "2.50",
            "price": "2.50",
            "pricePerLitre": 6.0,
            "bestPricePerLitre": 6.0
        },
        "store": {
            "id": "5e76bfc21db5f5696b000db2",
            "name": "Oxford"
        },
        "timestamp": "2021-08-16T18:22:40.119435"
    },
    {
        "productData": {
            "name": "Mother Energy Drink Berry 500ml",
            "productId": "mother-energy-drink-berry-500ml",
            "productShopPage": "https://oxford.store.freshchoice.co.nz/lines/mother-energy-drink-berry-500ml",
            "productImageURL": "https://dtgxwmigmg3gc.cloudfront.net/imagery/assets/derivations/icon/512/512/true/eyJpZCI6ImRhYTJlNjUzNzRjZjViNjI0ZDljNzUzNDA3YmE0ZDFkIiwic3RvcmFnZSI6InB1YmxpY19zdG9yZSJ9?signature=d9ffb465d71d599811c2ff7a788845bfe297eb3624ad7866a89cf0b3ece073f0",
            "productDescription": ""
        },
        "priceData": {
            "bestPrice": "2.00",
            "price": "2.00",
            "pricePerLitre": 4.0,
            "bestPricePerLitre": 4.0
        },
        "store": {
            "id": "5e76bfc21db5f5696b000db2",
            "name": "Oxford"
        },
        "timestamp": "2021-08-16T18:22:43.326917"
    },
    {
        "productData": {
            "name": "Mother Energy Drink Black 500ml",
            "productId": "mother-energy-drink-black-500ml",
            "productShopPage": "https://oxford.store.freshchoice.co.nz/lines/mother-energy-drink-black-500ml",
            "productImageURL": "https://dtgxwmigmg3gc.cloudfront.net/imagery/assets/derivations/icon/512/512/true/eyJpZCI6ImYyMzA5MjhkYjg3ODFhYmYzZDU3ZjE1YjNmYzU2MWFjIiwic3RvcmFnZSI6InB1YmxpY19zdG9yZSJ9?signature=d3dbddb83d3d457075cd5d8936bef0c5b48fce4fa3fe725995d8b6d57219ceb5",
            "productDescription": ""
        },
        "priceData": {
            "bestPrice": "2.00",
            "price": "2.00",
            "pricePerLitre": 4.0,
            "bestPricePerLitre": 4.0
        },
        "store": {
            "id": "5e76bfc21db5f5696b000db2",
            "name": "Oxford"
        },
        "timestamp": "2021-08-16T18:22:44.322155"
    },
    {
        "productData": {
            "name": "Mother Energy Drink Passion 500ml",
            "productId": "mother-energy-drink-passion-500ml",
            "productShopPage": "https://oxford.store.freshchoice.co.nz/lines/mother-energy-drink-passion-500ml",
            "productImageURL": "https://dtgxwmigmg3gc.cloudfront.net/imagery/assets/derivations/icon/512/512/true/eyJpZCI6ImQwODE2YTc4ZjBmNGU4NTU5Mzg1YjkxZmI5YjIzZjM0Iiwic3RvcmFnZSI6InB1YmxpY19zdG9yZSJ9?signature=713c495fef96a6427b917f0c7c7e855a963749ac5c1bf7dfd71e24ae08ea3123",
            "productDescription": ""
        },
        "priceData": {
            "bestPrice": "2.00",
            "price": "2.00",
            "pricePerLitre": 4.0,
            "bestPricePerLitre": 4.0
        },
        "store": {
            "id": "5e76bfc21db5f5696b000db2",
            "name": "Oxford"
        },
        "timestamp": "2021-08-16T18:22:46.067629"
    },
    {
        "productData": {
            "name": "Mother Tropical Blast 500ml",
            "productId": "mother-tropical-blast-500ml",
            "productShopPage": "https://oxford.store.freshchoice.co.nz/lines/mother-tropical-blast-500ml",
            "productImageURL": "https://dtgxwmigmg3gc.cloudfront.net/imagery/assets/derivations/icon/512/512/true/eyJpZCI6ImEyZmM1OTUwNDhlODM5YTRhMjQ2MTI1OGEyYzNlZWZhIiwic3RvcmFnZSI6InB1YmxpY19zdG9yZSJ9?signature=6c9470ee4067e8ec32b58eeac9d628404d3986058a9b1cdef46014d1bee50944",
            "productDescription": ""
        },
        "priceData": {
            "bestPrice": "2.00",
            "price": "2.00",
            "pricePerLitre": 6.0,
            "bestPricePerLitre": 6.0
        },
        "store": {
            "id": "5e76bfc21db5f5696b000db2",
            "name": "Oxford"
        },
        "timestamp": "2021-08-16T18:22:47.259099"
    },
    {
        "productData": {
            "name": "Mother Epic Swell Energy Drink Twisted Apple 500ml",
            "productId": "mother-epic-swell-energy-drink-twisted-apple-500ml",
            "productShopPage": "https://oxford.store.freshchoice.co.nz/lines/mother-epic-swell-energy-drink-twisted-apple-500ml",
            "productImageURL": "https://dtgxwmigmg3gc.cloudfront.net/imagery/assets/derivations/icon/512/512/true/eyJpZCI6ImE2ZjYxOGNhNjUyYzMxNzRhNjg2MDBhMGVjZmQ3MmJkIiwic3RvcmFnZSI6InB1YmxpY19zdG9yZSJ9?signature=954f74f8aba0fb24cb2a5248b1e93fe8a62fb8c7f902abbb08b7aed24bc44c80",
            "productDescription": ""
        },
        "priceData": {
            "bestPrice": "2.00",
            "price": "2.00",
            "pricePerLitre": 4.0,
            "bestPricePerLitre": 4.0
        },
        "store": {
            "id": "5e76bfc21db5f5696b000db2",
            "name": "Oxford"
        },
        "timestamp": "2021-08-16T18:22:49.118847"
    },
    {
        "productData": {
            "name": "Monster Energy Juice Mango Loco 500ml",
            "productId": "monster-energy-juice-mango-loco-500ml-can",
            "productShopPage": "https://oxford.store.freshchoice.co.nz/lines/monster-energy-juice-mango-loco-500ml-can",
            "productImageURL": "https://dtgxwmigmg3gc.cloudfront.net/imagery/assets/derivations/icon/512/512/true/eyJpZCI6ImUyNmIyNzdlMzJkOTg5NjI4YWYxYzg2MTU2MjI0ZjgzIiwic3RvcmFnZSI6InB1YmxpY19zdG9yZSJ9?signature=db65ff44183396e60e8f4c13003417fb1277f7685b136cf223d7701f7e945faf",
            "productDescription": ""
        },
        "priceData": {
            "bestPrice": "2.50",
            "price": "2.50",
            "pricePerLitre": 6.0,
            "bestPricePerLitre": 6.0
        },
        "store": {
            "id": "5e76bfc21db5f5696b000db2",
            "name": "Oxford"
        },
        "timestamp": "2021-08-16T18:22:50.072981"
    },
    {
        "productData": {
            "name": "V Energy Drink 710ml Can",
            "productId": "v-energy-drink-710ml-can",
            "productShopPage": "https://oxford.store.freshchoice.co.nz/lines/v-energy-drink-710ml-can",
            "productImageURL": "https://dtgxwmigmg3gc.cloudfront.net/imagery/assets/derivations/icon/512/512/true/eyJpZCI6ImU1Mjg5NDIyNDI0MzhlNGM0N2IxY2FmMmExOWQ0OGI0Iiwic3RvcmFnZSI6InB1YmxpY19zdG9yZSJ9?signature=875386458f8ad66eb59967a1ca6ad24a19d1592f97a894e439af7d9be1852340",
            "productDescription": ""
        },
        "priceData": {
            "bestPrice": "3.20",
            "price": "3.20",
            "pricePerLitre": 5.6000000000000005,
            "bestPricePerLitre": 5.6000000000000005
        },
        "store": {
            "id": "5e76bfc21db5f5696b000db2",
            "name": "Oxford"
        },
        "timestamp": "2021-08-16T18:22:52.211135"
    },
    {
        "productData": {
            "name": "V Energy Drink Guarana 500ml",
            "productId": "v-energy-drink-guarana-500ml",
            "productShopPage": "https://oxford.store.freshchoice.co.nz/lines/v-energy-drink-guarana-500ml",
            "productImageURL": "https://dtgxwmigmg3gc.cloudfront.net/imagery/assets/derivations/icon/512/512/true/eyJpZCI6IjgzZDAxMjhiMzg4NmEwZmE4YTE2ZjY2NWIzNmM2NzI2Iiwic3RvcmFnZSI6InB1YmxpY19zdG9yZSJ9?signature=f55ecc561066291a4e74a967db35ea2355f881bd1708bf400fd790032384ae4f",
            "productDescription": ""
        },
        "priceData": {
            "bestPrice": "2.50",
            "price": "2.50",
            "pricePerLitre": 7.6,
            "bestPricePerLitre": 7.6
        },
        "store": {
            "id": "5e76bfc21db5f5696b000db2",
            "name": "Oxford"
        },
        "timestamp": "2021-08-16T18:22:53.399500"
    },
    {
        "productData": {
            "name": "V Energy Drink Sugarfree 500ml",
            "productId": "v-energy-drink-sugarfree-500ml",
            "productShopPage": "https://oxford.store.freshchoice.co.nz/lines/v-energy-drink-sugarfree-500ml",
            "productImageURL": "https://dtgxwmigmg3gc.cloudfront.net/imagery/assets/derivations/icon/512/512/true/eyJpZCI6ImVkZTAxNTNmMDI1NmU1NDZjNWQ5MTc3MjE3ZTQ3YTQ0Iiwic3RvcmFnZSI6InB1YmxpY19zdG9yZSJ9?signature=abcf72d9faa9ee3044eaa3b7ee0bf9b4fd8f582379018d8727f2234b7d3f3c85",
            "productDescription": ""
        },
        "priceData": {
            "bestPrice": "2.50",
            "price": "2.50",
            "pricePerLitre": 7.6,
            "bestPricePerLitre": 7.6
        },
        "store": {
            "id": "5e76bfc21db5f5696b000db2",
            "name": "Oxford"
        },
        "timestamp": "2021-08-16T18:22:54.316228"
    },
    {
        "productData": {
            "name": "V Energy Drink Sugar Free Guarana 250ml",
            "productId": "v-energy-drink-sugar-free-guarana-250ml",
            "productShopPage": "https://oxford.store.freshchoice.co.nz/lines/v-energy-drink-sugar-free-guarana-250ml",
            "productImageURL": "https://dtgxwmigmg3gc.cloudfront.net/imagery/assets/derivations/icon/512/512/true/eyJpZCI6ImZiNzM1NmU4NTMyZDllODlkZTljZmNlOGY2MzQ5NGQwIiwic3RvcmFnZSI6InB1YmxpY19zdG9yZSJ9?signature=72b0ce0a48ca796717c115fe5e8b4564501470f63bf80ae865d26e9d131a2b8c",
            "productDescription": ""
        },
        "priceData": {
            "bestPrice": "2.20",
            "price": "2.20",
            "pricePerLitre": 8.8,
            "bestPricePerLitre": 8.8
        },
        "store": {
            "id": "5e76bfc21db5f5696b000db2",
            "name": "Oxford"
        },
        "timestamp": "2021-08-16T18:22:55.282691"
    },
    {
        "productData": {
            "name": "V Energy Drink Blue Guarana Spritzed 350ml",
            "productId": "v-blue-energy-drink-blue-guarana-spritzed-350ml",
            "productShopPage": "https://oxford.store.freshchoice.co.nz/lines/v-blue-energy-drink-blue-guarana-spritzed-350ml",
            "productImageURL": "https://dtgxwmigmg3gc.cloudfront.net/imagery/assets/derivations/icon/512/512/true/eyJpZCI6ImY2OTRlZGI4NjdlNWMzZDM5NzgzMDQ0ODFkMzUxZGZiIiwic3RvcmFnZSI6InB1YmxpY19zdG9yZSJ9?signature=591b3079cb9c2407a29b3bc348eaf42dc1d34daba5c9d7aba65be654725b6719",
            "productDescription": ""
        },
        "priceData": {
            "bestPrice": "3.50",
            "price": "3.50",
            "pricePerLitre": 10.0,
            "bestPricePerLitre": 10.0
        },
        "store": {
            "id": "5e76bfc21db5f5696b000db2",
            "name": "Oxford"
        },
        "timestamp": "2021-08-16T18:22:57.349967"
    },
    {
        "productData": {
            "name": "V Energy Drink Green Guarana 350ml",
            "productId": "v-energy-drink-green-guarana-350ml",
            "productShopPage": "https://oxford.store.freshchoice.co.nz/lines/v-energy-drink-green-guarana-350ml",
            "productImageURL": "https://dtgxwmigmg3gc.cloudfront.net/imagery/assets/derivations/icon/512/512/true/eyJpZCI6IjRiNjY4ZjYxOTQ2ODYyN2MzM2NiZWMyNGUyNmIyODk4Iiwic3RvcmFnZSI6InB1YmxpY19zdG9yZSJ9?signature=4cded9cb42349eef45a593461f311b1bb7fa881295733879671ad9fe9887d30c",
            "productDescription": ""
        },
        "priceData": {
            "bestPrice": "3.50",
            "price": "3.50",
            "pricePerLitre": 10.0,
            "bestPricePerLitre": 10.0
        },
        "store": {
            "id": "5e76bfc21db5f5696b000db2",
            "name": "Oxford"
        },
        "timestamp": "2021-08-16T18:22:58.538967"
    },
    {
        "productData": {
            "name": "V Energy Drink Guarana Can 250ml",
            "productId": "v-energy-drink-guarana-can-250ml",
            "productShopPage": "https://oxford.store.freshchoice.co.nz/lines/v-energy-drink-guarana-can-250ml",
            "productImageURL": "https://dtgxwmigmg3gc.cloudfront.net/imagery/assets/derivations/icon/512/512/true/eyJpZCI6Ijc3Nzk1NjE2ZDhhNmFiMThhYzEzODYzOTg2ZmNkNzgwIiwic3RvcmFnZSI6InB1YmxpY19zdG9yZSJ9?signature=f5de1854d43e19cc62bff86893d4a55615cd916f8425a4dccd170b52eba81255",
            "productDescription": ""
        },
        "priceData": {
            "bestPrice": "2.20",
            "price": "2.20",
            "pricePerLitre": 8.8,
            "bestPricePerLitre": 8.8
        },
        "store": {
            "id": "5e76bfc21db5f5696b000db2",
            "name": "Oxford"
        },
        "timestamp": "2021-08-16T18:22:59.519217"
    },
    {
        "productData": {
            "name": "V Energy Drink Guarana Can 500ml",
            "productId": "v-energy-drink-guarana-can-500ml",
            "productShopPage": "https://oxford.store.freshchoice.co.nz/lines/v-energy-drink-guarana-can-500ml",
            "productImageURL": "https://dtgxwmigmg3gc.cloudfront.net/imagery/assets/derivations/icon/512/512/true/eyJpZCI6ImI0NjgzNGZjNDRkMjU0MjgzYzJjZGNhMzA2NWIxYjA5Iiwic3RvcmFnZSI6InB1YmxpY19zdG9yZSJ9?signature=265e8273409849423466e7623cbbdf8352940707b8830803eec391e8f32c9c5f",
            "productDescription": ""
        },
        "priceData": {
            "bestPrice": "3.50",
            "price": "3.50",
            "pricePerLitre": 7.0,
            "bestPricePerLitre": 7.0
        },
        "store": {
            "id": "5e76bfc21db5f5696b000db2",
            "name": "Oxford"
        },
        "timestamp": "2021-08-16T18:23:00.515935"
    },
    {
        "productData": {
            "name": "V Energy Drink Sugar Free Guarana 500ml",
            "productId": "v-energy-drink-sugar-free-guarana-500ml",
            "productShopPage": "https://oxford.store.freshchoice.co.nz/lines/v-energy-drink-sugar-free-guarana-500ml",
            "productImageURL": "https://dtgxwmigmg3gc.cloudfront.net/imagery/assets/derivations/icon/512/512/true/eyJpZCI6Ijg4MGExMDYxOTY4NTJiYzM1ZTExMmU2MGE2OWYxNDE3Iiwic3RvcmFnZSI6InB1YmxpY19zdG9yZSJ9?signature=b0536d25b9da8158705e24c88e21fabbf85c1dabc19f18108c386e956ffd7045",
            "productDescription": ""
        },
        "priceData": {
            "bestPrice": "3.50",
            "price": "3.50",
            "pricePerLitre": 7.0,
            "bestPricePerLitre": 7.0
        },
        "store": {
            "id": "5e76bfc21db5f5696b000db2",
            "name": "Oxford"
        },
        "timestamp": "2021-08-16T18:23:03.793554"
    },
    {
        "productData": {
            "name": "V Blue Energy Drink Bottle 500ml",
            "productId": "v-blue-energy-drink-bottle-500ml",
            "productShopPage": "https://oxford.store.freshchoice.co.nz/lines/v-blue-energy-drink-bottle-500ml",
            "productImageURL": "https://dtgxwmigmg3gc.cloudfront.net/imagery/assets/derivations/icon/512/512/true/eyJpZCI6IjgyYWYxYWY4MGI4MzUxODhiYmVhZGVhM2U2NzY0MzI5Iiwic3RvcmFnZSI6InB1YmxpY19zdG9yZSJ9?signature=7e70fc576864a528a1431734d680cbf177a11b419a692dbfd34800c31b8944ec",
            "productDescription": ""
        },
        "priceData": {
            "bestPrice": "2.50",
            "price": "2.50",
            "pricePerLitre": 7.6,
            "bestPricePerLitre": 7.6
        },
        "store": {
            "id": "5e76bfc21db5f5696b000db2",
            "name": "Oxford"
        },
        "timestamp": "2021-08-16T18:23:06.655530"
    },
    {
        "productData": {
            "name": "V Blue Sugarfree Energy Drink 500ml",
            "productId": "v-blue-sugarfree-energy-drink-500ml",
            "productShopPage": "https://oxford.store.freshchoice.co.nz/lines/v-blue-sugarfree-energy-drink-500ml",
            "productImageURL": "https://dtgxwmigmg3gc.cloudfront.net/imagery/assets/derivations/icon/512/512/true/eyJpZCI6ImVmYjQyOWRmM2JjZjc3NTY1ZDIwMTEyNTY0MDdmZjA1Iiwic3RvcmFnZSI6InB1YmxpY19zdG9yZSJ9?signature=2911d59474d8305039a3be3bef0f887c38d9ab84596314b13cc4b150101175ab",
            "productDescription": ""
        },
        "priceData": {
            "bestPrice": "3.50",
            "price": "3.50",
            "pricePerLitre": 7.0,
            "bestPricePerLitre": 7.0
        },
        "store": {
            "id": "5e76bfc21db5f5696b000db2",
            "name": "Oxford"
        },
        "timestamp": "2021-08-16T18:23:07.571714"
    },
    {
        "productData": {
            "name": "V Blue Energy Drink Blue Guarana Can 500ml",
            "productId": "v-blue-energy-drink-blue-guarana-can-500ml",
            "productShopPage": "https://oxford.store.freshchoice.co.nz/lines/v-blue-energy-drink-blue-guarana-can-500ml",
            "productImageURL": "https://dtgxwmigmg3gc.cloudfront.net/imagery/assets/derivations/icon/512/512/true/eyJpZCI6ImFmYjEyYjVjYTU2YWI5ZDJhMTVmNGY2MDg2NWFlNzgxIiwic3RvcmFnZSI6InB1YmxpY19zdG9yZSJ9?signature=b537a8cc5a2c0f90f1702b2c541db44c3a740a0ec4a96e92ab2d6537f9320e8d",
            "productDescription": ""
        },
        "priceData": {
            "bestPrice": "3.50",
            "price": "3.50",
            "pricePerLitre": 7.0,
            "bestPricePerLitre": 7.0
        },
        "store": {
            "id": "5e76bfc21db5f5696b000db2",
            "name": "Oxford"
        },
        "timestamp": "2021-08-16T18:23:12.290727"
    },
    {
        "productData": {
            "name": "V Iced Coffee Guarana Energy 500ml",
            "productId": "v-iced-coffee-guarana-energy-500ml",
            "productShopPage": "https://oxford.store.freshchoice.co.nz/lines/v-iced-coffee-guarana-energy-500ml",
            "productImageURL": "https://dtgxwmigmg3gc.cloudfront.net/imagery/assets/derivations/icon/512/512/true/eyJpZCI6ImM0Zjc4YjRmYWVjMjk0NTJkZTNkYzZjNmY5MzBlMjU2Iiwic3RvcmFnZSI6InB1YmxpY19zdG9yZSJ9?signature=14312b2813aab9c1ad551700ec97cd58a3a7f95bef4d0bd7ae7aa2dcf8fcdc9d",
            "productDescription": ""
        },
        "priceData": {
            "bestPrice": "3.50",
            "price": "3.50"
        },
        "store": {
            "id": "5e76bfc21db5f5696b000db2",
            "name": "Oxford"
        },
        "timestamp": "2021-08-16T18:23:13.438517"
    },
    {
        "productData": {
            "name": "V Iced Mocha Guarana Energy 500ml",
            "productId": "v-iced-mocha-guarana-energy-500ml",
            "productShopPage": "https://oxford.store.freshchoice.co.nz/lines/v-iced-mocha-guarana-energy-500ml",
            "productImageURL": "https://dtgxwmigmg3gc.cloudfront.net/imagery/assets/derivations/icon/512/512/true/eyJpZCI6ImNiMDRkODVlZmQ2YjhiZGMxMWU4Zjk5OGEwOTczODg1Iiwic3RvcmFnZSI6InB1YmxpY19zdG9yZSJ9?signature=3e63d4ec34ef65794a07ea00749a785cb88ce90997e6e7d12629c3c0f205de6d",
            "productDescription": ""
        },
        "priceData": {
            "bestPrice": "3.50",
            "price": "3.50"
        },
        "store": {
            "id": "5e76bfc21db5f5696b000db2",
            "name": "Oxford"
        },
        "timestamp": "2021-08-16T18:23:14.779630"
    },
    {
        "productData": {
            "name": "V Energy Drink Sugar Free Guarana Bottle 350ml",
            "productId": "v-energy-drink-sugar-free-guarana-bottle-350ml",
            "productShopPage": "https://oxford.store.freshchoice.co.nz/lines/v-energy-drink-sugar-free-guarana-bottle-350ml",
            "productImageURL": "https://dtgxwmigmg3gc.cloudfront.net/imagery/assets/derivations/icon/512/512/true/eyJpZCI6IjQzYmZlOTg1YzY2ZGQ0ZDI1YzUyZDk3MGJhMmJhMGM3Iiwic3RvcmFnZSI6InB1YmxpY19zdG9yZSJ9?signature=7a4bb3eb2264f52495ae9ba8fbf21b5a3e59e12c0d6208cfa1591261da333f55",
            "productDescription": ""
        },
        "priceData": {
            "bestPrice": "3.50",
            "price": "3.50",
            "pricePerLitre": 10.0,
            "bestPricePerLitre": 10.0
        },
        "store": {
            "id": "5e76bfc21db5f5696b000db2",
            "name": "Oxford"
        },
        "timestamp": "2021-08-16T18:23:16.745148"
    },
    {
        "productData": {
            "name": "Monster Super Fuel Zero Sugar 550ml",
            "productId": "monster-super-fuel-zero-sugar-550ml",
            "productShopPage": "https://oxford.store.freshchoice.co.nz/lines/monster-super-fuel-zero-sugar-550ml",
            "productImageURL": "https://dtgxwmigmg3gc.cloudfront.net/imagery/assets/derivations/icon/512/512/true/eyJpZCI6IjRkOTE3NzhmODIxNDI1ZDJjNDg3Yjc0M2YyMzEyYmYxIiwic3RvcmFnZSI6InB1YmxpY19zdG9yZSJ9?signature=4b9dbd15c40f85466e597873c567f989183b284947e8c8dc4df58667789214a2",
            "productDescription": ""
        },
        "priceData": {
            "bestPrice": "3.50",
            "price": "3.50",
            "pricePerLitre": 7.3,
            "bestPricePerLitre": 7.3
        },
        "store": {
            "id": "5e76bfc21db5f5696b000db2",
            "name": "Oxford"
        },
        "timestamp": "2021-08-16T18:23:25.464918"
    },
    {
        "productData": {
            "name": "Monster Mule Ginger Brew 500ml",
            "productId": "monster-mule-ginger-brew-500ml",
            "productShopPage": "https://oxford.store.freshchoice.co.nz/lines/monster-mule-ginger-brew-500ml",
            "productImageURL": "https://dtgxwmigmg3gc.cloudfront.net/imagery/assets/derivations/icon/512/512/true/eyJpZCI6ImM1OTM5MTIyZTRlNmNhNzk0ODFlMDE4ZWVmMWE2Y2ZlIiwic3RvcmFnZSI6InB1YmxpY19zdG9yZSJ9?signature=5d11287f30ef58c148e37382d61c0d83097d5461683a9aa5dd9456941c1f32e5",
            "productDescription": ""
        },
        "priceData": {
            "bestPrice": "2.50",
            "price": "2.50",
            "pricePerLitre": 6.0,
            "bestPricePerLitre": 6.0
        },
        "store": {
            "id": "5e76bfc21db5f5696b000db2",
            "name": "Oxford"
        },
        "timestamp": "2021-08-16T18:23:26.474046"
    },
    {
        "productData": {
            "name": "Monster Super Fuel Purple Passion 550ml",
            "productId": "monster-super-fuel-purple-passion-550ml",
            "productShopPage": "https://oxford.store.freshchoice.co.nz/lines/monster-super-fuel-purple-passion-550ml",
            "productImageURL": "https://dtgxwmigmg3gc.cloudfront.net/imagery/assets/derivations/icon/512/512/true/eyJpZCI6IjNkMTY1OTQwMzgyOTZjZjVlMjNlNjBjMDQ3NTE1YWM0Iiwic3RvcmFnZSI6InB1YmxpY19zdG9yZSJ9?signature=4d4ccd77dab941d955a8037242a41833afdc7251d3bd5b5c4b99705770273998",
            "productDescription": ""
        },
        "priceData": {
            "bestPrice": "3.50",
            "price": "3.50",
            "pricePerLitre": 7.3,
            "bestPricePerLitre": 7.3
        },
        "store": {
            "id": "5e76bfc21db5f5696b000db2",
            "name": "Oxford"
        },
        "timestamp": "2021-08-16T18:23:29.570299"
    },
    {
        "productData": {
            "name": "Monster Energy Pipeline Punch 500ml",
            "productId": "monster-energy-pipeline-punch-500ml",
            "productShopPage": "https://oxford.store.freshchoice.co.nz/lines/monster-energy-pipeline-punch-500ml",
            "productImageURL": "https://dtgxwmigmg3gc.cloudfront.net/imagery/assets/derivations/icon/512/512/true/eyJpZCI6IjM3ZWY2OTY5OWFlNTJlZTRjNTY1ZmFmYWIwOTIxMjg4Iiwic3RvcmFnZSI6InB1YmxpY19zdG9yZSJ9?signature=79ed6699c35bd716a9d5d9457c39ce62c523edaa4059b6b45d4dcc7caf65cef9",
            "productDescription": ""
        },
        "priceData": {
            "bestPrice": "2.50",
            "price": "2.50",
            "pricePerLitre": 6.0,
            "bestPricePerLitre": 6.0
        },
        "store": {
            "id": "5e76bfc21db5f5696b000db2",
            "name": "Oxford"
        },
        "timestamp": "2021-08-16T18:23:30.535887"
    },
    {
        "productData": {
            "name": "Live Plus Energy Drink Citrus Flavour 500ml",
            "productId": "live-plus-persist-500ml",
            "productShopPage": "https://oxford.store.freshchoice.co.nz/lines/live-plus-persist-500ml",
            "productImageURL": "https://dtgxwmigmg3gc.cloudfront.net/imagery/assets/derivations/icon/512/512/true/eyJpZCI6IjFlNWQ5YzI4OWM1N2UzNmYzZmI2NThlMDQzZTI3ZjE4Iiwic3RvcmFnZSI6InB1YmxpY19zdG9yZSJ9?signature=756b17fefe47174b90e7dbec8cd09db27f9f59f4994bc750b71256ae93ba9fa8",
            "productDescription": ""
        },
        "priceData": {
            "bestPrice": "2.00",
            "price": "2.00",
            "pricePerLitre": 4.0,
            "bestPricePerLitre": 4.0
        },
        "store": {
            "id": "5e76bfc21db5f5696b000db2",
            "name": "Oxford"
        },
        "timestamp": "2021-08-16T18:23:31.579992"
    },
    {
        "productData": {
            "name": "V Guarana Energy Drink Blue Sugarfree 250ml",
            "productId": "v-blue-sugarfree-energy-drink-250ml",
            "productShopPage": "https://oxford.store.freshchoice.co.nz/lines/v-blue-sugarfree-energy-drink-250ml",
            "productImageURL": "https://dtgxwmigmg3gc.cloudfront.net/imagery/assets/derivations/icon/512/512/true/eyJpZCI6IjI3YWJiOTVhYjNhMjEwMDU2MWJhMmRhNTM3YjRhZjVmIiwic3RvcmFnZSI6InB1YmxpY19zdG9yZSJ9?signature=66769306ca1d0ba674603954d338186dc999f6d1839090d49fde9416b3252365",
            "productDescription": ""
        },
        "priceData": {
            "bestPrice": "2.20",
            "price": "2.20",
            "pricePerLitre": 8.8,
            "bestPricePerLitre": 8.8
        },
        "store": {
            "id": "5e76bfc21db5f5696b000db2",
            "name": "Oxford"
        },
        "timestamp": "2021-08-16T18:23:33.672441"
    },
    {
        "productData": {
            "name": "Live Plus Live+ Ignite Energy Drink 6 x 250ml Cans",
            "productId": "live-plus-live-ignite-energy-drink-6x250ml-cans",
            "productShopPage": "https://oxford.store.freshchoice.co.nz/lines/live-plus-live-ignite-energy-drink-6x250ml-cans",
            "productImageURL": "https://dtgxwmigmg3gc.cloudfront.net/imagery/assets/derivations/icon/512/512/true/eyJpZCI6Ijk5ZTU3ZDdlN2RjYzc0ZmZlOWY0NGQxMDdkYTI5ZDI5Iiwic3RvcmFnZSI6InB1YmxpY19zdG9yZSJ9?signature=16b8b1fb6c1dbc73b4d1f0110b7542a3259cd273e9b6adea8e6570f5158d8342",
            "productDescription": ""
        },
        "priceData": {
            "bestPrice": "7.70",
            "price": "7.70",
            "pricePerLitre": 5.1,
            "bestPricePerLitre": 5.1
        },
        "store": {
            "id": "5e76bfc21db5f5696b000db2",
            "name": "Oxford"
        },
        "timestamp": "2021-08-16T18:23:39.133496"
    },
    {
        "productData": {
            "name": "Rockstar Punched Energy Guava 500ml",
            "productId": "rockstar-punched-energy-guava-500ml",
            "productShopPage": "https://oxford.store.freshchoice.co.nz/lines/rockstar-punched-energy-guava-500ml",
            "productImageURL": "https://dtgxwmigmg3gc.cloudfront.net/imagery/assets/derivations/icon/512/512/true/eyJpZCI6IjBmNGEyNjU2MGQwM2Y4OGI4MWE3ZTMyODUzYTRlN2QyIiwic3RvcmFnZSI6InB1YmxpY19zdG9yZSJ9?signature=fab45ac774e74d87cf7a79de075f47290676fd6d4afcf212198c745670d5ce29",
            "productDescription": ""
        },
        "priceData": {
            "bestPrice": "2.59",
            "price": "2.59",
            "pricePerLitre": 5.2,
            "bestPricePerLitre": 5.2
        },
        "store": {
            "id": "5e76bfc21db5f5696b000db2",
            "name": "Oxford"
        },
        "timestamp": "2021-08-16T18:23:40.985691"
    }
]