[
    {
        "productData": {
            "name": "FILEMETA",
            "productId": "FILEMETA",
            "productShopPage": "",
            "productImageURL": "",
            "productDescription": "THIS IS NOT A REAL PRODUCT, THIS IS METADATA OF THIS FILE"
        },
        "priceData": {
            "bestPrice": "0.00",
            "price": "0.00",
            "pricePerLitre": 0,
            "bestPricePerLitre": 0
        },
        "timestamp": "2021-09-20T18:42:31.532851",
        "siteconfig": {
            "siteMeta": {
                "name": "Fresh Choice",
                "mainURL": "freshchoice.co.nz",
                "productPrefix": ""
            },
            "regex": {
                "pricePerLitre": "\\(\\$(\\d{1,}.\\d{1,}) (?:per ){0,}100[M-m][L-l]\\)"
            },
            "endpoints": {
                "storeList": "https://store.freshchoice.co.nz/api/v1/stores"
            }
        }
    },
    {
        "productData": {
            "name": "Mother Kicked Apple 500ml",
            "productId": "mother-kicked-apple-500ml",
            "productShopPage": "https://gleneden.store.freshchoice.co.nz/lines/mother-kicked-apple-500ml",
            "productImageURL": "https://dtgxwmigmg3gc.cloudfront.net/imagery/assets/derivations/icon/512/512/true/eyJpZCI6IjNhZTlkYjkwYTM4MDFjMGEwYjUwYThhMDAwYjkyZjM0Iiwic3RvcmFnZSI6InB1YmxpY19zdG9yZSJ9?signature=c1a1db0a5d7b074c388cf08560fd44a4a2b6127821554198e54eeea8474325f6",
            "productDescription": ""
        },
        "priceData": {
            "bestPrice": "2.00",
            "price": "2.00",
            "pricePerLitre": 4.0,
            "bestPricePerLitre": 4.0
        },
        "store": {
            "id": "5d71a2f042cdd728db000b75",
            "name": "Glen Eden"
        }
    },
    {
        "productData": {
            "name": "Monster Energy Ultra Paradise 500ml",
            "productId": "monster-energy-drink-ultra-paradise-500ml",
            "productShopPage": "https://gleneden.store.freshchoice.co.nz/lines/monster-energy-drink-ultra-paradise-500ml",
            "productImageURL": "https://dtgxwmigmg3gc.cloudfront.net/imagery/assets/derivations/icon/512/512/true/eyJpZCI6ImZiZDRkZTQxNzA0M2FiYTUyMjMwZWI0NTcyZGNmYTE1Iiwic3RvcmFnZSI6InB1YmxpY19zdG9yZSJ9?signature=8a439bf26b71114289dfea1720ed331b1e4784c534deade29db8ac38b1cc7c1a",
            "productDescription": ""
        },
        "priceData": {
            "bestPrice": "3.00",
            "price": "3.00",
            "pricePerLitre": 6.0,
            "bestPricePerLitre": 6.0
        },
        "store": {
            "id": "5d71a2f042cdd728db000b75",
            "name": "Glen Eden"
        }
    },
    {
        "productData": {
            "name": "Monster Energy Ultra Zero 500ml",
            "productId": "monster-energy-ultra-zero-500ml",
            "productShopPage": "https://gleneden.store.freshchoice.co.nz/lines/monster-energy-ultra-zero-500ml",
            "productImageURL": "https://dtgxwmigmg3gc.cloudfront.net/imagery/assets/derivations/icon/512/512/true/eyJpZCI6IjdhN2FhYTUwZWU2NTYwYjBiNGY1NThhMTgwNmVlODI3Iiwic3RvcmFnZSI6InB1YmxpY19zdG9yZSJ9?signature=7907c49ba7d043175a426f84a71776de7dd51fa5c249237063aca9cb098abdbe",
            "productDescription": ""
        },
        "priceData": {
            "bestPrice": "3.00",
            "price": "3.00",
            "pricePerLitre": 6.0,
            "bestPricePerLitre": 6.0
        },
        "store": {
            "id": "5d71a2f042cdd728db000b75",
            "name": "Glen Eden"
        }
    },
    {
        "productData": {
            "name": "Monster Energy Drink Can Green 500ml",
            "productId": "monster-energy-green-500ml",
            "productShopPage": "https://gleneden.store.freshchoice.co.nz/lines/monster-energy-green-500ml",
            "productImageURL": "https://dtgxwmigmg3gc.cloudfront.net/imagery/assets/derivations/icon/512/512/true/eyJpZCI6ImU3ZjNiNjJiNzI4Y2M0MTIxMjhiNjQ2ZmQ2OTQzMGEzIiwic3RvcmFnZSI6InB1YmxpY19zdG9yZSJ9?signature=637eac56411f57a79f345ea693f1418330d5742c3a04caddb460696dba06da06",
            "productDescription": ""
        },
        "priceData": {
            "bestPrice": "3.00",
            "price": "3.00",
            "pricePerLitre": 6.0,
            "bestPricePerLitre": 6.0
        },
        "store": {
            "id": "5d71a2f042cdd728db000b75",
            "name": "Glen Eden"
        }
    },
    {
        "productData": {
            "name": "Monster Energy Drink Ultra Rosa 500ml",
            "productId": "monster-energy-drink-ultra-rosa-500ml",
            "productShopPage": "https://gleneden.store.freshchoice.co.nz/lines/monster-energy-drink-ultra-rosa-500ml",
            "productImageURL": "https://dtgxwmigmg3gc.cloudfront.net/imagery/assets/derivations/icon/512/512/true/eyJpZCI6IjZjYzFjMzcwYzM4Mzk4N2MyOTUzNWIyMTFjZTJlYjgxIiwic3RvcmFnZSI6InB1YmxpY19zdG9yZSJ9?signature=9cd08284785f9b24647ecc7d1dc08214d9d00318cc809bebdef1921d6b78bb95",
            "productDescription": ""
        },
        "priceData": {
            "bestPrice": "3.00",
            "price": "3.00",
            "pricePerLitre": 6.0,
            "bestPricePerLitre": 6.0
        },
        "store": {
            "id": "5d71a2f042cdd728db000b75",
            "name": "Glen Eden"
        }
    },
    {
        "productData": {
            "name": "Mother Energy Drink Berry 500ml",
            "productId": "mother-energy-drink-berry-500ml",
            "productShopPage": "https://gleneden.store.freshchoice.co.nz/lines/mother-energy-drink-berry-500ml",
            "productImageURL": "https://dtgxwmigmg3gc.cloudfront.net/imagery/assets/derivations/icon/512/512/true/eyJpZCI6ImRhYTJlNjUzNzRjZjViNjI0ZDljNzUzNDA3YmE0ZDFkIiwic3RvcmFnZSI6InB1YmxpY19zdG9yZSJ9?signature=d9ffb465d71d599811c2ff7a788845bfe297eb3624ad7866a89cf0b3ece073f0",
            "productDescription": ""
        },
        "priceData": {
            "bestPrice": "2.00",
            "price": "2.00",
            "pricePerLitre": 4.0,
            "bestPricePerLitre": 4.0
        },
        "store": {
            "id": "5d71a2f042cdd728db000b75",
            "name": "Glen Eden"
        }
    },
    {
        "productData": {
            "name": "Mother Energy Drink Black 500ml",
            "productId": "mother-energy-drink-black-500ml",
            "productShopPage": "https://gleneden.store.freshchoice.co.nz/lines/mother-energy-drink-black-500ml",
            "productImageURL": "https://dtgxwmigmg3gc.cloudfront.net/imagery/assets/derivations/icon/512/512/true/eyJpZCI6ImYyMzA5MjhkYjg3ODFhYmYzZDU3ZjE1YjNmYzU2MWFjIiwic3RvcmFnZSI6InB1YmxpY19zdG9yZSJ9?signature=d3dbddb83d3d457075cd5d8936bef0c5b48fce4fa3fe725995d8b6d57219ceb5",
            "productDescription": ""
        },
        "priceData": {
            "bestPrice": "2.00",
            "price": "2.00",
            "pricePerLitre": 4.0,
            "bestPricePerLitre": 4.0
        },
        "store": {
            "id": "5d71a2f042cdd728db000b75",
            "name": "Glen Eden"
        }
    },
    {
        "productData": {
            "name": "Mother Energy Drink Passion 500ml",
            "productId": "mother-energy-drink-passion-500ml",
            "productShopPage": "https://gleneden.store.freshchoice.co.nz/lines/mother-energy-drink-passion-500ml",
            "productImageURL": "https://dtgxwmigmg3gc.cloudfront.net/imagery/assets/derivations/icon/512/512/true/eyJpZCI6ImQwODE2YTc4ZjBmNGU4NTU5Mzg1YjkxZmI5YjIzZjM0Iiwic3RvcmFnZSI6InB1YmxpY19zdG9yZSJ9?signature=713c495fef96a6427b917f0c7c7e855a963749ac5c1bf7dfd71e24ae08ea3123",
            "productDescription": ""
        },
        "priceData": {
            "bestPrice": "2.00",
            "price": "2.00",
            "pricePerLitre": 4.0,
            "bestPricePerLitre": 4.0
        },
        "store": {
            "id": "5d71a2f042cdd728db000b75",
            "name": "Glen Eden"
        }
    },
    {
        "productData": {
            "name": "Mother Tropical Blast 500ml",
            "productId": "mother-tropical-blast-500ml",
            "productShopPage": "https://gleneden.store.freshchoice.co.nz/lines/mother-tropical-blast-500ml",
            "productImageURL": "https://dtgxwmigmg3gc.cloudfront.net/imagery/assets/derivations/icon/512/512/true/eyJpZCI6ImEyZmM1OTUwNDhlODM5YTRhMjQ2MTI1OGEyYzNlZWZhIiwic3RvcmFnZSI6InB1YmxpY19zdG9yZSJ9?signature=6c9470ee4067e8ec32b58eeac9d628404d3986058a9b1cdef46014d1bee50944",
            "productDescription": ""
        },
        "priceData": {
            "bestPrice": "2.00",
            "price": "2.00",
            "pricePerLitre": 4.0,
            "bestPricePerLitre": 4.0
        },
        "store": {
            "id": "5d71a2f042cdd728db000b75",
            "name": "Glen Eden"
        }
    },
    {
        "productData": {
            "name": "Mother Epic Swell Energy Drink Twisted Apple 500ml",
            "productId": "mother-epic-swell-energy-drink-twisted-apple-500ml",
            "productShopPage": "https://gleneden.store.freshchoice.co.nz/lines/mother-epic-swell-energy-drink-twisted-apple-500ml",
            "productImageURL": "https://dtgxwmigmg3gc.cloudfront.net/imagery/assets/derivations/icon/512/512/true/eyJpZCI6ImE2ZjYxOGNhNjUyYzMxNzRhNjg2MDBhMGVjZmQ3MmJkIiwic3RvcmFnZSI6InB1YmxpY19zdG9yZSJ9?signature=954f74f8aba0fb24cb2a5248b1e93fe8a62fb8c7f902abbb08b7aed24bc44c80",
            "productDescription": ""
        },
        "priceData": {
            "bestPrice": "2.00",
            "price": "2.00",
            "pricePerLitre": 4.0,
            "bestPricePerLitre": 4.0
        },
        "store": {
            "id": "5d71a2f042cdd728db000b75",
            "name": "Glen Eden"
        }
    },
    {
        "productData": {
            "name": "Monster Energy Juice Mango Loco 500ml",
            "productId": "monster-energy-juice-mango-loco-500ml-can",
            "productShopPage": "https://gleneden.store.freshchoice.co.nz/lines/monster-energy-juice-mango-loco-500ml-can",
            "productImageURL": "https://dtgxwmigmg3gc.cloudfront.net/imagery/assets/derivations/icon/512/512/true/eyJpZCI6ImUyNmIyNzdlMzJkOTg5NjI4YWYxYzg2MTU2MjI0ZjgzIiwic3RvcmFnZSI6InB1YmxpY19zdG9yZSJ9?signature=db65ff44183396e60e8f4c13003417fb1277f7685b136cf223d7701f7e945faf",
            "productDescription": ""
        },
        "priceData": {
            "bestPrice": "3.00",
            "price": "3.00",
            "pricePerLitre": 6.0,
            "bestPricePerLitre": 6.0
        },
        "store": {
            "id": "5d71a2f042cdd728db000b75",
            "name": "Glen Eden"
        }
    },
    {
        "productData": {
            "name": "V Energy Drink Guarana 500ml",
            "productId": "v-energy-drink-guarana-500ml",
            "productShopPage": "https://gleneden.store.freshchoice.co.nz/lines/v-energy-drink-guarana-500ml",
            "productImageURL": "https://dtgxwmigmg3gc.cloudfront.net/imagery/assets/derivations/icon/512/512/true/eyJpZCI6IjgzZDAxMjhiMzg4NmEwZmE4YTE2ZjY2NWIzNmM2NzI2Iiwic3RvcmFnZSI6InB1YmxpY19zdG9yZSJ9?signature=f55ecc561066291a4e74a967db35ea2355f881bd1708bf400fd790032384ae4f",
            "productDescription": ""
        },
        "priceData": {
            "bestPrice": "3.80",
            "price": "3.80",
            "pricePerLitre": 7.6,
            "bestPricePerLitre": 7.6
        },
        "store": {
            "id": "5d71a2f042cdd728db000b75",
            "name": "Glen Eden"
        }
    },
    {
        "productData": {
            "name": "V Energy Drink Sugarfree 500ml",
            "productId": "v-energy-drink-sugarfree-500ml",
            "productShopPage": "https://gleneden.store.freshchoice.co.nz/lines/v-energy-drink-sugarfree-500ml",
            "productImageURL": "https://dtgxwmigmg3gc.cloudfront.net/imagery/assets/derivations/icon/512/512/true/eyJpZCI6ImVkZTAxNTNmMDI1NmU1NDZjNWQ5MTc3MjE3ZTQ3YTQ0Iiwic3RvcmFnZSI6InB1YmxpY19zdG9yZSJ9?signature=abcf72d9faa9ee3044eaa3b7ee0bf9b4fd8f582379018d8727f2234b7d3f3c85",
            "productDescription": ""
        },
        "priceData": {
            "bestPrice": "3.80",
            "price": "3.80",
            "pricePerLitre": 7.6,
            "bestPricePerLitre": 7.6
        },
        "store": {
            "id": "5d71a2f042cdd728db000b75",
            "name": "Glen Eden"
        }
    },
    {
        "productData": {
            "name": "V Energy Drink Sugar Free Guarana 250ml",
            "productId": "v-energy-drink-sugar-free-guarana-250ml",
            "productShopPage": "https://gleneden.store.freshchoice.co.nz/lines/v-energy-drink-sugar-free-guarana-250ml",
            "productImageURL": "https://dtgxwmigmg3gc.cloudfront.net/imagery/assets/derivations/icon/512/512/true/eyJpZCI6ImZiNzM1NmU4NTMyZDllODlkZTljZmNlOGY2MzQ5NGQwIiwic3RvcmFnZSI6InB1YmxpY19zdG9yZSJ9?signature=72b0ce0a48ca796717c115fe5e8b4564501470f63bf80ae865d26e9d131a2b8c",
            "productDescription": ""
        },
        "priceData": {
            "bestPrice": "2.20",
            "price": "2.20",
            "pricePerLitre": 8.8,
            "bestPricePerLitre": 8.8
        },
        "store": {
            "id": "5d71a2f042cdd728db000b75",
            "name": "Glen Eden"
        }
    },
    {
        "productData": {
            "name": "V Energy Drink Blue Guarana Spritzed 350ml",
            "productId": "v-blue-energy-drink-blue-guarana-spritzed-350ml",
            "productShopPage": "https://gleneden.store.freshchoice.co.nz/lines/v-blue-energy-drink-blue-guarana-spritzed-350ml",
            "productImageURL": "https://dtgxwmigmg3gc.cloudfront.net/imagery/assets/derivations/icon/512/512/true/eyJpZCI6ImY2OTRlZGI4NjdlNWMzZDM5NzgzMDQ0ODFkMzUxZGZiIiwic3RvcmFnZSI6InB1YmxpY19zdG9yZSJ9?signature=591b3079cb9c2407a29b3bc348eaf42dc1d34daba5c9d7aba65be654725b6719",
            "productDescription": ""
        },
        "priceData": {
            "bestPrice": "2.30",
            "price": "2.30",
            "pricePerLitre": 10.0,
            "bestPricePerLitre": 10.0
        },
        "store": {
            "id": "5d71a2f042cdd728db000b75",
            "name": "Glen Eden"
        }
    },
    {
        "productData": {
            "name": "V Energy Drink Green Guarana 350ml",
            "productId": "v-energy-drink-green-guarana-350ml",
            "productShopPage": "https://gleneden.store.freshchoice.co.nz/lines/v-energy-drink-green-guarana-350ml",
            "productImageURL": "https://dtgxwmigmg3gc.cloudfront.net/imagery/assets/derivations/icon/512/512/true/eyJpZCI6IjRiNjY4ZjYxOTQ2ODYyN2MzM2NiZWMyNGUyNmIyODk4Iiwic3RvcmFnZSI6InB1YmxpY19zdG9yZSJ9?signature=4cded9cb42349eef45a593461f311b1bb7fa881295733879671ad9fe9887d30c",
            "productDescription": ""
        },
        "priceData": {
            "bestPrice": "2.30",
            "price": "2.30",
            "pricePerLitre": 10.0,
            "bestPricePerLitre": 10.0
        },
        "store": {
            "id": "5d71a2f042cdd728db000b75",
            "name": "Glen Eden"
        }
    },
    {
        "productData": {
            "name": "V Energy Drink Guarana Can 250ml",
            "productId": "v-energy-drink-guarana-can-250ml",
            "productShopPage": "https://gleneden.store.freshchoice.co.nz/lines/v-energy-drink-guarana-can-250ml",
            "productImageURL": "https://dtgxwmigmg3gc.cloudfront.net/imagery/assets/derivations/icon/512/512/true/eyJpZCI6Ijc3Nzk1NjE2ZDhhNmFiMThhYzEzODYzOTg2ZmNkNzgwIiwic3RvcmFnZSI6InB1YmxpY19zdG9yZSJ9?signature=f5de1854d43e19cc62bff86893d4a55615cd916f8425a4dccd170b52eba81255",
            "productDescription": ""
        },
        "priceData": {
            "bestPrice": "2.20",
            "price": "2.20",
            "pricePerLitre": 8.8,
            "bestPricePerLitre": 8.8
        },
        "store": {
            "id": "5d71a2f042cdd728db000b75",
            "name": "Glen Eden"
        }
    },
    {
        "productData": {
            "name": "V Energy Drink Guarana Can 500ml",
            "productId": "v-energy-drink-guarana-can-500ml",
            "productShopPage": "https://gleneden.store.freshchoice.co.nz/lines/v-energy-drink-guarana-can-500ml",
            "productImageURL": "https://dtgxwmigmg3gc.cloudfront.net/imagery/assets/derivations/icon/512/512/true/eyJpZCI6ImI0NjgzNGZjNDRkMjU0MjgzYzJjZGNhMzA2NWIxYjA5Iiwic3RvcmFnZSI6InB1YmxpY19zdG9yZSJ9?signature=265e8273409849423466e7623cbbdf8352940707b8830803eec391e8f32c9c5f",
            "productDescription": ""
        },
        "priceData": {
            "bestPrice": "3.50",
            "price": "3.50",
            "pricePerLitre": 7.0,
            "bestPricePerLitre": 7.0
        },
        "store": {
            "id": "5d71a2f042cdd728db000b75",
            "name": "Glen Eden"
        }
    },
    {
        "productData": {
            "name": "V Energy Drink Sugar Free Guarana 500ml",
            "productId": "v-energy-drink-sugar-free-guarana-500ml",
            "productShopPage": "https://gleneden.store.freshchoice.co.nz/lines/v-energy-drink-sugar-free-guarana-500ml",
            "productImageURL": "https://dtgxwmigmg3gc.cloudfront.net/imagery/assets/derivations/icon/512/512/true/eyJpZCI6Ijg4MGExMDYxOTY4NTJiYzM1ZTExMmU2MGE2OWYxNDE3Iiwic3RvcmFnZSI6InB1YmxpY19zdG9yZSJ9?signature=b0536d25b9da8158705e24c88e21fabbf85c1dabc19f18108c386e956ffd7045",
            "productDescription": ""
        },
        "priceData": {
            "bestPrice": "3.50",
            "price": "3.50",
            "pricePerLitre": 7.0,
            "bestPricePerLitre": 7.0
        },
        "store": {
            "id": "5d71a2f042cdd728db000b75",
            "name": "Glen Eden"
        }
    },
    {
        "productData": {
            "name": "V Blue Energy Drink Bottle 500ml",
            "productId": "v-blue-energy-drink-bottle-500ml",
            "productShopPage": "https://gleneden.store.freshchoice.co.nz/lines/v-blue-energy-drink-bottle-500ml",
            "productImageURL": "https://dtgxwmigmg3gc.cloudfront.net/imagery/assets/derivations/icon/512/512/true/eyJpZCI6IjgyYWYxYWY4MGI4MzUxODhiYmVhZGVhM2U2NzY0MzI5Iiwic3RvcmFnZSI6InB1YmxpY19zdG9yZSJ9?signature=7e70fc576864a528a1431734d680cbf177a11b419a692dbfd34800c31b8944ec",
            "productDescription": ""
        },
        "priceData": {
            "bestPrice": "3.80",
            "price": "3.80",
            "pricePerLitre": 7.6,
            "bestPricePerLitre": 7.6
        },
        "store": {
            "id": "5d71a2f042cdd728db000b75",
            "name": "Glen Eden"
        }
    },
    {
        "productData": {
            "name": "V Blue Sugarfree Energy Drink 500ml",
            "productId": "v-blue-sugarfree-energy-drink-500ml",
            "productShopPage": "https://gleneden.store.freshchoice.co.nz/lines/v-blue-sugarfree-energy-drink-500ml",
            "productImageURL": "https://dtgxwmigmg3gc.cloudfront.net/imagery/assets/derivations/icon/512/512/true/eyJpZCI6ImVmYjQyOWRmM2JjZjc3NTY1ZDIwMTEyNTY0MDdmZjA1Iiwic3RvcmFnZSI6InB1YmxpY19zdG9yZSJ9?signature=2911d59474d8305039a3be3bef0f887c38d9ab84596314b13cc4b150101175ab",
            "productDescription": ""
        },
        "priceData": {
            "bestPrice": "3.50",
            "price": "3.50",
            "pricePerLitre": 7.0,
            "bestPricePerLitre": 7.0
        },
        "store": {
            "id": "5d71a2f042cdd728db000b75",
            "name": "Glen Eden"
        }
    },
    {
        "productData": {
            "name": "V Blue Energy Drink Blue Guarana Can 250ml",
            "productId": "v-blue-energy-drink-blue-guarana-can-250ml",
            "productShopPage": "https://gleneden.store.freshchoice.co.nz/lines/v-blue-energy-drink-blue-guarana-can-250ml",
            "productImageURL": "https://dtgxwmigmg3gc.cloudfront.net/imagery/assets/derivations/icon/512/512/true/eyJpZCI6IjBmZjQwNDEyZWQ2ZDk4YTg3YWQ2ZDUyMWZlNjM1YzJkIiwic3RvcmFnZSI6InB1YmxpY19zdG9yZSJ9?signature=8f745abe5614ec47b3d7a07f1a34ba529184a87b2a696211ba5a0f9f29c86bf0",
            "productDescription": ""
        },
        "priceData": {
            "bestPrice": "2.20",
            "price": "2.20",
            "pricePerLitre": 8.8,
            "bestPricePerLitre": 8.8
        },
        "store": {
            "id": "5d71a2f042cdd728db000b75",
            "name": "Glen Eden"
        }
    },
    {
        "productData": {
            "name": "V Blue Energy Drink Blue Guarana Can 500ml",
            "productId": "v-blue-energy-drink-blue-guarana-can-500ml",
            "productShopPage": "https://gleneden.store.freshchoice.co.nz/lines/v-blue-energy-drink-blue-guarana-can-500ml",
            "productImageURL": "https://dtgxwmigmg3gc.cloudfront.net/imagery/assets/derivations/icon/512/512/true/eyJpZCI6ImFmYjEyYjVjYTU2YWI5ZDJhMTVmNGY2MDg2NWFlNzgxIiwic3RvcmFnZSI6InB1YmxpY19zdG9yZSJ9?signature=b537a8cc5a2c0f90f1702b2c541db44c3a740a0ec4a96e92ab2d6537f9320e8d",
            "productDescription": ""
        },
        "priceData": {
            "bestPrice": "3.50",
            "price": "3.50",
            "pricePerLitre": 7.0,
            "bestPricePerLitre": 7.0
        },
        "store": {
            "id": "5d71a2f042cdd728db000b75",
            "name": "Glen Eden"
        }
    },
    {
        "productData": {
            "name": "V Energy Drink Sugar Free Guarana Bottle 350ml",
            "productId": "v-energy-drink-sugar-free-guarana-bottle-350ml",
            "productShopPage": "https://gleneden.store.freshchoice.co.nz/lines/v-energy-drink-sugar-free-guarana-bottle-350ml",
            "productImageURL": "https://dtgxwmigmg3gc.cloudfront.net/imagery/assets/derivations/icon/512/512/true/eyJpZCI6IjQzYmZlOTg1YzY2ZGQ0ZDI1YzUyZDk3MGJhMmJhMGM3Iiwic3RvcmFnZSI6InB1YmxpY19zdG9yZSJ9?signature=7a4bb3eb2264f52495ae9ba8fbf21b5a3e59e12c0d6208cfa1591261da333f55",
            "productDescription": ""
        },
        "priceData": {
            "bestPrice": "2.30",
            "price": "2.30",
            "pricePerLitre": 10.0,
            "bestPricePerLitre": 10.0
        },
        "store": {
            "id": "5d71a2f042cdd728db000b75",
            "name": "Glen Eden"
        }
    },
    {
        "productData": {
            "name": "Monster Super Fuel Zero Sugar 550ml",
            "productId": "monster-super-fuel-zero-sugar-550ml",
            "productShopPage": "https://gleneden.store.freshchoice.co.nz/lines/monster-super-fuel-zero-sugar-550ml",
            "productImageURL": "https://dtgxwmigmg3gc.cloudfront.net/imagery/assets/derivations/icon/512/512/true/eyJpZCI6IjRkOTE3NzhmODIxNDI1ZDJjNDg3Yjc0M2YyMzEyYmYxIiwic3RvcmFnZSI6InB1YmxpY19zdG9yZSJ9?signature=4b9dbd15c40f85466e597873c567f989183b284947e8c8dc4df58667789214a2",
            "productDescription": ""
        },
        "priceData": {
            "bestPrice": "4.00",
            "price": "4.00",
            "pricePerLitre": 7.3,
            "bestPricePerLitre": 7.3
        },
        "store": {
            "id": "5d71a2f042cdd728db000b75",
            "name": "Glen Eden"
        }
    },
    {
        "productData": {
            "name": "Monster Mule Ginger Brew 500ml",
            "productId": "monster-mule-ginger-brew-500ml",
            "productShopPage": "https://gleneden.store.freshchoice.co.nz/lines/monster-mule-ginger-brew-500ml",
            "productImageURL": "https://dtgxwmigmg3gc.cloudfront.net/imagery/assets/derivations/icon/512/512/true/eyJpZCI6ImM1OTM5MTIyZTRlNmNhNzk0ODFlMDE4ZWVmMWE2Y2ZlIiwic3RvcmFnZSI6InB1YmxpY19zdG9yZSJ9?signature=5d11287f30ef58c148e37382d61c0d83097d5461683a9aa5dd9456941c1f32e5",
            "productDescription": ""
        },
        "priceData": {
            "bestPrice": "3.00",
            "price": "3.00",
            "pricePerLitre": 6.0,
            "bestPricePerLitre": 6.0
        },
        "store": {
            "id": "5d71a2f042cdd728db000b75",
            "name": "Glen Eden"
        }
    },
    {
        "productData": {
            "name": "Monster Super Fuel Purple Passion 550ml",
            "productId": "monster-super-fuel-purple-passion-550ml",
            "productShopPage": "https://gleneden.store.freshchoice.co.nz/lines/monster-super-fuel-purple-passion-550ml",
            "productImageURL": "https://dtgxwmigmg3gc.cloudfront.net/imagery/assets/derivations/icon/512/512/true/eyJpZCI6IjNkMTY1OTQwMzgyOTZjZjVlMjNlNjBjMDQ3NTE1YWM0Iiwic3RvcmFnZSI6InB1YmxpY19zdG9yZSJ9?signature=4d4ccd77dab941d955a8037242a41833afdc7251d3bd5b5c4b99705770273998",
            "productDescription": ""
        },
        "priceData": {
            "bestPrice": "4.00",
            "price": "4.00",
            "pricePerLitre": 7.3,
            "bestPricePerLitre": 7.3
        },
        "store": {
            "id": "5d71a2f042cdd728db000b75",
            "name": "Glen Eden"
        }
    },
    {
        "productData": {
            "name": "Monster Energy Pipeline Punch 500ml",
            "productId": "monster-energy-pipeline-punch-500ml",
            "productShopPage": "https://gleneden.store.freshchoice.co.nz/lines/monster-energy-pipeline-punch-500ml",
            "productImageURL": "https://dtgxwmigmg3gc.cloudfront.net/imagery/assets/derivations/icon/512/512/true/eyJpZCI6IjM3ZWY2OTY5OWFlNTJlZTRjNTY1ZmFmYWIwOTIxMjg4Iiwic3RvcmFnZSI6InB1YmxpY19zdG9yZSJ9?signature=79ed6699c35bd716a9d5d9457c39ce62c523edaa4059b6b45d4dcc7caf65cef9",
            "productDescription": ""
        },
        "priceData": {
            "bestPrice": "3.00",
            "price": "3.00",
            "pricePerLitre": 6.0,
            "bestPricePerLitre": 6.0
        },
        "store": {
            "id": "5d71a2f042cdd728db000b75",
            "name": "Glen Eden"
        }
    },
    {
        "productData": {
            "name": "Live Plus Energy Drink Citrus Flavour 500ml",
            "productId": "live-plus-persist-500ml",
            "productShopPage": "https://gleneden.store.freshchoice.co.nz/lines/live-plus-persist-500ml",
            "productImageURL": "https://dtgxwmigmg3gc.cloudfront.net/imagery/assets/derivations/icon/512/512/true/eyJpZCI6IjFlNWQ5YzI4OWM1N2UzNmYzZmI2NThlMDQzZTI3ZjE4Iiwic3RvcmFnZSI6InB1YmxpY19zdG9yZSJ9?signature=756b17fefe47174b90e7dbec8cd09db27f9f59f4994bc750b71256ae93ba9fa8",
            "productDescription": ""
        },
        "priceData": {
            "bestPrice": "2.00",
            "price": "2.00",
            "pricePerLitre": 6.0,
            "bestPricePerLitre": 6.0
        },
        "store": {
            "id": "5d71a2f042cdd728db000b75",
            "name": "Glen Eden"
        }
    },
    {
        "productData": {
            "name": "Live Plus Energy Drink Tart Apple Apple Flavour 500ml",
            "productId": "live-plus-ignite-500ml",
            "productShopPage": "https://gleneden.store.freshchoice.co.nz/lines/live-plus-ignite-500ml",
            "productImageURL": "https://dtgxwmigmg3gc.cloudfront.net/imagery/assets/derivations/icon/512/512/true/eyJpZCI6IjViOGViZjhmZTQzYjFlYTMzNDM5YjJjMjg3ZDRmY2YyIiwic3RvcmFnZSI6InB1YmxpY19zdG9yZSJ9?signature=140ae19352cd0dcec7e77f90fa4dfaa9fa17086439f730510afc5d906e1415bf",
            "productDescription": ""
        },
        "priceData": {
            "bestPrice": "2.00",
            "price": "2.00",
            "pricePerLitre": 4.0,
            "bestPricePerLitre": 4.0
        },
        "store": {
            "id": "5d71a2f042cdd728db000b75",
            "name": "Glen Eden"
        }
    },
    {
        "productData": {
            "name": "V Guarana Energy Drink Blue Sugarfree 250ml",
            "productId": "v-blue-sugarfree-energy-drink-250ml",
            "productShopPage": "https://gleneden.store.freshchoice.co.nz/lines/v-blue-sugarfree-energy-drink-250ml",
            "productImageURL": "https://dtgxwmigmg3gc.cloudfront.net/imagery/assets/derivations/icon/512/512/true/eyJpZCI6IjI3YWJiOTVhYjNhMjEwMDU2MWJhMmRhNTM3YjRhZjVmIiwic3RvcmFnZSI6InB1YmxpY19zdG9yZSJ9?signature=66769306ca1d0ba674603954d338186dc999f6d1839090d49fde9416b3252365",
            "productDescription": ""
        },
        "priceData": {
            "bestPrice": "2.20",
            "price": "2.20",
            "pricePerLitre": 8.8,
            "bestPricePerLitre": 8.8
        },
        "store": {
            "id": "5d71a2f042cdd728db000b75",
            "name": "Glen Eden"
        }
    },
    {
        "productData": {
            "name": "Rockstar Original Energy Drink 500ml",
            "productId": "rockstar-original-energy-drink-500ml",
            "productShopPage": "https://gleneden.store.freshchoice.co.nz/lines/rockstar-original-energy-drink-500ml",
            "productImageURL": "https://dtgxwmigmg3gc.cloudfront.net/imagery/assets/derivations/icon/512/512/true/eyJpZCI6IjA1ZmRmMjE1MTQ0Zjk0YjgzMDFlNzEyMjQ5OWMzZjNjIiwic3RvcmFnZSI6InB1YmxpY19zdG9yZSJ9?signature=d3b539814d47e6a54c00fa8c8b73164ccb677a65cf673f3532132f7f04c657f5",
            "productDescription": ""
        },
        "priceData": {
            "bestPrice": "2.00",
            "price": "2.00",
            "pricePerLitre": 4.0,
            "bestPricePerLitre": 4.0
        },
        "store": {
            "id": "5d71a2f042cdd728db000b75",
            "name": "Glen Eden"
        }
    },
    {
        "productData": {
            "name": "Rockstar Punched Energy Guava 500ml",
            "productId": "rockstar-punched-energy-guava-500ml",
            "productShopPage": "https://gleneden.store.freshchoice.co.nz/lines/rockstar-punched-energy-guava-500ml",
            "productImageURL": "https://dtgxwmigmg3gc.cloudfront.net/imagery/assets/derivations/icon/512/512/true/eyJpZCI6IjBmNGEyNjU2MGQwM2Y4OGI4MWE3ZTMyODUzYTRlN2QyIiwic3RvcmFnZSI6InB1YmxpY19zdG9yZSJ9?signature=fab45ac774e74d87cf7a79de075f47290676fd6d4afcf212198c745670d5ce29",
            "productDescription": ""
        },
        "priceData": {
            "bestPrice": "2.00",
            "price": "2.00",
            "pricePerLitre": 4.0,
            "bestPricePerLitre": 4.0
        },
        "store": {
            "id": "5d71a2f042cdd728db000b75",
            "name": "Glen Eden"
        }
    },
    {
        "productData": {
            "name": "Monster Energy Ultra Paradise 500ml",
            "productId": "monster-energy-drink-ultra-paradise-500ml",
            "productShopPage": "https://greytown.store.freshchoice.co.nz/lines/monster-energy-drink-ultra-paradise-500ml",
            "productImageURL": "https://dtgxwmigmg3gc.cloudfront.net/imagery/assets/derivations/icon/512/512/true/eyJpZCI6ImZiZDRkZTQxNzA0M2FiYTUyMjMwZWI0NTcyZGNmYTE1Iiwic3RvcmFnZSI6InB1YmxpY19zdG9yZSJ9?signature=8a439bf26b71114289dfea1720ed331b1e4784c534deade29db8ac38b1cc7c1a",
            "productDescription": ""
        },
        "priceData": {
            "bestPrice": "3.00",
            "price": "3.00",
            "pricePerLitre": 6.0,
            "bestPricePerLitre": 6.0
        },
        "store": {
            "id": "5c8f2abb777a4233c400918b",
            "name": "Greytown"
        }
    },
    {
        "productData": {
            "name": "Monster Energy Ultra Zero 500ml",
            "productId": "monster-energy-ultra-zero-500ml",
            "productShopPage": "https://greytown.store.freshchoice.co.nz/lines/monster-energy-ultra-zero-500ml",
            "productImageURL": "https://dtgxwmigmg3gc.cloudfront.net/imagery/assets/derivations/icon/512/512/true/eyJpZCI6IjdhN2FhYTUwZWU2NTYwYjBiNGY1NThhMTgwNmVlODI3Iiwic3RvcmFnZSI6InB1YmxpY19zdG9yZSJ9?signature=7907c49ba7d043175a426f84a71776de7dd51fa5c249237063aca9cb098abdbe",
            "productDescription": ""
        },
        "priceData": {
            "bestPrice": "3.00",
            "price": "3.00",
            "pricePerLitre": 6.0,
            "bestPricePerLitre": 6.0
        },
        "store": {
            "id": "5c8f2abb777a4233c400918b",
            "name": "Greytown"
        }
    },
    {
        "productData": {
            "name": "Monster Energy Green 500ml",
            "productId": "monster-energy-green-500ml",
            "productShopPage": "https://greytown.store.freshchoice.co.nz/lines/monster-energy-green-500ml",
            "productImageURL": "https://dtgxwmigmg3gc.cloudfront.net/imagery/assets/derivations/icon/512/512/true/eyJpZCI6ImU3ZjNiNjJiNzI4Y2M0MTIxMjhiNjQ2ZmQ2OTQzMGEzIiwic3RvcmFnZSI6InB1YmxpY19zdG9yZSJ9?signature=637eac56411f57a79f345ea693f1418330d5742c3a04caddb460696dba06da06",
            "productDescription": ""
        },
        "priceData": {
            "bestPrice": "3.00",
            "price": "3.00",
            "pricePerLitre": 6.0,
            "bestPricePerLitre": 6.0
        },
        "store": {
            "id": "5c8f2abb777a4233c400918b",
            "name": "Greytown"
        }
    },
    {
        "productData": {
            "name": "Monster Energy Drink Ultra Rosa 500ml",
            "productId": "monster-energy-drink-ultra-rosa-500ml",
            "productShopPage": "https://greytown.store.freshchoice.co.nz/lines/monster-energy-drink-ultra-rosa-500ml",
            "productImageURL": "https://dtgxwmigmg3gc.cloudfront.net/imagery/assets/derivations/icon/512/512/true/eyJpZCI6IjZjYzFjMzcwYzM4Mzk4N2MyOTUzNWIyMTFjZTJlYjgxIiwic3RvcmFnZSI6InB1YmxpY19zdG9yZSJ9?signature=9cd08284785f9b24647ecc7d1dc08214d9d00318cc809bebdef1921d6b78bb95",
            "productDescription": ""
        },
        "priceData": {
            "bestPrice": "3.00",
            "price": "3.00",
            "pricePerLitre": 6.0,
            "bestPricePerLitre": 6.0
        },
        "store": {
            "id": "5c8f2abb777a4233c400918b",
            "name": "Greytown"
        }
    },
    {
        "productData": {
            "name": "Mother Energy Drink Berry 500ml",
            "productId": "mother-energy-drink-berry-500ml",
            "productShopPage": "https://greytown.store.freshchoice.co.nz/lines/mother-energy-drink-berry-500ml",
            "productImageURL": "https://dtgxwmigmg3gc.cloudfront.net/imagery/assets/derivations/icon/512/512/true/eyJpZCI6ImRhYTJlNjUzNzRjZjViNjI0ZDljNzUzNDA3YmE0ZDFkIiwic3RvcmFnZSI6InB1YmxpY19zdG9yZSJ9?signature=d9ffb465d71d599811c2ff7a788845bfe297eb3624ad7866a89cf0b3ece073f0",
            "productDescription": ""
        },
        "priceData": {
            "bestPrice": "2.00",
            "price": "2.00",
            "pricePerLitre": 4.0,
            "bestPricePerLitre": 4.0
        },
        "store": {
            "id": "5c8f2abb777a4233c400918b",
            "name": "Greytown"
        }
    },
    {
        "productData": {
            "name": "Mother Energy Drink Black 500ml",
            "productId": "mother-energy-drink-black-500ml",
            "productShopPage": "https://greytown.store.freshchoice.co.nz/lines/mother-energy-drink-black-500ml",
            "productImageURL": "https://dtgxwmigmg3gc.cloudfront.net/imagery/assets/derivations/icon/512/512/true/eyJpZCI6ImYyMzA5MjhkYjg3ODFhYmYzZDU3ZjE1YjNmYzU2MWFjIiwic3RvcmFnZSI6InB1YmxpY19zdG9yZSJ9?signature=d3dbddb83d3d457075cd5d8936bef0c5b48fce4fa3fe725995d8b6d57219ceb5",
            "productDescription": ""
        },
        "priceData": {
            "bestPrice": "2.00",
            "price": "2.00",
            "pricePerLitre": 4.0,
            "bestPricePerLitre": 4.0
        },
        "store": {
            "id": "5c8f2abb777a4233c400918b",
            "name": "Greytown"
        }
    },
    {
        "productData": {
            "name": "Mother Energy Drink Passion 500ml",
            "productId": "mother-energy-drink-passion-500ml",
            "productShopPage": "https://greytown.store.freshchoice.co.nz/lines/mother-energy-drink-passion-500ml",
            "productImageURL": "https://dtgxwmigmg3gc.cloudfront.net/imagery/assets/derivations/icon/512/512/true/eyJpZCI6ImQwODE2YTc4ZjBmNGU4NTU5Mzg1YjkxZmI5YjIzZjM0Iiwic3RvcmFnZSI6InB1YmxpY19zdG9yZSJ9?signature=713c495fef96a6427b917f0c7c7e855a963749ac5c1bf7dfd71e24ae08ea3123",
            "productDescription": ""
        },
        "priceData": {
            "bestPrice": "2.00",
            "price": "2.00",
            "pricePerLitre": 4.0,
            "bestPricePerLitre": 4.0
        },
        "store": {
            "id": "5c8f2abb777a4233c400918b",
            "name": "Greytown"
        }
    },
    {
        "productData": {
            "name": "Mother Tropical Blast 500ml",
            "productId": "mother-tropical-blast-500ml",
            "productShopPage": "https://greytown.store.freshchoice.co.nz/lines/mother-tropical-blast-500ml",
            "productImageURL": "https://dtgxwmigmg3gc.cloudfront.net/imagery/assets/derivations/icon/512/512/true/eyJpZCI6ImEyZmM1OTUwNDhlODM5YTRhMjQ2MTI1OGEyYzNlZWZhIiwic3RvcmFnZSI6InB1YmxpY19zdG9yZSJ9?signature=6c9470ee4067e8ec32b58eeac9d628404d3986058a9b1cdef46014d1bee50944",
            "productDescription": ""
        },
        "priceData": {
            "bestPrice": "2.00",
            "price": "2.00",
            "pricePerLitre": 4.0,
            "bestPricePerLitre": 4.0
        },
        "store": {
            "id": "5c8f2abb777a4233c400918b",
            "name": "Greytown"
        }
    },
    {
        "productData": {
            "name": "Mother Epic Swell Energy Drink Twisted Apple 500ml",
            "productId": "mother-epic-swell-energy-drink-twisted-apple-500ml",
            "productShopPage": "https://greytown.store.freshchoice.co.nz/lines/mother-epic-swell-energy-drink-twisted-apple-500ml",
            "productImageURL": "https://dtgxwmigmg3gc.cloudfront.net/imagery/assets/derivations/icon/512/512/true/eyJpZCI6ImE2ZjYxOGNhNjUyYzMxNzRhNjg2MDBhMGVjZmQ3MmJkIiwic3RvcmFnZSI6InB1YmxpY19zdG9yZSJ9?signature=954f74f8aba0fb24cb2a5248b1e93fe8a62fb8c7f902abbb08b7aed24bc44c80",
            "productDescription": ""
        },
        "priceData": {
            "bestPrice": "2.00",
            "price": "2.00",
            "pricePerLitre": 6.0,
            "bestPricePerLitre": 6.0
        },
        "store": {
            "id": "5c8f2abb777a4233c400918b",
            "name": "Greytown"
        }
    },
    {
        "productData": {
            "name": "V Energy Drink Guarana 500ml",
            "productId": "v-energy-drink-guarana-500ml",
            "productShopPage": "https://greytown.store.freshchoice.co.nz/lines/v-energy-drink-guarana-500ml",
            "productImageURL": "https://dtgxwmigmg3gc.cloudfront.net/imagery/assets/derivations/icon/512/512/true/eyJpZCI6IjgzZDAxMjhiMzg4NmEwZmE4YTE2ZjY2NWIzNmM2NzI2Iiwic3RvcmFnZSI6InB1YmxpY19zdG9yZSJ9?signature=f55ecc561066291a4e74a967db35ea2355f881bd1708bf400fd790032384ae4f",
            "productDescription": ""
        },
        "priceData": {
            "bestPrice": "3.80",
            "price": "3.80",
            "pricePerLitre": 7.6,
            "bestPricePerLitre": 7.6
        },
        "store": {
            "id": "5c8f2abb777a4233c400918b",
            "name": "Greytown"
        }
    },
    {
        "productData": {
            "name": "V Energy Drink Sugarfree 500ml",
            "productId": "v-energy-drink-sugarfree-500ml",
            "productShopPage": "https://greytown.store.freshchoice.co.nz/lines/v-energy-drink-sugarfree-500ml",
            "productImageURL": "https://dtgxwmigmg3gc.cloudfront.net/imagery/assets/derivations/icon/512/512/true/eyJpZCI6ImVkZTAxNTNmMDI1NmU1NDZjNWQ5MTc3MjE3ZTQ3YTQ0Iiwic3RvcmFnZSI6InB1YmxpY19zdG9yZSJ9?signature=abcf72d9faa9ee3044eaa3b7ee0bf9b4fd8f582379018d8727f2234b7d3f3c85",
            "productDescription": ""
        },
        "priceData": {
            "bestPrice": "3.80",
            "price": "3.80",
            "pricePerLitre": 7.6,
            "bestPricePerLitre": 7.6
        },
        "store": {
            "id": "5c8f2abb777a4233c400918b",
            "name": "Greytown"
        }
    },
    {
        "productData": {
            "name": "V Energy Drink Blue Guarana Spritzed 350ml",
            "productId": "v-blue-energy-drink-blue-guarana-spritzed-350ml",
            "productShopPage": "https://greytown.store.freshchoice.co.nz/lines/v-blue-energy-drink-blue-guarana-spritzed-350ml",
            "productImageURL": "https://dtgxwmigmg3gc.cloudfront.net/imagery/assets/derivations/icon/512/512/true/eyJpZCI6ImY2OTRlZGI4NjdlNWMzZDM5NzgzMDQ0ODFkMzUxZGZiIiwic3RvcmFnZSI6InB1YmxpY19zdG9yZSJ9?signature=591b3079cb9c2407a29b3bc348eaf42dc1d34daba5c9d7aba65be654725b6719",
            "productDescription": ""
        },
        "priceData": {
            "bestPrice": "2.30",
            "price": "2.30",
            "pricePerLitre": 10.0,
            "bestPricePerLitre": 10.0
        },
        "store": {
            "id": "5c8f2abb777a4233c400918b",
            "name": "Greytown"
        }
    },
    {
        "productData": {
            "name": "V Energy Drink Green Guarana 350ml",
            "productId": "v-energy-drink-green-guarana-350ml",
            "productShopPage": "https://greytown.store.freshchoice.co.nz/lines/v-energy-drink-green-guarana-350ml",
            "productImageURL": "https://dtgxwmigmg3gc.cloudfront.net/imagery/assets/derivations/icon/512/512/true/eyJpZCI6IjRiNjY4ZjYxOTQ2ODYyN2MzM2NiZWMyNGUyNmIyODk4Iiwic3RvcmFnZSI6InB1YmxpY19zdG9yZSJ9?signature=4cded9cb42349eef45a593461f311b1bb7fa881295733879671ad9fe9887d30c",
            "productDescription": ""
        },
        "priceData": {
            "bestPrice": "2.30",
            "price": "2.30",
            "pricePerLitre": 10.0,
            "bestPricePerLitre": 10.0
        },
        "store": {
            "id": "5c8f2abb777a4233c400918b",
            "name": "Greytown"
        }
    },
    {
        "productData": {
            "name": "V Energy Drink Guarana Can 250ml",
            "productId": "v-energy-drink-guarana-can-250ml",
            "productShopPage": "https://greytown.store.freshchoice.co.nz/lines/v-energy-drink-guarana-can-250ml",
            "productImageURL": "https://dtgxwmigmg3gc.cloudfront.net/imagery/assets/derivations/icon/512/512/true/eyJpZCI6Ijc3Nzk1NjE2ZDhhNmFiMThhYzEzODYzOTg2ZmNkNzgwIiwic3RvcmFnZSI6InB1YmxpY19zdG9yZSJ9?signature=f5de1854d43e19cc62bff86893d4a55615cd916f8425a4dccd170b52eba81255",
            "productDescription": ""
        },
        "priceData": {
            "bestPrice": "2.20",
            "price": "2.20",
            "pricePerLitre": 8.8,
            "bestPricePerLitre": 8.8
        },
        "store": {
            "id": "5c8f2abb777a4233c400918b",
            "name": "Greytown"
        }
    },
    {
        "productData": {
            "name": "V Energy Drink Guarana Can 500ml",
            "productId": "v-energy-drink-guarana-can-500ml",
            "productShopPage": "https://greytown.store.freshchoice.co.nz/lines/v-energy-drink-guarana-can-500ml",
            "productImageURL": "https://dtgxwmigmg3gc.cloudfront.net/imagery/assets/derivations/icon/512/512/true/eyJpZCI6ImI0NjgzNGZjNDRkMjU0MjgzYzJjZGNhMzA2NWIxYjA5Iiwic3RvcmFnZSI6InB1YmxpY19zdG9yZSJ9?signature=265e8273409849423466e7623cbbdf8352940707b8830803eec391e8f32c9c5f",
            "productDescription": ""
        },
        "priceData": {
            "bestPrice": "3.50",
            "price": "3.50",
            "pricePerLitre": 7.0,
            "bestPricePerLitre": 7.0
        },
        "store": {
            "id": "5c8f2abb777a4233c400918b",
            "name": "Greytown"
        }
    },
    {
        "productData": {
            "name": "V Blue Energy Drink Bottle 500ml",
            "productId": "v-blue-energy-drink-bottle-500ml",
            "productShopPage": "https://greytown.store.freshchoice.co.nz/lines/v-blue-energy-drink-bottle-500ml",
            "productImageURL": "https://dtgxwmigmg3gc.cloudfront.net/imagery/assets/derivations/icon/512/512/true/eyJpZCI6IjgyYWYxYWY4MGI4MzUxODhiYmVhZGVhM2U2NzY0MzI5Iiwic3RvcmFnZSI6InB1YmxpY19zdG9yZSJ9?signature=7e70fc576864a528a1431734d680cbf177a11b419a692dbfd34800c31b8944ec",
            "productDescription": ""
        },
        "priceData": {
            "bestPrice": "3.80",
            "price": "3.80",
            "pricePerLitre": 7.6,
            "bestPricePerLitre": 7.6
        },
        "store": {
            "id": "5c8f2abb777a4233c400918b",
            "name": "Greytown"
        }
    },
    {
        "productData": {
            "name": "V Blue Sugarfree Energy Drink 500ml",
            "productId": "v-blue-sugarfree-energy-drink-500ml",
            "productShopPage": "https://greytown.store.freshchoice.co.nz/lines/v-blue-sugarfree-energy-drink-500ml",
            "productImageURL": "https://dtgxwmigmg3gc.cloudfront.net/imagery/assets/derivations/icon/512/512/true/eyJpZCI6ImVmYjQyOWRmM2JjZjc3NTY1ZDIwMTEyNTY0MDdmZjA1Iiwic3RvcmFnZSI6InB1YmxpY19zdG9yZSJ9?signature=2911d59474d8305039a3be3bef0f887c38d9ab84596314b13cc4b150101175ab",
            "productDescription": ""
        },
        "priceData": {
            "bestPrice": "3.50",
            "price": "3.50",
            "pricePerLitre": 7.0,
            "bestPricePerLitre": 7.0
        },
        "store": {
            "id": "5c8f2abb777a4233c400918b",
            "name": "Greytown"
        }
    },
    {
        "productData": {
            "name": "V Raspberry Lemonade Energy Drink 500ml",
            "productId": "v-energy-drink-raspberry-lemonade-500ml-can",
            "productShopPage": "https://greytown.store.freshchoice.co.nz/lines/v-energy-drink-raspberry-lemonade-500ml-can",
            "productImageURL": "https://dtgxwmigmg3gc.cloudfront.net/imagery/assets/derivations/icon/512/512/true/eyJpZCI6ImE3N2Y5NzBmY2FhOWZhYmZiOTc3MmYyMzE4MGRiOTcxIiwic3RvcmFnZSI6InB1YmxpY19zdG9yZSJ9?signature=2bb7890fe6d7b0c0c6a522be31c78077be0aa570ca4c8aa5549ccf80761262dc",
            "productDescription": ""
        },
        "priceData": {
            "bestPrice": "3.50",
            "price": "3.50",
            "pricePerLitre": 7.0,
            "bestPricePerLitre": 7.0
        },
        "store": {
            "id": "5c8f2abb777a4233c400918b",
            "name": "Greytown"
        }
    },
    {
        "productData": {
            "name": "V Blue Energy Drink Blue Guarana Can 250ml",
            "productId": "v-blue-energy-drink-blue-guarana-can-250ml",
            "productShopPage": "https://greytown.store.freshchoice.co.nz/lines/v-blue-energy-drink-blue-guarana-can-250ml",
            "productImageURL": "https://dtgxwmigmg3gc.cloudfront.net/imagery/assets/derivations/icon/512/512/true/eyJpZCI6IjBmZjQwNDEyZWQ2ZDk4YTg3YWQ2ZDUyMWZlNjM1YzJkIiwic3RvcmFnZSI6InB1YmxpY19zdG9yZSJ9?signature=8f745abe5614ec47b3d7a07f1a34ba529184a87b2a696211ba5a0f9f29c86bf0",
            "productDescription": ""
        },
        "priceData": {
            "bestPrice": "2.20",
            "price": "2.20",
            "pricePerLitre": 8.8,
            "bestPricePerLitre": 8.8
        },
        "store": {
            "id": "5c8f2abb777a4233c400918b",
            "name": "Greytown"
        }
    },
    {
        "productData": {
            "name": "V Blue Energy Drink Blue Guarana Can 500ml",
            "productId": "v-blue-energy-drink-blue-guarana-can-500ml",
            "productShopPage": "https://greytown.store.freshchoice.co.nz/lines/v-blue-energy-drink-blue-guarana-can-500ml",
            "productImageURL": "https://dtgxwmigmg3gc.cloudfront.net/imagery/assets/derivations/icon/512/512/true/eyJpZCI6ImFmYjEyYjVjYTU2YWI5ZDJhMTVmNGY2MDg2NWFlNzgxIiwic3RvcmFnZSI6InB1YmxpY19zdG9yZSJ9?signature=b537a8cc5a2c0f90f1702b2c541db44c3a740a0ec4a96e92ab2d6537f9320e8d",
            "productDescription": ""
        },
        "priceData": {
            "bestPrice": "3.50",
            "price": "3.50",
            "pricePerLitre": 7.0,
            "bestPricePerLitre": 7.0
        },
        "store": {
            "id": "5c8f2abb777a4233c400918b",
            "name": "Greytown"
        }
    },
    {
        "productData": {
            "name": "V Iced Mocha Guarana Energy 500ml",
            "productId": "v-iced-mocha-guarana-energy-500ml",
            "productShopPage": "https://greytown.store.freshchoice.co.nz/lines/v-iced-mocha-guarana-energy-500ml",
            "productImageURL": "https://dtgxwmigmg3gc.cloudfront.net/imagery/assets/derivations/icon/512/512/true/eyJpZCI6ImNiMDRkODVlZmQ2YjhiZGMxMWU4Zjk5OGEwOTczODg1Iiwic3RvcmFnZSI6InB1YmxpY19zdG9yZSJ9?signature=3e63d4ec34ef65794a07ea00749a785cb88ce90997e6e7d12629c3c0f205de6d",
            "productDescription": ""
        },
        "priceData": {
            "bestPrice": "4.00",
            "price": "4.00"
        },
        "store": {
            "id": "5c8f2abb777a4233c400918b",
            "name": "Greytown"
        }
    },
    {
        "productData": {
            "name": "V Pure Energy Drink Bottle 330ml",
            "productId": "v-pure-330ml-bottle",
            "productShopPage": "https://greytown.store.freshchoice.co.nz/lines/v-pure-330ml-bottle",
            "productImageURL": "https://dtgxwmigmg3gc.cloudfront.net/imagery/assets/derivations/icon/512/512/true/eyJpZCI6ImFjZmFlNGE1MmQ1ZmNhOTVhN2IyNzdhOGQ3ZTBjNTY0Iiwic3RvcmFnZSI6InB1YmxpY19zdG9yZSJ9?signature=ff03797de044ef70d02854192249a79b3cd819353c7171ef7358378e76bfc089",
            "productDescription": ""
        },
        "priceData": {
            "bestPrice": "3.50",
            "price": "3.50",
            "pricePerLitre": 10.600000000000001,
            "bestPricePerLitre": 10.600000000000001
        },
        "store": {
            "id": "5c8f2abb777a4233c400918b",
            "name": "Greytown"
        }
    },
    {
        "productData": {
            "name": "Monster Energy Ultra Sunrise 500ml",
            "productId": "monster-energy-ultra-sunrise-500ml-can",
            "productShopPage": "https://greytown.store.freshchoice.co.nz/lines/monster-energy-ultra-sunrise-500ml-can",
            "productImageURL": "https://dtgxwmigmg3gc.cloudfront.net/imagery/assets/derivations/icon/512/512/true/eyJpZCI6ImFlNTVkY2RiZTZiZjg3OGZjZTdlOTU1OTFhMDE4YTdiIiwic3RvcmFnZSI6InB1YmxpY19zdG9yZSJ9?signature=b98350feca08b6ab128cc925fef23a58f65a36f94ede15cb2174f6f88a0f8a0f",
            "productDescription": ""
        },
        "priceData": {
            "bestPrice": "3.00",
            "price": "3.00",
            "pricePerLitre": 6.0,
            "bestPricePerLitre": 6.0
        },
        "store": {
            "id": "5c8f2abb777a4233c400918b",
            "name": "Greytown"
        }
    },
    {
        "productData": {
            "name": "Monster Super Fuel Zero Sugar 550ml",
            "productId": "monster-super-fuel-zero-sugar-550ml",
            "productShopPage": "https://greytown.store.freshchoice.co.nz/lines/monster-super-fuel-zero-sugar-550ml",
            "productImageURL": "https://dtgxwmigmg3gc.cloudfront.net/imagery/assets/derivations/icon/512/512/true/eyJpZCI6IjRkOTE3NzhmODIxNDI1ZDJjNDg3Yjc0M2YyMzEyYmYxIiwic3RvcmFnZSI6InB1YmxpY19zdG9yZSJ9?signature=4b9dbd15c40f85466e597873c567f989183b284947e8c8dc4df58667789214a2",
            "productDescription": ""
        },
        "priceData": {
            "bestPrice": "4.00",
            "price": "4.00",
            "pricePerLitre": 7.3,
            "bestPricePerLitre": 7.3
        },
        "store": {
            "id": "5c8f2abb777a4233c400918b",
            "name": "Greytown"
        }
    },
    {
        "productData": {
            "name": "Monster Mule Ginger Brew 500ml",
            "productId": "monster-mule-ginger-brew-500ml",
            "productShopPage": "https://greytown.store.freshchoice.co.nz/lines/monster-mule-ginger-brew-500ml",
            "productImageURL": "https://dtgxwmigmg3gc.cloudfront.net/imagery/assets/derivations/icon/512/512/true/eyJpZCI6ImM1OTM5MTIyZTRlNmNhNzk0ODFlMDE4ZWVmMWE2Y2ZlIiwic3RvcmFnZSI6InB1YmxpY19zdG9yZSJ9?signature=5d11287f30ef58c148e37382d61c0d83097d5461683a9aa5dd9456941c1f32e5",
            "productDescription": ""
        },
        "priceData": {
            "bestPrice": "3.00",
            "price": "3.00",
            "pricePerLitre": 6.0,
            "bestPricePerLitre": 6.0
        },
        "store": {
            "id": "5c8f2abb777a4233c400918b",
            "name": "Greytown"
        }
    },
    {
        "productData": {
            "name": "Monster Super Fuel Purple Passion 550ml",
            "productId": "monster-super-fuel-purple-passion-550ml",
            "productShopPage": "https://greytown.store.freshchoice.co.nz/lines/monster-super-fuel-purple-passion-550ml",
            "productImageURL": "https://dtgxwmigmg3gc.cloudfront.net/imagery/assets/derivations/icon/512/512/true/eyJpZCI6IjNkMTY1OTQwMzgyOTZjZjVlMjNlNjBjMDQ3NTE1YWM0Iiwic3RvcmFnZSI6InB1YmxpY19zdG9yZSJ9?signature=4d4ccd77dab941d955a8037242a41833afdc7251d3bd5b5c4b99705770273998",
            "productDescription": ""
        },
        "priceData": {
            "bestPrice": "4.00",
            "price": "4.00",
            "pricePerLitre": 7.3,
            "bestPricePerLitre": 7.3
        },
        "store": {
            "id": "5c8f2abb777a4233c400918b",
            "name": "Greytown"
        }
    },
    {
        "productData": {
            "name": "Monster Energy Pipeline Punch 500ml",
            "productId": "monster-energy-pipeline-punch-500ml",
            "productShopPage": "https://greytown.store.freshchoice.co.nz/lines/monster-energy-pipeline-punch-500ml",
            "productImageURL": "https://dtgxwmigmg3gc.cloudfront.net/imagery/assets/derivations/icon/512/512/true/eyJpZCI6IjM3ZWY2OTY5OWFlNTJlZTRjNTY1ZmFmYWIwOTIxMjg4Iiwic3RvcmFnZSI6InB1YmxpY19zdG9yZSJ9?signature=79ed6699c35bd716a9d5d9457c39ce62c523edaa4059b6b45d4dcc7caf65cef9",
            "productDescription": ""
        },
        "priceData": {
            "bestPrice": "3.00",
            "price": "3.00",
            "pricePerLitre": 6.0,
            "bestPricePerLitre": 6.0
        },
        "store": {
            "id": "5c8f2abb777a4233c400918b",
            "name": "Greytown"
        }
    },
    {
        "productData": {
            "name": "Live Plus Energy Drink Citrus Flavour 500ml",
            "productId": "live-plus-persist-500ml",
            "productShopPage": "https://greytown.store.freshchoice.co.nz/lines/live-plus-persist-500ml",
            "productImageURL": "https://dtgxwmigmg3gc.cloudfront.net/imagery/assets/derivations/icon/512/512/true/eyJpZCI6IjFlNWQ5YzI4OWM1N2UzNmYzZmI2NThlMDQzZTI3ZjE4Iiwic3RvcmFnZSI6InB1YmxpY19zdG9yZSJ9?signature=756b17fefe47174b90e7dbec8cd09db27f9f59f4994bc750b71256ae93ba9fa8",
            "productDescription": ""
        },
        "priceData": {
            "bestPrice": "2.00",
            "price": "2.00",
            "pricePerLitre": 4.0,
            "bestPricePerLitre": 4.0
        },
        "store": {
            "id": "5c8f2abb777a4233c400918b",
            "name": "Greytown"
        }
    },
    {
        "productData": {
            "name": "Live Plus Energy Drink Tart Apple Apple Flavour 500ml",
            "productId": "live-plus-ignite-500ml",
            "productShopPage": "https://greytown.store.freshchoice.co.nz/lines/live-plus-ignite-500ml",
            "productImageURL": "https://dtgxwmigmg3gc.cloudfront.net/imagery/assets/derivations/icon/512/512/true/eyJpZCI6IjViOGViZjhmZTQzYjFlYTMzNDM5YjJjMjg3ZDRmY2YyIiwic3RvcmFnZSI6InB1YmxpY19zdG9yZSJ9?signature=140ae19352cd0dcec7e77f90fa4dfaa9fa17086439f730510afc5d906e1415bf",
            "productDescription": ""
        },
        "priceData": {
            "bestPrice": "2.00",
            "price": "2.00",
            "pricePerLitre": 4.0,
            "bestPricePerLitre": 4.0
        },
        "store": {
            "id": "5c8f2abb777a4233c400918b",
            "name": "Greytown"
        }
    },
    {
        "productData": {
            "name": "V Guarana Energy Drink Blue Sugarfree 250ml",
            "productId": "v-blue-sugarfree-energy-drink-250ml",
            "productShopPage": "https://greytown.store.freshchoice.co.nz/lines/v-blue-sugarfree-energy-drink-250ml",
            "productImageURL": "https://dtgxwmigmg3gc.cloudfront.net/imagery/assets/derivations/icon/512/512/true/eyJpZCI6IjI3YWJiOTVhYjNhMjEwMDU2MWJhMmRhNTM3YjRhZjVmIiwic3RvcmFnZSI6InB1YmxpY19zdG9yZSJ9?signature=66769306ca1d0ba674603954d338186dc999f6d1839090d49fde9416b3252365",
            "productDescription": ""
        },
        "priceData": {
            "bestPrice": "2.20",
            "price": "2.20",
            "pricePerLitre": 8.8,
            "bestPricePerLitre": 8.8
        },
        "store": {
            "id": "5c8f2abb777a4233c400918b",
            "name": "Greytown"
        }
    },
    {
        "productData": {
            "name": "Live Plus Energy Drink Original Citrus Flavour 355ml",
            "productId": "live-plus-persist-glass-355ml",
            "productShopPage": "https://greytown.store.freshchoice.co.nz/lines/live-plus-persist-glass-355ml",
            "productImageURL": "https://dtgxwmigmg3gc.cloudfront.net/imagery/assets/derivations/icon/512/512/true/eyJpZCI6ImYzMjZlMTdmMmI5ZGRjZGYzYmFmNzNiMWQzN2Y5NDI4Iiwic3RvcmFnZSI6InB1YmxpY19zdG9yZSJ9?signature=8fa31eb2b309e9c7a293ba2e7a7541e3cdc686b1d3f519044aa97c666ae5f630",
            "productDescription": ""
        },
        "priceData": {
            "bestPrice": "2.80",
            "price": "2.80",
            "pricePerLitre": 7.9,
            "bestPricePerLitre": 7.9
        },
        "store": {
            "id": "5c8f2abb777a4233c400918b",
            "name": "Greytown"
        }
    },
    {
        "productData": {
            "name": "Live Plus Energy Drink Original Citrus Flavour 6 x 250ml",
            "productId": "live-plus-persist-250ml-6pack",
            "productShopPage": "https://greytown.store.freshchoice.co.nz/lines/live-plus-persist-250ml-6pack",
            "productImageURL": "https://dtgxwmigmg3gc.cloudfront.net/imagery/assets/derivations/icon/512/512/true/eyJpZCI6IjNmODNiNGI4MzI4MzJmNzhjZmJhNDA1OGUyZWFlM2ZhIiwic3RvcmFnZSI6InB1YmxpY19zdG9yZSJ9?signature=0257f943d0c41562773e51cbd42327ad911228832e33494e9c30381e20305337",
            "productDescription": ""
        },
        "priceData": {
            "bestPrice": "7.70",
            "price": "7.70",
            "pricePerLitre": 5.1,
            "bestPricePerLitre": 5.1
        },
        "store": {
            "id": "5c8f2abb777a4233c400918b",
            "name": "Greytown"
        }
    },
    {
        "productData": {
            "name": "Mother Kicked Apple 500ml",
            "productId": "mother-kicked-apple-500ml",
            "productShopPage": "https://halfmoonbay.store.freshchoice.co.nz/lines/mother-kicked-apple-500ml",
            "productImageURL": "https://dtgxwmigmg3gc.cloudfront.net/imagery/assets/derivations/icon/512/512/true/eyJpZCI6IjNhZTlkYjkwYTM4MDFjMGEwYjUwYThhMDAwYjkyZjM0Iiwic3RvcmFnZSI6InB1YmxpY19zdG9yZSJ9?signature=c1a1db0a5d7b074c388cf08560fd44a4a2b6127821554198e54eeea8474325f6",
            "productDescription": ""
        },
        "priceData": {
            "bestPrice": "2.00",
            "price": "2.00",
            "pricePerLitre": 4.0,
            "bestPricePerLitre": 4.0
        },
        "store": {
            "id": "5e7371b4fbe98b620608bb56",
            "name": "Half Moon Bay"
        }
    },
    {
        "productData": {
            "name": "Monster Energy Ultra Paradise 500ml",
            "productId": "monster-energy-drink-ultra-paradise-500ml",
            "productShopPage": "https://halfmoonbay.store.freshchoice.co.nz/lines/monster-energy-drink-ultra-paradise-500ml",
            "productImageURL": "https://dtgxwmigmg3gc.cloudfront.net/imagery/assets/derivations/icon/512/512/true/eyJpZCI6ImZiZDRkZTQxNzA0M2FiYTUyMjMwZWI0NTcyZGNmYTE1Iiwic3RvcmFnZSI6InB1YmxpY19zdG9yZSJ9?signature=8a439bf26b71114289dfea1720ed331b1e4784c534deade29db8ac38b1cc7c1a",
            "productDescription": ""
        },
        "priceData": {
            "bestPrice": "3.00",
            "price": "3.00",
            "pricePerLitre": 6.0,
            "bestPricePerLitre": 6.0
        },
        "store": {
            "id": "5e7371b4fbe98b620608bb56",
            "name": "Half Moon Bay"
        }
    },
    {
        "productData": {
            "name": "Monster Energy Ultra Zero 500ml",
            "productId": "monster-energy-ultra-zero-500ml",
            "productShopPage": "https://halfmoonbay.store.freshchoice.co.nz/lines/monster-energy-ultra-zero-500ml",
            "productImageURL": "https://dtgxwmigmg3gc.cloudfront.net/imagery/assets/derivations/icon/512/512/true/eyJpZCI6IjdhN2FhYTUwZWU2NTYwYjBiNGY1NThhMTgwNmVlODI3Iiwic3RvcmFnZSI6InB1YmxpY19zdG9yZSJ9?signature=7907c49ba7d043175a426f84a71776de7dd51fa5c249237063aca9cb098abdbe",
            "productDescription": ""
        },
        "priceData": {
            "bestPrice": "3.00",
            "price": "3.00",
            "pricePerLitre": 6.0,
            "bestPricePerLitre": 6.0
        },
        "store": {
            "id": "5e7371b4fbe98b620608bb56",
            "name": "Half Moon Bay"
        }
    },
    {
        "productData": {
            "name": "Monster Energy Drink Ultra Rosa 500ml",
            "productId": "monster-energy-drink-ultra-rosa-500ml",
            "productShopPage": "https://halfmoonbay.store.freshchoice.co.nz/lines/monster-energy-drink-ultra-rosa-500ml",
            "productImageURL": "https://dtgxwmigmg3gc.cloudfront.net/imagery/assets/derivations/icon/512/512/true/eyJpZCI6IjZjYzFjMzcwYzM4Mzk4N2MyOTUzNWIyMTFjZTJlYjgxIiwic3RvcmFnZSI6InB1YmxpY19zdG9yZSJ9?signature=9cd08284785f9b24647ecc7d1dc08214d9d00318cc809bebdef1921d6b78bb95",
            "productDescription": ""
        },
        "priceData": {
            "bestPrice": "3.00",
            "price": "3.00",
            "pricePerLitre": 6.0,
            "bestPricePerLitre": 6.0
        },
        "store": {
            "id": "5e7371b4fbe98b620608bb56",
            "name": "Half Moon Bay"
        }
    },
    {
        "productData": {
            "name": "Mother Energy Drink Passion 500ml",
            "productId": "mother-energy-drink-passion-500ml",
            "productShopPage": "https://halfmoonbay.store.freshchoice.co.nz/lines/mother-energy-drink-passion-500ml",
            "productImageURL": "https://dtgxwmigmg3gc.cloudfront.net/imagery/assets/derivations/icon/512/512/true/eyJpZCI6ImQwODE2YTc4ZjBmNGU4NTU5Mzg1YjkxZmI5YjIzZjM0Iiwic3RvcmFnZSI6InB1YmxpY19zdG9yZSJ9?signature=713c495fef96a6427b917f0c7c7e855a963749ac5c1bf7dfd71e24ae08ea3123",
            "productDescription": ""
        },
        "priceData": {
            "bestPrice": "2.00",
            "price": "2.00",
            "pricePerLitre": 4.0,
            "bestPricePerLitre": 4.0
        },
        "store": {
            "id": "5e7371b4fbe98b620608bb56",
            "name": "Half Moon Bay"
        }
    },
    {
        "productData": {
            "name": "Mother Tropical Blast 500ml",
            "productId": "mother-tropical-blast-500ml",
            "productShopPage": "https://halfmoonbay.store.freshchoice.co.nz/lines/mother-tropical-blast-500ml",
            "productImageURL": "https://dtgxwmigmg3gc.cloudfront.net/imagery/assets/derivations/icon/512/512/true/eyJpZCI6ImEyZmM1OTUwNDhlODM5YTRhMjQ2MTI1OGEyYzNlZWZhIiwic3RvcmFnZSI6InB1YmxpY19zdG9yZSJ9?signature=6c9470ee4067e8ec32b58eeac9d628404d3986058a9b1cdef46014d1bee50944",
            "productDescription": ""
        },
        "priceData": {
            "bestPrice": "2.00",
            "price": "2.00",
            "pricePerLitre": 4.0,
            "bestPricePerLitre": 4.0
        },
        "store": {
            "id": "5e7371b4fbe98b620608bb56",
            "name": "Half Moon Bay"
        }
    },
    {
        "productData": {
            "name": "Mother Epic Swell Energy Drink Twisted Apple 500ml",
            "productId": "mother-epic-swell-energy-drink-twisted-apple-500ml",
            "productShopPage": "https://halfmoonbay.store.freshchoice.co.nz/lines/mother-epic-swell-energy-drink-twisted-apple-500ml",
            "productImageURL": "https://dtgxwmigmg3gc.cloudfront.net/imagery/assets/derivations/icon/512/512/true/eyJpZCI6ImE2ZjYxOGNhNjUyYzMxNzRhNjg2MDBhMGVjZmQ3MmJkIiwic3RvcmFnZSI6InB1YmxpY19zdG9yZSJ9?signature=954f74f8aba0fb24cb2a5248b1e93fe8a62fb8c7f902abbb08b7aed24bc44c80",
            "productDescription": ""
        },
        "priceData": {
            "bestPrice": "2.00",
            "price": "2.00",
            "pricePerLitre": 4.0,
            "bestPricePerLitre": 4.0
        },
        "store": {
            "id": "5e7371b4fbe98b620608bb56",
            "name": "Half Moon Bay"
        }
    },
    {
        "productData": {
            "name": "V Energy Drink 710ml Can",
            "productId": "v-energy-drink-710ml-can",
            "productShopPage": "https://halfmoonbay.store.freshchoice.co.nz/lines/v-energy-drink-710ml-can",
            "productImageURL": "https://dtgxwmigmg3gc.cloudfront.net/imagery/assets/derivations/icon/512/512/true/eyJpZCI6ImU1Mjg5NDIyNDI0MzhlNGM0N2IxY2FmMmExOWQ0OGI0Iiwic3RvcmFnZSI6InB1YmxpY19zdG9yZSJ9?signature=875386458f8ad66eb59967a1ca6ad24a19d1592f97a894e439af7d9be1852340",
            "productDescription": ""
        },
        "priceData": {
            "bestPrice": "3.99",
            "price": "3.99",
            "pricePerLitre": 5.6000000000000005,
            "bestPricePerLitre": 5.6000000000000005
        },
        "store": {
            "id": "5e7371b4fbe98b620608bb56",
            "name": "Half Moon Bay"
        }
    },
    {
        "productData": {
            "name": "V Energy Drink Guarana 500ml",
            "productId": "v-energy-drink-guarana-500ml",
            "productShopPage": "https://halfmoonbay.store.freshchoice.co.nz/lines/v-energy-drink-guarana-500ml",
            "productImageURL": "https://dtgxwmigmg3gc.cloudfront.net/imagery/assets/derivations/icon/512/512/true/eyJpZCI6IjgzZDAxMjhiMzg4NmEwZmE4YTE2ZjY2NWIzNmM2NzI2Iiwic3RvcmFnZSI6InB1YmxpY19zdG9yZSJ9?signature=f55ecc561066291a4e74a967db35ea2355f881bd1708bf400fd790032384ae4f",
            "productDescription": ""
        },
        "priceData": {
            "bestPrice": "3.80",
            "price": "3.80",
            "pricePerLitre": 7.6,
            "bestPricePerLitre": 7.6
        },
        "store": {
            "id": "5e7371b4fbe98b620608bb56",
            "name": "Half Moon Bay"
        }
    },
    {
        "productData": {
            "name": "V Energy Drink Sugarfree 500ml",
            "productId": "v-energy-drink-sugarfree-500ml",
            "productShopPage": "https://halfmoonbay.store.freshchoice.co.nz/lines/v-energy-drink-sugarfree-500ml",
            "productImageURL": "https://dtgxwmigmg3gc.cloudfront.net/imagery/assets/derivations/icon/512/512/true/eyJpZCI6ImVkZTAxNTNmMDI1NmU1NDZjNWQ5MTc3MjE3ZTQ3YTQ0Iiwic3RvcmFnZSI6InB1YmxpY19zdG9yZSJ9?signature=abcf72d9faa9ee3044eaa3b7ee0bf9b4fd8f582379018d8727f2234b7d3f3c85",
            "productDescription": ""
        },
        "priceData": {
            "bestPrice": "3.80",
            "price": "3.80",
            "pricePerLitre": 7.6,
            "bestPricePerLitre": 7.6
        },
        "store": {
            "id": "5e7371b4fbe98b620608bb56",
            "name": "Half Moon Bay"
        }
    },
    {
        "productData": {
            "name": "V Energy Drink Sugar Free Guarana 250ml",
            "productId": "v-energy-drink-sugar-free-guarana-250ml",
            "productShopPage": "https://halfmoonbay.store.freshchoice.co.nz/lines/v-energy-drink-sugar-free-guarana-250ml",
            "productImageURL": "https://dtgxwmigmg3gc.cloudfront.net/imagery/assets/derivations/icon/512/512/true/eyJpZCI6ImZiNzM1NmU4NTMyZDllODlkZTljZmNlOGY2MzQ5NGQwIiwic3RvcmFnZSI6InB1YmxpY19zdG9yZSJ9?signature=72b0ce0a48ca796717c115fe5e8b4564501470f63bf80ae865d26e9d131a2b8c",
            "productDescription": ""
        },
        "priceData": {
            "bestPrice": "2.20",
            "price": "2.20",
            "pricePerLitre": 8.8,
            "bestPricePerLitre": 8.8
        },
        "store": {
            "id": "5e7371b4fbe98b620608bb56",
            "name": "Half Moon Bay"
        }
    },
    {
        "productData": {
            "name": "V Energy Drink Blue Guarana Spritzed 350ml",
            "productId": "v-blue-energy-drink-blue-guarana-spritzed-350ml",
            "productShopPage": "https://halfmoonbay.store.freshchoice.co.nz/lines/v-blue-energy-drink-blue-guarana-spritzed-350ml",
            "productImageURL": "https://dtgxwmigmg3gc.cloudfront.net/imagery/assets/derivations/icon/512/512/true/eyJpZCI6ImY2OTRlZGI4NjdlNWMzZDM5NzgzMDQ0ODFkMzUxZGZiIiwic3RvcmFnZSI6InB1YmxpY19zdG9yZSJ9?signature=591b3079cb9c2407a29b3bc348eaf42dc1d34daba5c9d7aba65be654725b6719",
            "productDescription": ""
        },
        "priceData": {
            "bestPrice": "2.30",
            "price": "2.30",
            "pricePerLitre": 10.0,
            "bestPricePerLitre": 10.0
        },
        "store": {
            "id": "5e7371b4fbe98b620608bb56",
            "name": "Half Moon Bay"
        }
    },
    {
        "productData": {
            "name": "V Energy Drink Green Guarana 350ml",
            "productId": "v-energy-drink-green-guarana-350ml",
            "productShopPage": "https://halfmoonbay.store.freshchoice.co.nz/lines/v-energy-drink-green-guarana-350ml",
            "productImageURL": "https://dtgxwmigmg3gc.cloudfront.net/imagery/assets/derivations/icon/512/512/true/eyJpZCI6IjRiNjY4ZjYxOTQ2ODYyN2MzM2NiZWMyNGUyNmIyODk4Iiwic3RvcmFnZSI6InB1YmxpY19zdG9yZSJ9?signature=4cded9cb42349eef45a593461f311b1bb7fa881295733879671ad9fe9887d30c",
            "productDescription": ""
        },
        "priceData": {
            "bestPrice": "2.30",
            "price": "2.30",
            "pricePerLitre": 10.0,
            "bestPricePerLitre": 10.0
        },
        "store": {
            "id": "5e7371b4fbe98b620608bb56",
            "name": "Half Moon Bay"
        }
    },
    {
        "productData": {
            "name": "V Energy Drink Guarana Can 250ml",
            "productId": "v-energy-drink-guarana-can-250ml",
            "productShopPage": "https://halfmoonbay.store.freshchoice.co.nz/lines/v-energy-drink-guarana-can-250ml",
            "productImageURL": "https://dtgxwmigmg3gc.cloudfront.net/imagery/assets/derivations/icon/512/512/true/eyJpZCI6Ijc3Nzk1NjE2ZDhhNmFiMThhYzEzODYzOTg2ZmNkNzgwIiwic3RvcmFnZSI6InB1YmxpY19zdG9yZSJ9?signature=f5de1854d43e19cc62bff86893d4a55615cd916f8425a4dccd170b52eba81255",
            "productDescription": ""
        },
        "priceData": {
            "bestPrice": "2.20",
            "price": "2.20",
            "pricePerLitre": 8.8,
            "bestPricePerLitre": 8.8
        },
        "store": {
            "id": "5e7371b4fbe98b620608bb56",
            "name": "Half Moon Bay"
        }
    },
    {
        "productData": {
            "name": "V Energy Drink Guarana Can 500ml",
            "productId": "v-energy-drink-guarana-can-500ml",
            "productShopPage": "https://halfmoonbay.store.freshchoice.co.nz/lines/v-energy-drink-guarana-can-500ml",
            "productImageURL": "https://dtgxwmigmg3gc.cloudfront.net/imagery/assets/derivations/icon/512/512/true/eyJpZCI6ImI0NjgzNGZjNDRkMjU0MjgzYzJjZGNhMzA2NWIxYjA5Iiwic3RvcmFnZSI6InB1YmxpY19zdG9yZSJ9?signature=265e8273409849423466e7623cbbdf8352940707b8830803eec391e8f32c9c5f",
            "productDescription": ""
        },
        "priceData": {
            "bestPrice": "3.50",
            "price": "3.50",
            "pricePerLitre": 7.0,
            "bestPricePerLitre": 7.0
        },
        "store": {
            "id": "5e7371b4fbe98b620608bb56",
            "name": "Half Moon Bay"
        }
    },
    {
        "productData": {
            "name": "V Energy Drink Sugar Free Guarana 500ml",
            "productId": "v-energy-drink-sugar-free-guarana-500ml",
            "productShopPage": "https://halfmoonbay.store.freshchoice.co.nz/lines/v-energy-drink-sugar-free-guarana-500ml",
            "productImageURL": "https://dtgxwmigmg3gc.cloudfront.net/imagery/assets/derivations/icon/512/512/true/eyJpZCI6Ijg4MGExMDYxOTY4NTJiYzM1ZTExMmU2MGE2OWYxNDE3Iiwic3RvcmFnZSI6InB1YmxpY19zdG9yZSJ9?signature=b0536d25b9da8158705e24c88e21fabbf85c1dabc19f18108c386e956ffd7045",
            "productDescription": ""
        },
        "priceData": {
            "bestPrice": "3.50",
            "price": "3.50",
            "pricePerLitre": 7.0,
            "bestPricePerLitre": 7.0
        },
        "store": {
            "id": "5e7371b4fbe98b620608bb56",
            "name": "Half Moon Bay"
        }
    },
    {
        "productData": {
            "name": "V Blue Energy Drink Bottle 500ml",
            "productId": "v-blue-energy-drink-bottle-500ml",
            "productShopPage": "https://halfmoonbay.store.freshchoice.co.nz/lines/v-blue-energy-drink-bottle-500ml",
            "productImageURL": "https://dtgxwmigmg3gc.cloudfront.net/imagery/assets/derivations/icon/512/512/true/eyJpZCI6IjgyYWYxYWY4MGI4MzUxODhiYmVhZGVhM2U2NzY0MzI5Iiwic3RvcmFnZSI6InB1YmxpY19zdG9yZSJ9?signature=7e70fc576864a528a1431734d680cbf177a11b419a692dbfd34800c31b8944ec",
            "productDescription": ""
        },
        "priceData": {
            "bestPrice": "3.80",
            "price": "3.80",
            "pricePerLitre": 7.6,
            "bestPricePerLitre": 7.6
        },
        "store": {
            "id": "5e7371b4fbe98b620608bb56",
            "name": "Half Moon Bay"
        }
    },
    {
        "productData": {
            "name": "V Blue Sugarfree Energy Drink 500ml",
            "productId": "v-blue-sugarfree-energy-drink-500ml",
            "productShopPage": "https://halfmoonbay.store.freshchoice.co.nz/lines/v-blue-sugarfree-energy-drink-500ml",
            "productImageURL": "https://dtgxwmigmg3gc.cloudfront.net/imagery/assets/derivations/icon/512/512/true/eyJpZCI6ImVmYjQyOWRmM2JjZjc3NTY1ZDIwMTEyNTY0MDdmZjA1Iiwic3RvcmFnZSI6InB1YmxpY19zdG9yZSJ9?signature=2911d59474d8305039a3be3bef0f887c38d9ab84596314b13cc4b150101175ab",
            "productDescription": ""
        },
        "priceData": {
            "bestPrice": "3.50",
            "price": "3.50",
            "pricePerLitre": 7.0,
            "bestPricePerLitre": 7.0
        },
        "store": {
            "id": "5e7371b4fbe98b620608bb56",
            "name": "Half Moon Bay"
        }
    },
    {
        "productData": {
            "name": "V Blue Energy Drink Blue Guarana Can 250ml",
            "productId": "v-blue-energy-drink-blue-guarana-can-250ml",
            "productShopPage": "https://halfmoonbay.store.freshchoice.co.nz/lines/v-blue-energy-drink-blue-guarana-can-250ml",
            "productImageURL": "https://dtgxwmigmg3gc.cloudfront.net/imagery/assets/derivations/icon/512/512/true/eyJpZCI6IjBmZjQwNDEyZWQ2ZDk4YTg3YWQ2ZDUyMWZlNjM1YzJkIiwic3RvcmFnZSI6InB1YmxpY19zdG9yZSJ9?signature=8f745abe5614ec47b3d7a07f1a34ba529184a87b2a696211ba5a0f9f29c86bf0",
            "productDescription": ""
        },
        "priceData": {
            "bestPrice": "2.20",
            "price": "2.20",
            "pricePerLitre": 8.8,
            "bestPricePerLitre": 8.8
        },
        "store": {
            "id": "5e7371b4fbe98b620608bb56",
            "name": "Half Moon Bay"
        }
    },
    {
        "productData": {
            "name": "V Blue Energy Drink Blue Guarana Can 500ml",
            "productId": "v-blue-energy-drink-blue-guarana-can-500ml",
            "productShopPage": "https://halfmoonbay.store.freshchoice.co.nz/lines/v-blue-energy-drink-blue-guarana-can-500ml",
            "productImageURL": "https://dtgxwmigmg3gc.cloudfront.net/imagery/assets/derivations/icon/512/512/true/eyJpZCI6ImFmYjEyYjVjYTU2YWI5ZDJhMTVmNGY2MDg2NWFlNzgxIiwic3RvcmFnZSI6InB1YmxpY19zdG9yZSJ9?signature=b537a8cc5a2c0f90f1702b2c541db44c3a740a0ec4a96e92ab2d6537f9320e8d",
            "productDescription": ""
        },
        "priceData": {
            "bestPrice": "3.50",
            "price": "3.50",
            "pricePerLitre": 7.0,
            "bestPricePerLitre": 7.0
        },
        "store": {
            "id": "5e7371b4fbe98b620608bb56",
            "name": "Half Moon Bay"
        }
    },
    {
        "productData": {
            "name": "V Iced Coffee Guarana Energy 500ml",
            "productId": "v-iced-coffee-guarana-energy-500ml",
            "productShopPage": "https://halfmoonbay.store.freshchoice.co.nz/lines/v-iced-coffee-guarana-energy-500ml",
            "productImageURL": "https://dtgxwmigmg3gc.cloudfront.net/imagery/assets/derivations/icon/512/512/true/eyJpZCI6ImM0Zjc4YjRmYWVjMjk0NTJkZTNkYzZjNmY5MzBlMjU2Iiwic3RvcmFnZSI6InB1YmxpY19zdG9yZSJ9?signature=14312b2813aab9c1ad551700ec97cd58a3a7f95bef4d0bd7ae7aa2dcf8fcdc9d",
            "productDescription": ""
        },
        "priceData": {
            "bestPrice": "4.00",
            "price": "4.00",
            "pricePerLitre": 80.0,
            "bestPricePerLitre": 80.0
        },
        "store": {
            "id": "5e7371b4fbe98b620608bb56",
            "name": "Half Moon Bay"
        }
    },
    {
        "productData": {
            "name": "V Energy Drink Sugar Free Guarana Bottle 350ml",
            "productId": "v-energy-drink-sugar-free-guarana-bottle-350ml",
            "productShopPage": "https://halfmoonbay.store.freshchoice.co.nz/lines/v-energy-drink-sugar-free-guarana-bottle-350ml",
            "productImageURL": "https://dtgxwmigmg3gc.cloudfront.net/imagery/assets/derivations/icon/512/512/true/eyJpZCI6IjQzYmZlOTg1YzY2ZGQ0ZDI1YzUyZDk3MGJhMmJhMGM3Iiwic3RvcmFnZSI6InB1YmxpY19zdG9yZSJ9?signature=7a4bb3eb2264f52495ae9ba8fbf21b5a3e59e12c0d6208cfa1591261da333f55",
            "productDescription": ""
        },
        "priceData": {
            "bestPrice": "2.30",
            "price": "2.30",
            "pricePerLitre": 10.0,
            "bestPricePerLitre": 10.0
        },
        "store": {
            "id": "5e7371b4fbe98b620608bb56",
            "name": "Half Moon Bay"
        }
    },
    {
        "productData": {
            "name": "V Pure Energy Drink Bottle 330ml",
            "productId": "v-pure-330ml-bottle",
            "productShopPage": "https://halfmoonbay.store.freshchoice.co.nz/lines/v-pure-330ml-bottle",
            "productImageURL": "https://dtgxwmigmg3gc.cloudfront.net/imagery/assets/derivations/icon/512/512/true/eyJpZCI6ImFjZmFlNGE1MmQ1ZmNhOTVhN2IyNzdhOGQ3ZTBjNTY0Iiwic3RvcmFnZSI6InB1YmxpY19zdG9yZSJ9?signature=ff03797de044ef70d02854192249a79b3cd819353c7171ef7358378e76bfc089",
            "productDescription": ""
        },
        "priceData": {
            "bestPrice": "3.50",
            "price": "3.50",
            "pricePerLitre": 10.600000000000001,
            "bestPricePerLitre": 10.600000000000001
        },
        "store": {
            "id": "5e7371b4fbe98b620608bb56",
            "name": "Half Moon Bay"
        }
    },
    {
        "productData": {
            "name": "Monster Energy Pipeline Punch 500ml",
            "productId": "monster-energy-pipeline-punch-500ml",
            "productShopPage": "https://halfmoonbay.store.freshchoice.co.nz/lines/monster-energy-pipeline-punch-500ml",
            "productImageURL": "https://dtgxwmigmg3gc.cloudfront.net/imagery/assets/derivations/icon/512/512/true/eyJpZCI6IjM3ZWY2OTY5OWFlNTJlZTRjNTY1ZmFmYWIwOTIxMjg4Iiwic3RvcmFnZSI6InB1YmxpY19zdG9yZSJ9?signature=79ed6699c35bd716a9d5d9457c39ce62c523edaa4059b6b45d4dcc7caf65cef9",
            "productDescription": ""
        },
        "priceData": {
            "bestPrice": "3.00",
            "price": "3.00",
            "pricePerLitre": 6.0,
            "bestPricePerLitre": 6.0
        },
        "store": {
            "id": "5e7371b4fbe98b620608bb56",
            "name": "Half Moon Bay"
        }
    },
    {
        "productData": {
            "name": "Live Plus Energy Drink Citrus Flavour 500ml",
            "productId": "live-plus-persist-500ml",
            "productShopPage": "https://halfmoonbay.store.freshchoice.co.nz/lines/live-plus-persist-500ml",
            "productImageURL": "https://dtgxwmigmg3gc.cloudfront.net/imagery/assets/derivations/icon/512/512/true/eyJpZCI6IjFlNWQ5YzI4OWM1N2UzNmYzZmI2NThlMDQzZTI3ZjE4Iiwic3RvcmFnZSI6InB1YmxpY19zdG9yZSJ9?signature=756b17fefe47174b90e7dbec8cd09db27f9f59f4994bc750b71256ae93ba9fa8",
            "productDescription": ""
        },
        "priceData": {
            "bestPrice": "2.00",
            "price": "2.00",
            "pricePerLitre": 4.0,
            "bestPricePerLitre": 4.0
        },
        "store": {
            "id": "5e7371b4fbe98b620608bb56",
            "name": "Half Moon Bay"
        }
    },
    {
        "productData": {
            "name": "V Guarana Energy Drink Blue Sugarfree 250ml",
            "productId": "v-blue-sugarfree-energy-drink-250ml",
            "productShopPage": "https://halfmoonbay.store.freshchoice.co.nz/lines/v-blue-sugarfree-energy-drink-250ml",
            "productImageURL": "https://dtgxwmigmg3gc.cloudfront.net/imagery/assets/derivations/icon/512/512/true/eyJpZCI6IjI3YWJiOTVhYjNhMjEwMDU2MWJhMmRhNTM3YjRhZjVmIiwic3RvcmFnZSI6InB1YmxpY19zdG9yZSJ9?signature=66769306ca1d0ba674603954d338186dc999f6d1839090d49fde9416b3252365",
            "productDescription": ""
        },
        "priceData": {
            "bestPrice": "2.20",
            "price": "2.20",
            "pricePerLitre": 8.8,
            "bestPricePerLitre": 8.8
        },
        "store": {
            "id": "5e7371b4fbe98b620608bb56",
            "name": "Half Moon Bay"
        }
    },
    {
        "productData": {
            "name": "Live Plus Energy Drink Ignite 500ml",
            "productId": "live-plus-energy-drink-ignite-500ml",
            "productShopPage": "https://halfmoonbay.store.freshchoice.co.nz/lines/live-plus-energy-drink-ignite-500ml",
            "productImageURL": "https://dtgxwmigmg3gc.cloudfront.net/imagery/assets/derivations/icon/512/512/true/eyJpZCI6IjFkZThlMTA5NjUyNTgxZDc2ZDhiOWIxNjljYmVlOWVlIiwic3RvcmFnZSI6InB1YmxpY19zdG9yZSJ9?signature=5f73a57660afbef58a992f8c1d00558e127ddc20b4879ea1a95f2f74f8de2c57",
            "productDescription": ""
        },
        "priceData": {
            "bestPrice": "2.00",
            "price": "2.00",
            "pricePerLitre": 4.0,
            "bestPricePerLitre": 4.0
        },
        "store": {
            "id": "5e7371b4fbe98b620608bb56",
            "name": "Half Moon Bay"
        }
    },
    {
        "productData": {
            "name": "Live Plus Energy Drink Original Citrus Flavour 6 x 250ml",
            "productId": "live-plus-persist-250ml-6pack",
            "productShopPage": "https://halfmoonbay.store.freshchoice.co.nz/lines/live-plus-persist-250ml-6pack",
            "productImageURL": "https://dtgxwmigmg3gc.cloudfront.net/imagery/assets/derivations/icon/512/512/true/eyJpZCI6IjNmODNiNGI4MzI4MzJmNzhjZmJhNDA1OGUyZWFlM2ZhIiwic3RvcmFnZSI6InB1YmxpY19zdG9yZSJ9?signature=0257f943d0c41562773e51cbd42327ad911228832e33494e9c30381e20305337",
            "productDescription": ""
        },
        "priceData": {
            "bestPrice": "7.70",
            "price": "7.70",
            "pricePerLitre": 5.1,
            "bestPricePerLitre": 5.1
        },
        "store": {
            "id": "5e7371b4fbe98b620608bb56",
            "name": "Half Moon Bay"
        }
    },
    {
        "productData": {
            "name": "Live Plus Energy Drink Persist Glass 355ml",
            "productId": "live-plus-energy-drink-persist-glass-355ml",
            "productShopPage": "https://halfmoonbay.store.freshchoice.co.nz/lines/live-plus-energy-drink-persist-glass-355ml",
            "productImageURL": "https://dtgxwmigmg3gc.cloudfront.net/imagery/assets/derivations/icon/512/512/true/eyJpZCI6IjBiMjhiZTQ0NDk1ODBiZWI4NDRkY2JhM2MxZDdhOTMwIiwic3RvcmFnZSI6InB1YmxpY19zdG9yZSJ9?signature=62025738d86469fbbd64cd53b03b4beee6372d1fbd30b8a9c5708ffdafeebf0d",
            "productDescription": ""
        },
        "priceData": {
            "bestPrice": "2.80",
            "price": "2.80",
            "pricePerLitre": 7.9,
            "bestPricePerLitre": 7.9
        },
        "store": {
            "id": "5e7371b4fbe98b620608bb56",
            "name": "Half Moon Bay"
        }
    },
    {
        "productData": {
            "name": "Rockstar Punched Energy Guava 500ml",
            "productId": "rockstar-punched-energy-guava-500ml",
            "productShopPage": "https://halfmoonbay.store.freshchoice.co.nz/lines/rockstar-punched-energy-guava-500ml",
            "productImageURL": "https://dtgxwmigmg3gc.cloudfront.net/imagery/assets/derivations/icon/512/512/true/eyJpZCI6IjBmNGEyNjU2MGQwM2Y4OGI4MWE3ZTMyODUzYTRlN2QyIiwic3RvcmFnZSI6InB1YmxpY19zdG9yZSJ9?signature=fab45ac774e74d87cf7a79de075f47290676fd6d4afcf212198c745670d5ce29",
            "productDescription": ""
        },
        "priceData": {
            "bestPrice": "2.00",
            "price": "2.00",
            "pricePerLitre": 4.0,
            "bestPricePerLitre": 4.0
        },
        "store": {
            "id": "5e7371b4fbe98b620608bb56",
            "name": "Half Moon Bay"
        }
    },
    {
        "productData": {
            "name": "Monster Energy Ultra Paradise 500ml",
            "productId": "monster-energy-drink-ultra-paradise-500ml",
            "productShopPage": "https://leamington.store.freshchoice.co.nz/lines/monster-energy-drink-ultra-paradise-500ml",
            "productImageURL": "https://dtgxwmigmg3gc.cloudfront.net/imagery/assets/derivations/icon/512/512/true/eyJpZCI6ImZiZDRkZTQxNzA0M2FiYTUyMjMwZWI0NTcyZGNmYTE1Iiwic3RvcmFnZSI6InB1YmxpY19zdG9yZSJ9?signature=8a439bf26b71114289dfea1720ed331b1e4784c534deade29db8ac38b1cc7c1a",
            "productDescription": ""
        },
        "priceData": {
            "bestPrice": "3.00",
            "price": "3.00",
            "pricePerLitre": 6.0,
            "bestPricePerLitre": 6.0
        },
        "store": {
            "id": "5e755b8960b75a4d0a0a9f8c",
            "name": "Leamington"
        }
    },
    {
        "productData": {
            "name": "Monster Energy Ultra Zero 500ml",
            "productId": "monster-energy-ultra-zero-500ml",
            "productShopPage": "https://leamington.store.freshchoice.co.nz/lines/monster-energy-ultra-zero-500ml",
            "productImageURL": "https://dtgxwmigmg3gc.cloudfront.net/imagery/assets/derivations/icon/512/512/true/eyJpZCI6IjdhN2FhYTUwZWU2NTYwYjBiNGY1NThhMTgwNmVlODI3Iiwic3RvcmFnZSI6InB1YmxpY19zdG9yZSJ9?signature=7907c49ba7d043175a426f84a71776de7dd51fa5c249237063aca9cb098abdbe",
            "productDescription": ""
        },
        "priceData": {
            "bestPrice": "3.00",
            "price": "3.00",
            "pricePerLitre": 6.0,
            "bestPricePerLitre": 6.0
        },
        "store": {
            "id": "5e755b8960b75a4d0a0a9f8c",
            "name": "Leamington"
        }
    },
    {
        "productData": {
            "name": "Monster Energy Drink Ultra Rosa 500ml",
            "productId": "monster-energy-drink-ultra-rosa-500ml",
            "productShopPage": "https://leamington.store.freshchoice.co.nz/lines/monster-energy-drink-ultra-rosa-500ml",
            "productImageURL": "https://dtgxwmigmg3gc.cloudfront.net/imagery/assets/derivations/icon/512/512/true/eyJpZCI6IjZjYzFjMzcwYzM4Mzk4N2MyOTUzNWIyMTFjZTJlYjgxIiwic3RvcmFnZSI6InB1YmxpY19zdG9yZSJ9?signature=9cd08284785f9b24647ecc7d1dc08214d9d00318cc809bebdef1921d6b78bb95",
            "productDescription": ""
        },
        "priceData": {
            "bestPrice": "3.00",
            "price": "3.00",
            "pricePerLitre": 6.0,
            "bestPricePerLitre": 6.0
        },
        "store": {
            "id": "5e755b8960b75a4d0a0a9f8c",
            "name": "Leamington"
        }
    },
    {
        "productData": {
            "name": "Mother Energy Drink Berry 500ml",
            "productId": "mother-energy-drink-berry-500ml",
            "productShopPage": "https://leamington.store.freshchoice.co.nz/lines/mother-energy-drink-berry-500ml",
            "productImageURL": "https://dtgxwmigmg3gc.cloudfront.net/imagery/assets/derivations/icon/512/512/true/eyJpZCI6ImRhYTJlNjUzNzRjZjViNjI0ZDljNzUzNDA3YmE0ZDFkIiwic3RvcmFnZSI6InB1YmxpY19zdG9yZSJ9?signature=d9ffb465d71d599811c2ff7a788845bfe297eb3624ad7866a89cf0b3ece073f0",
            "productDescription": ""
        },
        "priceData": {
            "bestPrice": "2.00",
            "price": "2.00",
            "pricePerLitre": 4.0,
            "bestPricePerLitre": 4.0
        },
        "store": {
            "id": "5e755b8960b75a4d0a0a9f8c",
            "name": "Leamington"
        }
    },
    {
        "productData": {
            "name": "Mother Energy Drink Black 500ml",
            "productId": "mother-energy-drink-black-500ml",
            "productShopPage": "https://leamington.store.freshchoice.co.nz/lines/mother-energy-drink-black-500ml",
            "productImageURL": "https://dtgxwmigmg3gc.cloudfront.net/imagery/assets/derivations/icon/512/512/true/eyJpZCI6ImYyMzA5MjhkYjg3ODFhYmYzZDU3ZjE1YjNmYzU2MWFjIiwic3RvcmFnZSI6InB1YmxpY19zdG9yZSJ9?signature=d3dbddb83d3d457075cd5d8936bef0c5b48fce4fa3fe725995d8b6d57219ceb5",
            "productDescription": ""
        },
        "priceData": {
            "bestPrice": "2.00",
            "price": "2.00",
            "pricePerLitre": 6.0,
            "bestPricePerLitre": 6.0
        },
        "store": {
            "id": "5e755b8960b75a4d0a0a9f8c",
            "name": "Leamington"
        }
    },
    {
        "productData": {
            "name": "Mother Energy Drink Cans 6x250ml",
            "productId": "mother-energy-drink-6x250ml-cans",
            "productShopPage": "https://leamington.store.freshchoice.co.nz/lines/mother-energy-drink-6x250ml-cans",
            "productImageURL": "https://dtgxwmigmg3gc.cloudfront.net/imagery/assets/derivations/icon/512/512/true/eyJpZCI6IjEyOGFhMmU0Y2VkYTU4ZWFkZmVhOWUwZjdlNTZhOTA4Iiwic3RvcmFnZSI6InB1YmxpY19zdG9yZSJ9?signature=5db1908f64527cf28fa7bf3266a83ab854a07ca50453511f7d414d8e6d5c10fb",
            "productDescription": ""
        },
        "priceData": {
            "bestPrice": "7.70",
            "price": "7.70",
            "pricePerLitre": 5.1,
            "bestPricePerLitre": 5.1
        },
        "store": {
            "id": "5e755b8960b75a4d0a0a9f8c",
            "name": "Leamington"
        }
    },
    {
        "productData": {
            "name": "Mother Energy Drink Passion 500ml",
            "productId": "mother-energy-drink-passion-500ml",
            "productShopPage": "https://leamington.store.freshchoice.co.nz/lines/mother-energy-drink-passion-500ml",
            "productImageURL": "https://dtgxwmigmg3gc.cloudfront.net/imagery/assets/derivations/icon/512/512/true/eyJpZCI6ImQwODE2YTc4ZjBmNGU4NTU5Mzg1YjkxZmI5YjIzZjM0Iiwic3RvcmFnZSI6InB1YmxpY19zdG9yZSJ9?signature=713c495fef96a6427b917f0c7c7e855a963749ac5c1bf7dfd71e24ae08ea3123",
            "productDescription": ""
        },
        "priceData": {
            "bestPrice": "2.00",
            "price": "2.00",
            "pricePerLitre": 4.0,
            "bestPricePerLitre": 4.0
        },
        "store": {
            "id": "5e755b8960b75a4d0a0a9f8c",
            "name": "Leamington"
        }
    },
    {
        "productData": {
            "name": "Mother Epic Swell Energy Drink Twisted Apple 500ml",
            "productId": "mother-epic-swell-energy-drink-twisted-apple-500ml",
            "productShopPage": "https://leamington.store.freshchoice.co.nz/lines/mother-epic-swell-energy-drink-twisted-apple-500ml",
            "productImageURL": "https://dtgxwmigmg3gc.cloudfront.net/imagery/assets/derivations/icon/512/512/true/eyJpZCI6ImE2ZjYxOGNhNjUyYzMxNzRhNjg2MDBhMGVjZmQ3MmJkIiwic3RvcmFnZSI6InB1YmxpY19zdG9yZSJ9?signature=954f74f8aba0fb24cb2a5248b1e93fe8a62fb8c7f902abbb08b7aed24bc44c80",
            "productDescription": ""
        },
        "priceData": {
            "bestPrice": "2.00",
            "price": "2.00",
            "pricePerLitre": 6.0,
            "bestPricePerLitre": 6.0
        },
        "store": {
            "id": "5e755b8960b75a4d0a0a9f8c",
            "name": "Leamington"
        }
    },
    {
        "productData": {
            "name": "Monster Energy Juice Mango Loco 500ml",
            "productId": "monster-energy-juice-mango-loco-500ml-can",
            "productShopPage": "https://leamington.store.freshchoice.co.nz/lines/monster-energy-juice-mango-loco-500ml-can",
            "productImageURL": "https://dtgxwmigmg3gc.cloudfront.net/imagery/assets/derivations/icon/512/512/true/eyJpZCI6ImUyNmIyNzdlMzJkOTg5NjI4YWYxYzg2MTU2MjI0ZjgzIiwic3RvcmFnZSI6InB1YmxpY19zdG9yZSJ9?signature=db65ff44183396e60e8f4c13003417fb1277f7685b136cf223d7701f7e945faf",
            "productDescription": ""
        },
        "priceData": {
            "bestPrice": "3.00",
            "price": "3.00",
            "pricePerLitre": 6.0,
            "bestPricePerLitre": 6.0
        },
        "store": {
            "id": "5e755b8960b75a4d0a0a9f8c",
            "name": "Leamington"
        }
    },
    {
        "productData": {
            "name": "V Energy Drink 710ml Can",
            "productId": "v-energy-drink-710ml-can",
            "productShopPage": "https://leamington.store.freshchoice.co.nz/lines/v-energy-drink-710ml-can",
            "productImageURL": "https://dtgxwmigmg3gc.cloudfront.net/imagery/assets/derivations/icon/512/512/true/eyJpZCI6ImU1Mjg5NDIyNDI0MzhlNGM0N2IxY2FmMmExOWQ0OGI0Iiwic3RvcmFnZSI6InB1YmxpY19zdG9yZSJ9?signature=875386458f8ad66eb59967a1ca6ad24a19d1592f97a894e439af7d9be1852340",
            "productDescription": ""
        },
        "priceData": {
            "bestPrice": "3.99",
            "price": "3.99",
            "pricePerLitre": 5.6000000000000005,
            "bestPricePerLitre": 5.6000000000000005
        },
        "store": {
            "id": "5e755b8960b75a4d0a0a9f8c",
            "name": "Leamington"
        }
    },
    {
        "productData": {
            "name": "V Energy Drink Guarana 500ml",
            "productId": "v-energy-drink-guarana-500ml",
            "productShopPage": "https://leamington.store.freshchoice.co.nz/lines/v-energy-drink-guarana-500ml",
            "productImageURL": "https://dtgxwmigmg3gc.cloudfront.net/imagery/assets/derivations/icon/512/512/true/eyJpZCI6IjgzZDAxMjhiMzg4NmEwZmE4YTE2ZjY2NWIzNmM2NzI2Iiwic3RvcmFnZSI6InB1YmxpY19zdG9yZSJ9?signature=f55ecc561066291a4e74a967db35ea2355f881bd1708bf400fd790032384ae4f",
            "productDescription": ""
        },
        "priceData": {
            "bestPrice": "3.80",
            "price": "3.80",
            "pricePerLitre": 7.6,
            "bestPricePerLitre": 7.6
        },
        "store": {
            "id": "5e755b8960b75a4d0a0a9f8c",
            "name": "Leamington"
        }
    },
    {
        "productData": {
            "name": "V Energy Drink Sugar Free Guarana 250ml",
            "productId": "v-energy-drink-sugar-free-guarana-250ml",
            "productShopPage": "https://leamington.store.freshchoice.co.nz/lines/v-energy-drink-sugar-free-guarana-250ml",
            "productImageURL": "https://dtgxwmigmg3gc.cloudfront.net/imagery/assets/derivations/icon/512/512/true/eyJpZCI6ImZiNzM1NmU4NTMyZDllODlkZTljZmNlOGY2MzQ5NGQwIiwic3RvcmFnZSI6InB1YmxpY19zdG9yZSJ9?signature=72b0ce0a48ca796717c115fe5e8b4564501470f63bf80ae865d26e9d131a2b8c",
            "productDescription": ""
        },
        "priceData": {
            "bestPrice": "2.20",
            "price": "2.20",
            "pricePerLitre": 8.8,
            "bestPricePerLitre": 8.8
        },
        "store": {
            "id": "5e755b8960b75a4d0a0a9f8c",
            "name": "Leamington"
        }
    },
    {
        "productData": {
            "name": "V Energy Drink Blue Guarana Spritzed 350ml",
            "productId": "v-blue-energy-drink-blue-guarana-spritzed-350ml",
            "productShopPage": "https://leamington.store.freshchoice.co.nz/lines/v-blue-energy-drink-blue-guarana-spritzed-350ml",
            "productImageURL": "https://dtgxwmigmg3gc.cloudfront.net/imagery/assets/derivations/icon/512/512/true/eyJpZCI6ImY2OTRlZGI4NjdlNWMzZDM5NzgzMDQ0ODFkMzUxZGZiIiwic3RvcmFnZSI6InB1YmxpY19zdG9yZSJ9?signature=591b3079cb9c2407a29b3bc348eaf42dc1d34daba5c9d7aba65be654725b6719",
            "productDescription": ""
        },
        "priceData": {
            "bestPrice": "2.30",
            "price": "2.30",
            "pricePerLitre": 10.0,
            "bestPricePerLitre": 10.0
        },
        "store": {
            "id": "5e755b8960b75a4d0a0a9f8c",
            "name": "Leamington"
        }
    },
    {
        "productData": {
            "name": "V Energy Drink Green Guarana 350ml",
            "productId": "v-energy-drink-green-guarana-350ml",
            "productShopPage": "https://leamington.store.freshchoice.co.nz/lines/v-energy-drink-green-guarana-350ml",
            "productImageURL": "https://dtgxwmigmg3gc.cloudfront.net/imagery/assets/derivations/icon/512/512/true/eyJpZCI6IjRiNjY4ZjYxOTQ2ODYyN2MzM2NiZWMyNGUyNmIyODk4Iiwic3RvcmFnZSI6InB1YmxpY19zdG9yZSJ9?signature=4cded9cb42349eef45a593461f311b1bb7fa881295733879671ad9fe9887d30c",
            "productDescription": ""
        },
        "priceData": {
            "bestPrice": "2.30",
            "price": "2.30",
            "pricePerLitre": 10.0,
            "bestPricePerLitre": 10.0
        },
        "store": {
            "id": "5e755b8960b75a4d0a0a9f8c",
            "name": "Leamington"
        }
    },
    {
        "productData": {
            "name": "V Energy Drink Guarana Can 250ml",
            "productId": "v-energy-drink-guarana-can-250ml",
            "productShopPage": "https://leamington.store.freshchoice.co.nz/lines/v-energy-drink-guarana-can-250ml",
            "productImageURL": "https://dtgxwmigmg3gc.cloudfront.net/imagery/assets/derivations/icon/512/512/true/eyJpZCI6Ijc3Nzk1NjE2ZDhhNmFiMThhYzEzODYzOTg2ZmNkNzgwIiwic3RvcmFnZSI6InB1YmxpY19zdG9yZSJ9?signature=f5de1854d43e19cc62bff86893d4a55615cd916f8425a4dccd170b52eba81255",
            "productDescription": ""
        },
        "priceData": {
            "bestPrice": "2.20",
            "price": "2.20",
            "pricePerLitre": 8.8,
            "bestPricePerLitre": 8.8
        },
        "store": {
            "id": "5e755b8960b75a4d0a0a9f8c",
            "name": "Leamington"
        }
    },
    {
        "productData": {
            "name": "V Energy Drink Guarana Can 500ml",
            "productId": "v-energy-drink-guarana-can-500ml",
            "productShopPage": "https://leamington.store.freshchoice.co.nz/lines/v-energy-drink-guarana-can-500ml",
            "productImageURL": "https://dtgxwmigmg3gc.cloudfront.net/imagery/assets/derivations/icon/512/512/true/eyJpZCI6ImI0NjgzNGZjNDRkMjU0MjgzYzJjZGNhMzA2NWIxYjA5Iiwic3RvcmFnZSI6InB1YmxpY19zdG9yZSJ9?signature=265e8273409849423466e7623cbbdf8352940707b8830803eec391e8f32c9c5f",
            "productDescription": ""
        },
        "priceData": {
            "bestPrice": "3.50",
            "price": "3.50",
            "pricePerLitre": 7.0,
            "bestPricePerLitre": 7.0
        },
        "store": {
            "id": "5e755b8960b75a4d0a0a9f8c",
            "name": "Leamington"
        }
    },
    {
        "productData": {
            "name": "V Energy Drink Sugar Free Guarana 500ml",
            "productId": "v-energy-drink-sugar-free-guarana-500ml",
            "productShopPage": "https://leamington.store.freshchoice.co.nz/lines/v-energy-drink-sugar-free-guarana-500ml",
            "productImageURL": "https://dtgxwmigmg3gc.cloudfront.net/imagery/assets/derivations/icon/512/512/true/eyJpZCI6Ijg4MGExMDYxOTY4NTJiYzM1ZTExMmU2MGE2OWYxNDE3Iiwic3RvcmFnZSI6InB1YmxpY19zdG9yZSJ9?signature=b0536d25b9da8158705e24c88e21fabbf85c1dabc19f18108c386e956ffd7045",
            "productDescription": ""
        },
        "priceData": {
            "bestPrice": "3.50",
            "price": "3.50",
            "pricePerLitre": 7.0,
            "bestPricePerLitre": 7.0
        },
        "store": {
            "id": "5e755b8960b75a4d0a0a9f8c",
            "name": "Leamington"
        }
    },
    {
        "productData": {
            "name": "V Blue Energy Drink Bottle 500ml",
            "productId": "v-blue-energy-drink-bottle-500ml",
            "productShopPage": "https://leamington.store.freshchoice.co.nz/lines/v-blue-energy-drink-bottle-500ml",
            "productImageURL": "https://dtgxwmigmg3gc.cloudfront.net/imagery/assets/derivations/icon/512/512/true/eyJpZCI6IjgyYWYxYWY4MGI4MzUxODhiYmVhZGVhM2U2NzY0MzI5Iiwic3RvcmFnZSI6InB1YmxpY19zdG9yZSJ9?signature=7e70fc576864a528a1431734d680cbf177a11b419a692dbfd34800c31b8944ec",
            "productDescription": ""
        },
        "priceData": {
            "bestPrice": "3.80",
            "price": "3.80",
            "pricePerLitre": 7.6,
            "bestPricePerLitre": 7.6
        },
        "store": {
            "id": "5e755b8960b75a4d0a0a9f8c",
            "name": "Leamington"
        }
    },
    {
        "productData": {
            "name": "V Blue Sugarfree Energy Drink 500ml",
            "productId": "v-blue-sugarfree-energy-drink-500ml",
            "productShopPage": "https://leamington.store.freshchoice.co.nz/lines/v-blue-sugarfree-energy-drink-500ml",
            "productImageURL": "https://dtgxwmigmg3gc.cloudfront.net/imagery/assets/derivations/icon/512/512/true/eyJpZCI6ImVmYjQyOWRmM2JjZjc3NTY1ZDIwMTEyNTY0MDdmZjA1Iiwic3RvcmFnZSI6InB1YmxpY19zdG9yZSJ9?signature=2911d59474d8305039a3be3bef0f887c38d9ab84596314b13cc4b150101175ab",
            "productDescription": ""
        },
        "priceData": {
            "bestPrice": "3.50",
            "price": "3.50",
            "pricePerLitre": 7.0,
            "bestPricePerLitre": 7.0
        },
        "store": {
            "id": "5e755b8960b75a4d0a0a9f8c",
            "name": "Leamington"
        }
    },
    {
        "productData": {
            "name": "V Raspberry Lemonade Energy Drink 500ml",
            "productId": "v-energy-drink-raspberry-lemonade-500ml-can",
            "productShopPage": "https://leamington.store.freshchoice.co.nz/lines/v-energy-drink-raspberry-lemonade-500ml-can",
            "productImageURL": "https://dtgxwmigmg3gc.cloudfront.net/imagery/assets/derivations/icon/512/512/true/eyJpZCI6ImE3N2Y5NzBmY2FhOWZhYmZiOTc3MmYyMzE4MGRiOTcxIiwic3RvcmFnZSI6InB1YmxpY19zdG9yZSJ9?signature=2bb7890fe6d7b0c0c6a522be31c78077be0aa570ca4c8aa5549ccf80761262dc",
            "productDescription": ""
        },
        "priceData": {
            "bestPrice": "3.50",
            "price": "3.50",
            "pricePerLitre": 7.0,
            "bestPricePerLitre": 7.0
        },
        "store": {
            "id": "5e755b8960b75a4d0a0a9f8c",
            "name": "Leamington"
        }
    },
    {
        "productData": {
            "name": "V Sugarfree Energy Drink Berry Twist 350ml",
            "productId": "v-sugarfree-energy-drink-berry-twist-350ml",
            "productShopPage": "https://leamington.store.freshchoice.co.nz/lines/v-sugarfree-energy-drink-berry-twist-350ml",
            "productImageURL": "https://dtgxwmigmg3gc.cloudfront.net/imagery/assets/derivations/icon/512/512/true/eyJpZCI6IjMxY2RlOWU3MTE1YTA4ZGRhYzFiODM0NjQ4NDFmOTM5Iiwic3RvcmFnZSI6InB1YmxpY19zdG9yZSJ9?signature=055982afa93dd6614e2f3de353af4c76a52ab79cac4e2b4660a75933fb1bc9a4",
            "productDescription": ""
        },
        "priceData": {
            "bestPrice": "2.30",
            "price": "2.30",
            "pricePerLitre": 10.0,
            "bestPricePerLitre": 10.0
        },
        "store": {
            "id": "5e755b8960b75a4d0a0a9f8c",
            "name": "Leamington"
        }
    },
    {
        "productData": {
            "name": "V Blue Energy Drink Blue Guarana Can 250ml",
            "productId": "v-blue-energy-drink-blue-guarana-can-250ml",
            "productShopPage": "https://leamington.store.freshchoice.co.nz/lines/v-blue-energy-drink-blue-guarana-can-250ml",
            "productImageURL": "https://dtgxwmigmg3gc.cloudfront.net/imagery/assets/derivations/icon/512/512/true/eyJpZCI6IjBmZjQwNDEyZWQ2ZDk4YTg3YWQ2ZDUyMWZlNjM1YzJkIiwic3RvcmFnZSI6InB1YmxpY19zdG9yZSJ9?signature=8f745abe5614ec47b3d7a07f1a34ba529184a87b2a696211ba5a0f9f29c86bf0",
            "productDescription": ""
        },
        "priceData": {
            "bestPrice": "2.20",
            "price": "2.20",
            "pricePerLitre": 8.8,
            "bestPricePerLitre": 8.8
        },
        "store": {
            "id": "5e755b8960b75a4d0a0a9f8c",
            "name": "Leamington"
        }
    },
    {
        "productData": {
            "name": "V Blue Energy Drink Blue Guarana Can 500ml",
            "productId": "v-blue-energy-drink-blue-guarana-can-500ml",
            "productShopPage": "https://leamington.store.freshchoice.co.nz/lines/v-blue-energy-drink-blue-guarana-can-500ml",
            "productImageURL": "https://dtgxwmigmg3gc.cloudfront.net/imagery/assets/derivations/icon/512/512/true/eyJpZCI6ImFmYjEyYjVjYTU2YWI5ZDJhMTVmNGY2MDg2NWFlNzgxIiwic3RvcmFnZSI6InB1YmxpY19zdG9yZSJ9?signature=b537a8cc5a2c0f90f1702b2c541db44c3a740a0ec4a96e92ab2d6537f9320e8d",
            "productDescription": ""
        },
        "priceData": {
            "bestPrice": "3.50",
            "price": "3.50",
            "pricePerLitre": 7.0,
            "bestPricePerLitre": 7.0
        },
        "store": {
            "id": "5e755b8960b75a4d0a0a9f8c",
            "name": "Leamington"
        }
    },
    {
        "productData": {
            "name": "V Iced Coffee Guarana Energy 500ml",
            "productId": "v-iced-coffee-guarana-energy-500ml",
            "productShopPage": "https://leamington.store.freshchoice.co.nz/lines/v-iced-coffee-guarana-energy-500ml",
            "productImageURL": "https://dtgxwmigmg3gc.cloudfront.net/imagery/assets/derivations/icon/512/512/true/eyJpZCI6ImM0Zjc4YjRmYWVjMjk0NTJkZTNkYzZjNmY5MzBlMjU2Iiwic3RvcmFnZSI6InB1YmxpY19zdG9yZSJ9?signature=14312b2813aab9c1ad551700ec97cd58a3a7f95bef4d0bd7ae7aa2dcf8fcdc9d",
            "productDescription": ""
        },
        "priceData": {
            "bestPrice": "3.99",
            "price": "3.99",
            "pricePerLitre": 8.0,
            "bestPricePerLitre": 8.0
        },
        "store": {
            "id": "5e755b8960b75a4d0a0a9f8c",
            "name": "Leamington"
        }
    },
    {
        "productData": {
            "name": "V Iced Mocha Guarana Energy 500ml",
            "productId": "v-iced-mocha-guarana-energy-500ml",
            "productShopPage": "https://leamington.store.freshchoice.co.nz/lines/v-iced-mocha-guarana-energy-500ml",
            "productImageURL": "https://dtgxwmigmg3gc.cloudfront.net/imagery/assets/derivations/icon/512/512/true/eyJpZCI6ImNiMDRkODVlZmQ2YjhiZGMxMWU4Zjk5OGEwOTczODg1Iiwic3RvcmFnZSI6InB1YmxpY19zdG9yZSJ9?signature=3e63d4ec34ef65794a07ea00749a785cb88ce90997e6e7d12629c3c0f205de6d",
            "productDescription": ""
        },
        "priceData": {
            "bestPrice": "4.00",
            "price": "4.00",
            "pricePerLitre": 80.0,
            "bestPricePerLitre": 80.0
        },
        "store": {
            "id": "5e755b8960b75a4d0a0a9f8c",
            "name": "Leamington"
        }
    },
    {
        "productData": {
            "name": "V Energy Drink Sugar Free Guarana Bottle 350ml",
            "productId": "v-energy-drink-sugar-free-guarana-bottle-350ml",
            "productShopPage": "https://leamington.store.freshchoice.co.nz/lines/v-energy-drink-sugar-free-guarana-bottle-350ml",
            "productImageURL": "https://dtgxwmigmg3gc.cloudfront.net/imagery/assets/derivations/icon/512/512/true/eyJpZCI6IjQzYmZlOTg1YzY2ZGQ0ZDI1YzUyZDk3MGJhMmJhMGM3Iiwic3RvcmFnZSI6InB1YmxpY19zdG9yZSJ9?signature=7a4bb3eb2264f52495ae9ba8fbf21b5a3e59e12c0d6208cfa1591261da333f55",
            "productDescription": ""
        },
        "priceData": {
            "bestPrice": "2.30",
            "price": "2.30",
            "pricePerLitre": 10.0,
            "bestPricePerLitre": 10.0
        },
        "store": {
            "id": "5e755b8960b75a4d0a0a9f8c",
            "name": "Leamington"
        }
    },
    {
        "productData": {
            "name": "V Iced Chocolate Guarana Energy 500ml",
            "productId": "v-iced-chocolate-guarana-energy-500ml",
            "productShopPage": "https://leamington.store.freshchoice.co.nz/lines/v-iced-chocolate-guarana-energy-500ml",
            "productImageURL": "https://dtgxwmigmg3gc.cloudfront.net/imagery/assets/derivations/icon/512/512/true/eyJpZCI6ImJhNzg2NDUyYzVlMGRiOTNhMGM3NjY1ZWIyNzIzNzBlIiwic3RvcmFnZSI6InB1YmxpY19zdG9yZSJ9?signature=86bcf9f7a4dbdc8f99c44e8c3a30ce7ca86025bce78792c31ce0fbc589f7f311",
            "productDescription": ""
        },
        "priceData": {
            "bestPrice": "3.99",
            "price": "3.99",
            "pricePerLitre": 8.0,
            "bestPricePerLitre": 8.0
        },
        "store": {
            "id": "5e755b8960b75a4d0a0a9f8c",
            "name": "Leamington"
        }
    },
    {
        "productData": {
            "name": "V Pure Energy Drink Bottle 330ml",
            "productId": "v-pure-330ml-bottle",
            "productShopPage": "https://leamington.store.freshchoice.co.nz/lines/v-pure-330ml-bottle",
            "productImageURL": "https://dtgxwmigmg3gc.cloudfront.net/imagery/assets/derivations/icon/512/512/true/eyJpZCI6ImFjZmFlNGE1MmQ1ZmNhOTVhN2IyNzdhOGQ3ZTBjNTY0Iiwic3RvcmFnZSI6InB1YmxpY19zdG9yZSJ9?signature=ff03797de044ef70d02854192249a79b3cd819353c7171ef7358378e76bfc089",
            "productDescription": ""
        },
        "priceData": {
            "bestPrice": "3.50",
            "price": "3.50",
            "pricePerLitre": 10.600000000000001,
            "bestPricePerLitre": 10.600000000000001
        },
        "store": {
            "id": "5e755b8960b75a4d0a0a9f8c",
            "name": "Leamington"
        }
    },
    {
        "productData": {
            "name": "Monster Energy Pipeline Punch 500ml",
            "productId": "monster-energy-pipeline-punch-500ml",
            "productShopPage": "https://leamington.store.freshchoice.co.nz/lines/monster-energy-pipeline-punch-500ml",
            "productImageURL": "https://dtgxwmigmg3gc.cloudfront.net/imagery/assets/derivations/icon/512/512/true/eyJpZCI6IjM3ZWY2OTY5OWFlNTJlZTRjNTY1ZmFmYWIwOTIxMjg4Iiwic3RvcmFnZSI6InB1YmxpY19zdG9yZSJ9?signature=79ed6699c35bd716a9d5d9457c39ce62c523edaa4059b6b45d4dcc7caf65cef9",
            "productDescription": ""
        },
        "priceData": {
            "bestPrice": "3.00",
            "price": "3.00",
            "pricePerLitre": 6.0,
            "bestPricePerLitre": 6.0
        },
        "store": {
            "id": "5e755b8960b75a4d0a0a9f8c",
            "name": "Leamington"
        }
    },
    {
        "productData": {
            "name": "Live Plus Energy Drink Citrus Flavour 500ml",
            "productId": "live-plus-persist-500ml",
            "productShopPage": "https://leamington.store.freshchoice.co.nz/lines/live-plus-persist-500ml",
            "productImageURL": "https://dtgxwmigmg3gc.cloudfront.net/imagery/assets/derivations/icon/512/512/true/eyJpZCI6IjFlNWQ5YzI4OWM1N2UzNmYzZmI2NThlMDQzZTI3ZjE4Iiwic3RvcmFnZSI6InB1YmxpY19zdG9yZSJ9?signature=756b17fefe47174b90e7dbec8cd09db27f9f59f4994bc750b71256ae93ba9fa8",
            "productDescription": ""
        },
        "priceData": {
            "bestPrice": "2.00",
            "price": "2.00",
            "pricePerLitre": 4.0,
            "bestPricePerLitre": 4.0
        },
        "store": {
            "id": "5e755b8960b75a4d0a0a9f8c",
            "name": "Leamington"
        }
    },
    {
        "productData": {
            "name": "V Guarana Energy Drink Blue Sugarfree 250ml",
            "productId": "v-blue-sugarfree-energy-drink-250ml",
            "productShopPage": "https://leamington.store.freshchoice.co.nz/lines/v-blue-sugarfree-energy-drink-250ml",
            "productImageURL": "https://dtgxwmigmg3gc.cloudfront.net/imagery/assets/derivations/icon/512/512/true/eyJpZCI6IjI3YWJiOTVhYjNhMjEwMDU2MWJhMmRhNTM3YjRhZjVmIiwic3RvcmFnZSI6InB1YmxpY19zdG9yZSJ9?signature=66769306ca1d0ba674603954d338186dc999f6d1839090d49fde9416b3252365",
            "productDescription": ""
        },
        "priceData": {
            "bestPrice": "2.20",
            "price": "2.20",
            "pricePerLitre": 8.8,
            "bestPricePerLitre": 8.8
        },
        "store": {
            "id": "5e755b8960b75a4d0a0a9f8c",
            "name": "Leamington"
        }
    },
    {
        "productData": {
            "name": "Live Plus Energy Drink Ignite 500ml",
            "productId": "live-plus-energy-drink-ignite-500ml",
            "productShopPage": "https://leamington.store.freshchoice.co.nz/lines/live-plus-energy-drink-ignite-500ml",
            "productImageURL": "https://dtgxwmigmg3gc.cloudfront.net/imagery/assets/derivations/icon/512/512/true/eyJpZCI6IjFkZThlMTA5NjUyNTgxZDc2ZDhiOWIxNjljYmVlOWVlIiwic3RvcmFnZSI6InB1YmxpY19zdG9yZSJ9?signature=5f73a57660afbef58a992f8c1d00558e127ddc20b4879ea1a95f2f74f8de2c57",
            "productDescription": ""
        },
        "priceData": {
            "bestPrice": "2.00",
            "price": "2.00",
            "pricePerLitre": 4.0,
            "bestPricePerLitre": 4.0
        },
        "store": {
            "id": "5e755b8960b75a4d0a0a9f8c",
            "name": "Leamington"
        }
    },
    {
        "productData": {
            "name": "Live Plus Energy Drink Original Citrus Flavour 6 x 250ml",
            "productId": "live-plus-persist-250ml-6pack",
            "productShopPage": "https://leamington.store.freshchoice.co.nz/lines/live-plus-persist-250ml-6pack",
            "productImageURL": "https://dtgxwmigmg3gc.cloudfront.net/imagery/assets/derivations/icon/512/512/true/eyJpZCI6IjNmODNiNGI4MzI4MzJmNzhjZmJhNDA1OGUyZWFlM2ZhIiwic3RvcmFnZSI6InB1YmxpY19zdG9yZSJ9?signature=0257f943d0c41562773e51cbd42327ad911228832e33494e9c30381e20305337",
            "productDescription": ""
        },
        "priceData": {
            "bestPrice": "7.70",
            "price": "7.70",
            "pricePerLitre": 5.1,
            "bestPricePerLitre": 5.1
        },
        "store": {
            "id": "5e755b8960b75a4d0a0a9f8c",
            "name": "Leamington"
        }
    },
    {
        "productData": {
            "name": "Live Plus Live+ Ignite Energy Drink 6 x 250ml Cans",
            "productId": "live-plus-live-ignite-energy-drink-6x250ml-cans",
            "productShopPage": "https://leamington.store.freshchoice.co.nz/lines/live-plus-live-ignite-energy-drink-6x250ml-cans",
            "productImageURL": "https://dtgxwmigmg3gc.cloudfront.net/imagery/assets/derivations/icon/512/512/true/eyJpZCI6Ijk5ZTU3ZDdlN2RjYzc0ZmZlOWY0NGQxMDdkYTI5ZDI5Iiwic3RvcmFnZSI6InB1YmxpY19zdG9yZSJ9?signature=16b8b1fb6c1dbc73b4d1f0110b7542a3259cd273e9b6adea8e6570f5158d8342",
            "productDescription": ""
        },
        "priceData": {
            "bestPrice": "7.70",
            "price": "7.70",
            "pricePerLitre": 5.1,
            "bestPricePerLitre": 5.1
        },
        "store": {
            "id": "5e755b8960b75a4d0a0a9f8c",
            "name": "Leamington"
        }
    },
    {
        "productData": {
            "name": "Rockstar Original Energy Drink 500ml",
            "productId": "rockstar-original-energy-drink-500ml",
            "productShopPage": "https://leamington.store.freshchoice.co.nz/lines/rockstar-original-energy-drink-500ml",
            "productImageURL": "https://dtgxwmigmg3gc.cloudfront.net/imagery/assets/derivations/icon/512/512/true/eyJpZCI6IjA1ZmRmMjE1MTQ0Zjk0YjgzMDFlNzEyMjQ5OWMzZjNjIiwic3RvcmFnZSI6InB1YmxpY19zdG9yZSJ9?signature=d3b539814d47e6a54c00fa8c8b73164ccb677a65cf673f3532132f7f04c657f5",
            "productDescription": ""
        },
        "priceData": {
            "bestPrice": "2.00",
            "price": "2.00",
            "pricePerLitre": 4.0,
            "bestPricePerLitre": 4.0
        },
        "store": {
            "id": "5e755b8960b75a4d0a0a9f8c",
            "name": "Leamington"
        }
    },
    {
        "productData": {
            "name": "Rockstar Punched Energy Guava 500ml",
            "productId": "rockstar-punched-energy-guava-500ml",
            "productShopPage": "https://leamington.store.freshchoice.co.nz/lines/rockstar-punched-energy-guava-500ml",
            "productImageURL": "https://dtgxwmigmg3gc.cloudfront.net/imagery/assets/derivations/icon/512/512/true/eyJpZCI6IjBmNGEyNjU2MGQwM2Y4OGI4MWE3ZTMyODUzYTRlN2QyIiwic3RvcmFnZSI6InB1YmxpY19zdG9yZSJ9?signature=fab45ac774e74d87cf7a79de075f47290676fd6d4afcf212198c745670d5ce29",
            "productDescription": ""
        },
        "priceData": {
            "bestPrice": "2.00",
            "price": "2.00",
            "pricePerLitre": 4.0,
            "bestPricePerLitre": 4.0
        },
        "store": {
            "id": "5e755b8960b75a4d0a0a9f8c",
            "name": "Leamington"
        }
    },
    {
        "productData": {
            "name": "Mother Kicked Apple 500ml",
            "productId": "mother-kicked-apple-500ml",
            "productShopPage": "https://mangerebridge.store.freshchoice.co.nz/lines/mother-kicked-apple-500ml",
            "productImageURL": "https://dtgxwmigmg3gc.cloudfront.net/imagery/assets/derivations/icon/512/512/true/eyJpZCI6IjNhZTlkYjkwYTM4MDFjMGEwYjUwYThhMDAwYjkyZjM0Iiwic3RvcmFnZSI6InB1YmxpY19zdG9yZSJ9?signature=c1a1db0a5d7b074c388cf08560fd44a4a2b6127821554198e54eeea8474325f6",
            "productDescription": ""
        },
        "priceData": {
            "bestPrice": "2.00",
            "price": "2.00",
            "pricePerLitre": 4.0,
            "bestPricePerLitre": 4.0
        },
        "store": {
            "id": "5e5ee6e1d7477678280819d5",
            "name": "Mangere Bridge"
        }
    },
    {
        "productData": {
            "name": "Monster Energy Ultra Paradise 500ml",
            "productId": "monster-energy-drink-ultra-paradise-500ml",
            "productShopPage": "https://mangerebridge.store.freshchoice.co.nz/lines/monster-energy-drink-ultra-paradise-500ml",
            "productImageURL": "https://dtgxwmigmg3gc.cloudfront.net/imagery/assets/derivations/icon/512/512/true/eyJpZCI6ImZiZDRkZTQxNzA0M2FiYTUyMjMwZWI0NTcyZGNmYTE1Iiwic3RvcmFnZSI6InB1YmxpY19zdG9yZSJ9?signature=8a439bf26b71114289dfea1720ed331b1e4784c534deade29db8ac38b1cc7c1a",
            "productDescription": ""
        },
        "priceData": {
            "bestPrice": "3.00",
            "price": "3.00",
            "pricePerLitre": 6.0,
            "bestPricePerLitre": 6.0
        },
        "store": {
            "id": "5e5ee6e1d7477678280819d5",
            "name": "Mangere Bridge"
        }
    },
    {
        "productData": {
            "name": "Monster Energy Ultra Sunrise 500ml",
            "productId": "monster-energy-ultra-sunrise-500ml",
            "productShopPage": "https://mangerebridge.store.freshchoice.co.nz/lines/monster-energy-ultra-sunrise-500ml",
            "productImageURL": "https://dtgxwmigmg3gc.cloudfront.net/imagery/assets/derivations/icon/512/512/true/eyJpZCI6ImFlNTVkY2RiZTZiZjg3OGZjZTdlOTU1OTFhMDE4YTdiIiwic3RvcmFnZSI6InB1YmxpY19zdG9yZSJ9?signature=b98350feca08b6ab128cc925fef23a58f65a36f94ede15cb2174f6f88a0f8a0f",
            "productDescription": ""
        },
        "priceData": {
            "bestPrice": "3.00",
            "price": "3.00",
            "pricePerLitre": 6.0,
            "bestPricePerLitre": 6.0
        },
        "store": {
            "id": "5e5ee6e1d7477678280819d5",
            "name": "Mangere Bridge"
        }
    },
    {
        "productData": {
            "name": "Monster Energy Ultra Zero 500ml",
            "productId": "monster-energy-ultra-zero-500ml",
            "productShopPage": "https://mangerebridge.store.freshchoice.co.nz/lines/monster-energy-ultra-zero-500ml",
            "productImageURL": "https://dtgxwmigmg3gc.cloudfront.net/imagery/assets/derivations/icon/512/512/true/eyJpZCI6IjdhN2FhYTUwZWU2NTYwYjBiNGY1NThhMTgwNmVlODI3Iiwic3RvcmFnZSI6InB1YmxpY19zdG9yZSJ9?signature=7907c49ba7d043175a426f84a71776de7dd51fa5c249237063aca9cb098abdbe",
            "productDescription": ""
        },
        "priceData": {
            "bestPrice": "3.00",
            "price": "3.00",
            "pricePerLitre": 6.0,
            "bestPricePerLitre": 6.0
        },
        "store": {
            "id": "5e5ee6e1d7477678280819d5",
            "name": "Mangere Bridge"
        }
    },
    {
        "productData": {
            "name": "Monster Energy Drink Ultra Rosa 500ml",
            "productId": "monster-energy-drink-ultra-rosa-500ml",
            "productShopPage": "https://mangerebridge.store.freshchoice.co.nz/lines/monster-energy-drink-ultra-rosa-500ml",
            "productImageURL": "https://dtgxwmigmg3gc.cloudfront.net/imagery/assets/derivations/icon/512/512/true/eyJpZCI6IjZjYzFjMzcwYzM4Mzk4N2MyOTUzNWIyMTFjZTJlYjgxIiwic3RvcmFnZSI6InB1YmxpY19zdG9yZSJ9?signature=9cd08284785f9b24647ecc7d1dc08214d9d00318cc809bebdef1921d6b78bb95",
            "productDescription": ""
        },
        "priceData": {
            "bestPrice": "3.00",
            "price": "3.00",
            "pricePerLitre": 6.0,
            "bestPricePerLitre": 6.0
        },
        "store": {
            "id": "5e5ee6e1d7477678280819d5",
            "name": "Mangere Bridge"
        }
    },
    {
        "productData": {
            "name": "Mother Energy Drink Berry 500ml",
            "productId": "mother-energy-drink-berry-500ml",
            "productShopPage": "https://mangerebridge.store.freshchoice.co.nz/lines/mother-energy-drink-berry-500ml",
            "productImageURL": "https://dtgxwmigmg3gc.cloudfront.net/imagery/assets/derivations/icon/512/512/true/eyJpZCI6ImRhYTJlNjUzNzRjZjViNjI0ZDljNzUzNDA3YmE0ZDFkIiwic3RvcmFnZSI6InB1YmxpY19zdG9yZSJ9?signature=d9ffb465d71d599811c2ff7a788845bfe297eb3624ad7866a89cf0b3ece073f0",
            "productDescription": ""
        },
        "priceData": {
            "bestPrice": "2.00",
            "price": "2.00",
            "pricePerLitre": 4.0,
            "bestPricePerLitre": 4.0
        },
        "store": {
            "id": "5e5ee6e1d7477678280819d5",
            "name": "Mangere Bridge"
        }
    },
    {
        "productData": {
            "name": "Mother Energy Drink Black 500ml",
            "productId": "mother-energy-drink-black-500ml",
            "productShopPage": "https://mangerebridge.store.freshchoice.co.nz/lines/mother-energy-drink-black-500ml",
            "productImageURL": "https://dtgxwmigmg3gc.cloudfront.net/imagery/assets/derivations/icon/512/512/true/eyJpZCI6ImYyMzA5MjhkYjg3ODFhYmYzZDU3ZjE1YjNmYzU2MWFjIiwic3RvcmFnZSI6InB1YmxpY19zdG9yZSJ9?signature=d3dbddb83d3d457075cd5d8936bef0c5b48fce4fa3fe725995d8b6d57219ceb5",
            "productDescription": ""
        },
        "priceData": {
            "bestPrice": "2.00",
            "price": "2.00",
            "pricePerLitre": 4.0,
            "bestPricePerLitre": 4.0
        },
        "store": {
            "id": "5e5ee6e1d7477678280819d5",
            "name": "Mangere Bridge"
        }
    },
    {
        "productData": {
            "name": "Mother Energy Drink Cans 6x250ml",
            "productId": "mother-energy-drink-6x250ml-cans",
            "productShopPage": "https://mangerebridge.store.freshchoice.co.nz/lines/mother-energy-drink-6x250ml-cans",
            "productImageURL": "https://dtgxwmigmg3gc.cloudfront.net/imagery/assets/derivations/icon/512/512/true/eyJpZCI6IjEyOGFhMmU0Y2VkYTU4ZWFkZmVhOWUwZjdlNTZhOTA4Iiwic3RvcmFnZSI6InB1YmxpY19zdG9yZSJ9?signature=5db1908f64527cf28fa7bf3266a83ab854a07ca50453511f7d414d8e6d5c10fb",
            "productDescription": ""
        },
        "priceData": {
            "bestPrice": "7.70",
            "price": "7.70",
            "pricePerLitre": 5.1,
            "bestPricePerLitre": 5.1
        },
        "store": {
            "id": "5e5ee6e1d7477678280819d5",
            "name": "Mangere Bridge"
        }
    },
    {
        "productData": {
            "name": "Mother Energy Drink Passion 500ml",
            "productId": "mother-energy-drink-passion-500ml",
            "productShopPage": "https://mangerebridge.store.freshchoice.co.nz/lines/mother-energy-drink-passion-500ml",
            "productImageURL": "https://dtgxwmigmg3gc.cloudfront.net/imagery/assets/derivations/icon/512/512/true/eyJpZCI6ImQwODE2YTc4ZjBmNGU4NTU5Mzg1YjkxZmI5YjIzZjM0Iiwic3RvcmFnZSI6InB1YmxpY19zdG9yZSJ9?signature=713c495fef96a6427b917f0c7c7e855a963749ac5c1bf7dfd71e24ae08ea3123",
            "productDescription": ""
        },
        "priceData": {
            "bestPrice": "2.00",
            "price": "2.00",
            "pricePerLitre": 4.0,
            "bestPricePerLitre": 4.0
        },
        "store": {
            "id": "5e5ee6e1d7477678280819d5",
            "name": "Mangere Bridge"
        }
    },
    {
        "productData": {
            "name": "Mother Tropical Blast 500ml",
            "productId": "mother-tropical-blast-500ml",
            "productShopPage": "https://mangerebridge.store.freshchoice.co.nz/lines/mother-tropical-blast-500ml",
            "productImageURL": "https://dtgxwmigmg3gc.cloudfront.net/imagery/assets/derivations/icon/512/512/true/eyJpZCI6ImEyZmM1OTUwNDhlODM5YTRhMjQ2MTI1OGEyYzNlZWZhIiwic3RvcmFnZSI6InB1YmxpY19zdG9yZSJ9?signature=6c9470ee4067e8ec32b58eeac9d628404d3986058a9b1cdef46014d1bee50944",
            "productDescription": ""
        },
        "priceData": {
            "bestPrice": "2.00",
            "price": "2.00",
            "pricePerLitre": 4.0,
            "bestPricePerLitre": 4.0
        },
        "store": {
            "id": "5e5ee6e1d7477678280819d5",
            "name": "Mangere Bridge"
        }
    },
    {
        "productData": {
            "name": "Mother Can Energy 250ml",
            "productId": "mother-can-energy-250ml",
            "productShopPage": "https://mangerebridge.store.freshchoice.co.nz/lines/mother-can-energy-250ml",
            "productImageURL": "https://dtgxwmigmg3gc.cloudfront.net/imagery/assets/derivations/icon/512/512/true/eyJpZCI6IjVhOTg3YmMxMjJjMGU2MTcxY2VhNzRjMmY0YzdmNDc2Iiwic3RvcmFnZSI6InB1YmxpY19zdG9yZSJ9?signature=b86ce206a3fb5a708e03da17f785e4d2d6e9436aae122f10ca04f56e5325a61f",
            "productDescription": ""
        },
        "priceData": {
            "bestPrice": "1.99",
            "price": "1.99"
        },
        "store": {
            "id": "5e5ee6e1d7477678280819d5",
            "name": "Mangere Bridge"
        }
    },
    {
        "productData": {
            "name": "Mother Epic Swell Energy Drink Twisted Apple 500ml",
            "productId": "mother-epic-swell-energy-drink-twisted-apple-500ml",
            "productShopPage": "https://mangerebridge.store.freshchoice.co.nz/lines/mother-epic-swell-energy-drink-twisted-apple-500ml",
            "productImageURL": "https://dtgxwmigmg3gc.cloudfront.net/imagery/assets/derivations/icon/512/512/true/eyJpZCI6ImE2ZjYxOGNhNjUyYzMxNzRhNjg2MDBhMGVjZmQ3MmJkIiwic3RvcmFnZSI6InB1YmxpY19zdG9yZSJ9?signature=954f74f8aba0fb24cb2a5248b1e93fe8a62fb8c7f902abbb08b7aed24bc44c80",
            "productDescription": ""
        },
        "priceData": {
            "bestPrice": "2.00",
            "price": "2.00",
            "pricePerLitre": 4.0,
            "bestPricePerLitre": 4.0
        },
        "store": {
            "id": "5e5ee6e1d7477678280819d5",
            "name": "Mangere Bridge"
        }
    },
    {
        "productData": {
            "name": "Monster Energy Juice Mango Loco 500ml",
            "productId": "monster-energy-juice-mango-loco-500ml-can",
            "productShopPage": "https://mangerebridge.store.freshchoice.co.nz/lines/monster-energy-juice-mango-loco-500ml-can",
            "productImageURL": "https://dtgxwmigmg3gc.cloudfront.net/imagery/assets/derivations/icon/512/512/true/eyJpZCI6ImUyNmIyNzdlMzJkOTg5NjI4YWYxYzg2MTU2MjI0ZjgzIiwic3RvcmFnZSI6InB1YmxpY19zdG9yZSJ9?signature=db65ff44183396e60e8f4c13003417fb1277f7685b136cf223d7701f7e945faf",
            "productDescription": ""
        },
        "priceData": {
            "bestPrice": "3.00",
            "price": "3.00",
            "pricePerLitre": 6.0,
            "bestPricePerLitre": 6.0
        },
        "store": {
            "id": "5e5ee6e1d7477678280819d5",
            "name": "Mangere Bridge"
        }
    },
    {
        "productData": {
            "name": "V Energy Drink Guarana 500ml",
            "productId": "v-energy-drink-guarana-500ml",
            "productShopPage": "https://mangerebridge.store.freshchoice.co.nz/lines/v-energy-drink-guarana-500ml",
            "productImageURL": "https://dtgxwmigmg3gc.cloudfront.net/imagery/assets/derivations/icon/512/512/true/eyJpZCI6IjgzZDAxMjhiMzg4NmEwZmE4YTE2ZjY2NWIzNmM2NzI2Iiwic3RvcmFnZSI6InB1YmxpY19zdG9yZSJ9?signature=f55ecc561066291a4e74a967db35ea2355f881bd1708bf400fd790032384ae4f",
            "productDescription": ""
        },
        "priceData": {
            "bestPrice": "3.80",
            "price": "3.80",
            "pricePerLitre": 7.6,
            "bestPricePerLitre": 7.6
        },
        "store": {
            "id": "5e5ee6e1d7477678280819d5",
            "name": "Mangere Bridge"
        }
    },
    {
        "productData": {
            "name": "V Energy Drink Sugarfree 500ml",
            "productId": "v-energy-drink-sugarfree-500ml",
            "productShopPage": "https://mangerebridge.store.freshchoice.co.nz/lines/v-energy-drink-sugarfree-500ml",
            "productImageURL": "https://dtgxwmigmg3gc.cloudfront.net/imagery/assets/derivations/icon/512/512/true/eyJpZCI6ImVkZTAxNTNmMDI1NmU1NDZjNWQ5MTc3MjE3ZTQ3YTQ0Iiwic3RvcmFnZSI6InB1YmxpY19zdG9yZSJ9?signature=abcf72d9faa9ee3044eaa3b7ee0bf9b4fd8f582379018d8727f2234b7d3f3c85",
            "productDescription": ""
        },
        "priceData": {
            "bestPrice": "3.80",
            "price": "3.80",
            "pricePerLitre": 7.6,
            "bestPricePerLitre": 7.6
        },
        "store": {
            "id": "5e5ee6e1d7477678280819d5",
            "name": "Mangere Bridge"
        }
    },
    {
        "productData": {
            "name": "V Energy Drink Sugar Free Guarana 250ml",
            "productId": "v-energy-drink-sugar-free-guarana-250ml",
            "productShopPage": "https://mangerebridge.store.freshchoice.co.nz/lines/v-energy-drink-sugar-free-guarana-250ml",
            "productImageURL": "https://dtgxwmigmg3gc.cloudfront.net/imagery/assets/derivations/icon/512/512/true/eyJpZCI6ImZiNzM1NmU4NTMyZDllODlkZTljZmNlOGY2MzQ5NGQwIiwic3RvcmFnZSI6InB1YmxpY19zdG9yZSJ9?signature=72b0ce0a48ca796717c115fe5e8b4564501470f63bf80ae865d26e9d131a2b8c",
            "productDescription": ""
        },
        "priceData": {
            "bestPrice": "2.20",
            "price": "2.20",
            "pricePerLitre": 8.8,
            "bestPricePerLitre": 8.8
        },
        "store": {
            "id": "5e5ee6e1d7477678280819d5",
            "name": "Mangere Bridge"
        }
    },
    {
        "productData": {
            "name": "V Energy Drink Blue Guarana Spritzed 350ml",
            "productId": "v-blue-energy-drink-blue-guarana-spritzed-350ml",
            "productShopPage": "https://mangerebridge.store.freshchoice.co.nz/lines/v-blue-energy-drink-blue-guarana-spritzed-350ml",
            "productImageURL": "https://dtgxwmigmg3gc.cloudfront.net/imagery/assets/derivations/icon/512/512/true/eyJpZCI6ImY2OTRlZGI4NjdlNWMzZDM5NzgzMDQ0ODFkMzUxZGZiIiwic3RvcmFnZSI6InB1YmxpY19zdG9yZSJ9?signature=591b3079cb9c2407a29b3bc348eaf42dc1d34daba5c9d7aba65be654725b6719",
            "productDescription": ""
        },
        "priceData": {
            "bestPrice": "2.30",
            "price": "2.30",
            "pricePerLitre": 10.0,
            "bestPricePerLitre": 10.0
        },
        "store": {
            "id": "5e5ee6e1d7477678280819d5",
            "name": "Mangere Bridge"
        }
    },
    {
        "productData": {
            "name": "V Energy Drink Green Guarana 350ml",
            "productId": "v-energy-drink-green-guarana-350ml",
            "productShopPage": "https://mangerebridge.store.freshchoice.co.nz/lines/v-energy-drink-green-guarana-350ml",
            "productImageURL": "https://dtgxwmigmg3gc.cloudfront.net/imagery/assets/derivations/icon/512/512/true/eyJpZCI6IjRiNjY4ZjYxOTQ2ODYyN2MzM2NiZWMyNGUyNmIyODk4Iiwic3RvcmFnZSI6InB1YmxpY19zdG9yZSJ9?signature=4cded9cb42349eef45a593461f311b1bb7fa881295733879671ad9fe9887d30c",
            "productDescription": ""
        },
        "priceData": {
            "bestPrice": "2.30",
            "price": "2.30",
            "pricePerLitre": 10.0,
            "bestPricePerLitre": 10.0
        },
        "store": {
            "id": "5e5ee6e1d7477678280819d5",
            "name": "Mangere Bridge"
        }
    },
    {
        "productData": {
            "name": "V Energy Drink Guarana Can 250ml",
            "productId": "v-energy-drink-guarana-can-250ml",
            "productShopPage": "https://mangerebridge.store.freshchoice.co.nz/lines/v-energy-drink-guarana-can-250ml",
            "productImageURL": "https://dtgxwmigmg3gc.cloudfront.net/imagery/assets/derivations/icon/512/512/true/eyJpZCI6Ijc3Nzk1NjE2ZDhhNmFiMThhYzEzODYzOTg2ZmNkNzgwIiwic3RvcmFnZSI6InB1YmxpY19zdG9yZSJ9?signature=f5de1854d43e19cc62bff86893d4a55615cd916f8425a4dccd170b52eba81255",
            "productDescription": ""
        },
        "priceData": {
            "bestPrice": "2.20",
            "price": "2.20",
            "pricePerLitre": 8.8,
            "bestPricePerLitre": 8.8
        },
        "store": {
            "id": "5e5ee6e1d7477678280819d5",
            "name": "Mangere Bridge"
        }
    },
    {
        "productData": {
            "name": "V Energy Drink Guarana Can 500ml",
            "productId": "v-energy-drink-guarana-can-500ml",
            "productShopPage": "https://mangerebridge.store.freshchoice.co.nz/lines/v-energy-drink-guarana-can-500ml",
            "productImageURL": "https://dtgxwmigmg3gc.cloudfront.net/imagery/assets/derivations/icon/512/512/true/eyJpZCI6ImI0NjgzNGZjNDRkMjU0MjgzYzJjZGNhMzA2NWIxYjA5Iiwic3RvcmFnZSI6InB1YmxpY19zdG9yZSJ9?signature=265e8273409849423466e7623cbbdf8352940707b8830803eec391e8f32c9c5f",
            "productDescription": ""
        },
        "priceData": {
            "bestPrice": "3.50",
            "price": "3.50",
            "pricePerLitre": 7.0,
            "bestPricePerLitre": 7.0
        },
        "store": {
            "id": "5e5ee6e1d7477678280819d5",
            "name": "Mangere Bridge"
        }
    },
    {
        "productData": {
            "name": "V Energy Drink Raspberry Lemonade 350ml",
            "productId": "v-energy-drink-raspberry-lemonade-350ml",
            "productShopPage": "https://mangerebridge.store.freshchoice.co.nz/lines/v-energy-drink-raspberry-lemonade-350ml",
            "productImageURL": "https://dtgxwmigmg3gc.cloudfront.net/imagery/assets/derivations/icon/512/512/true/eyJpZCI6IjliNWMwMGJkN2IxYWRhY2UxNzU5NzY1ZTI4MjUzZDgyIiwic3RvcmFnZSI6InB1YmxpY19zdG9yZSJ9?signature=1813e587f3636e394a15aa9e19234f9343024a6880220b0dda0a5d69b1f1c010",
            "productDescription": ""
        },
        "priceData": {
            "bestPrice": "2.30",
            "price": "2.30",
            "pricePerLitre": 10.0,
            "bestPricePerLitre": 10.0
        },
        "store": {
            "id": "5e5ee6e1d7477678280819d5",
            "name": "Mangere Bridge"
        }
    },
    {
        "productData": {
            "name": "V Energy Drink Sugar Free Guarana 500ml",
            "productId": "v-energy-drink-sugar-free-guarana-500ml",
            "productShopPage": "https://mangerebridge.store.freshchoice.co.nz/lines/v-energy-drink-sugar-free-guarana-500ml",
            "productImageURL": "https://dtgxwmigmg3gc.cloudfront.net/imagery/assets/derivations/icon/512/512/true/eyJpZCI6Ijg4MGExMDYxOTY4NTJiYzM1ZTExMmU2MGE2OWYxNDE3Iiwic3RvcmFnZSI6InB1YmxpY19zdG9yZSJ9?signature=b0536d25b9da8158705e24c88e21fabbf85c1dabc19f18108c386e956ffd7045",
            "productDescription": ""
        },
        "priceData": {
            "bestPrice": "3.50",
            "price": "3.50",
            "pricePerLitre": 7.0,
            "bestPricePerLitre": 7.0
        },
        "store": {
            "id": "5e5ee6e1d7477678280819d5",
            "name": "Mangere Bridge"
        }
    },
    {
        "productData": {
            "name": "V Energy Drink Skills Cans 275ml 4 Pack",
            "productId": "v-energy-drink-skills-cans-275ml-4-pack",
            "productShopPage": "https://mangerebridge.store.freshchoice.co.nz/lines/v-energy-drink-skills-cans-275ml-4-pack",
            "productImageURL": "https://dtgxwmigmg3gc.cloudfront.net/imagery/assets/derivations/icon/512/512/true/eyJpZCI6ImZhMzA2N2NiM2YxMmVkM2ZhZjhhYmM4OGE1YTJhNzczIiwic3RvcmFnZSI6InB1YmxpY19zdG9yZSJ9?signature=34fcde8f5a021036c475a1dfff6748625e0747bb134ec737312b15bbe8e883eb",
            "productDescription": ""
        },
        "priceData": {
            "bestPrice": "9.39",
            "price": "9.39",
            "pricePerLitre": 8.5,
            "bestPricePerLitre": 8.5
        },
        "store": {
            "id": "5e5ee6e1d7477678280819d5",
            "name": "Mangere Bridge"
        }
    },
    {
        "productData": {
            "name": "V Blue Energy Drink Bottle 500ml",
            "productId": "v-blue-energy-drink-bottle-500ml",
            "productShopPage": "https://mangerebridge.store.freshchoice.co.nz/lines/v-blue-energy-drink-bottle-500ml",
            "productImageURL": "https://dtgxwmigmg3gc.cloudfront.net/imagery/assets/derivations/icon/512/512/true/eyJpZCI6IjgyYWYxYWY4MGI4MzUxODhiYmVhZGVhM2U2NzY0MzI5Iiwic3RvcmFnZSI6InB1YmxpY19zdG9yZSJ9?signature=7e70fc576864a528a1431734d680cbf177a11b419a692dbfd34800c31b8944ec",
            "productDescription": ""
        },
        "priceData": {
            "bestPrice": "3.80",
            "price": "3.80",
            "pricePerLitre": 7.6,
            "bestPricePerLitre": 7.6
        },
        "store": {
            "id": "5e5ee6e1d7477678280819d5",
            "name": "Mangere Bridge"
        }
    },
    {
        "productData": {
            "name": "V Blue Sugarfree Energy Drink 500ml",
            "productId": "v-blue-sugarfree-energy-drink-500ml",
            "productShopPage": "https://mangerebridge.store.freshchoice.co.nz/lines/v-blue-sugarfree-energy-drink-500ml",
            "productImageURL": "https://dtgxwmigmg3gc.cloudfront.net/imagery/assets/derivations/icon/512/512/true/eyJpZCI6ImVmYjQyOWRmM2JjZjc3NTY1ZDIwMTEyNTY0MDdmZjA1Iiwic3RvcmFnZSI6InB1YmxpY19zdG9yZSJ9?signature=2911d59474d8305039a3be3bef0f887c38d9ab84596314b13cc4b150101175ab",
            "productDescription": ""
        },
        "priceData": {
            "bestPrice": "3.50",
            "price": "3.50",
            "pricePerLitre": 7.0,
            "bestPricePerLitre": 7.0
        },
        "store": {
            "id": "5e5ee6e1d7477678280819d5",
            "name": "Mangere Bridge"
        }
    },
    {
        "productData": {
            "name": "V Raspberry Lemonade Energy Drink 500ml",
            "productId": "v-energy-drink-raspberry-lemonade-500ml-can",
            "productShopPage": "https://mangerebridge.store.freshchoice.co.nz/lines/v-energy-drink-raspberry-lemonade-500ml-can",
            "productImageURL": "https://dtgxwmigmg3gc.cloudfront.net/imagery/assets/derivations/icon/512/512/true/eyJpZCI6ImE3N2Y5NzBmY2FhOWZhYmZiOTc3MmYyMzE4MGRiOTcxIiwic3RvcmFnZSI6InB1YmxpY19zdG9yZSJ9?signature=2bb7890fe6d7b0c0c6a522be31c78077be0aa570ca4c8aa5549ccf80761262dc",
            "productDescription": ""
        },
        "priceData": {
            "bestPrice": "3.50",
            "price": "3.50",
            "pricePerLitre": 7.0,
            "bestPricePerLitre": 7.0
        },
        "store": {
            "id": "5e5ee6e1d7477678280819d5",
            "name": "Mangere Bridge"
        }
    },
    {
        "productData": {
            "name": "V Blue Energy Drink Blue Guarana Can 250ml",
            "productId": "v-blue-energy-drink-blue-guarana-can-250ml",
            "productShopPage": "https://mangerebridge.store.freshchoice.co.nz/lines/v-blue-energy-drink-blue-guarana-can-250ml",
            "productImageURL": "https://dtgxwmigmg3gc.cloudfront.net/imagery/assets/derivations/icon/512/512/true/eyJpZCI6IjBmZjQwNDEyZWQ2ZDk4YTg3YWQ2ZDUyMWZlNjM1YzJkIiwic3RvcmFnZSI6InB1YmxpY19zdG9yZSJ9?signature=8f745abe5614ec47b3d7a07f1a34ba529184a87b2a696211ba5a0f9f29c86bf0",
            "productDescription": ""
        },
        "priceData": {
            "bestPrice": "2.20",
            "price": "2.20",
            "pricePerLitre": 8.8,
            "bestPricePerLitre": 8.8
        },
        "store": {
            "id": "5e5ee6e1d7477678280819d5",
            "name": "Mangere Bridge"
        }
    },
    {
        "productData": {
            "name": "V Blue Energy Drink Blue Guarana Can 500ml",
            "productId": "v-blue-energy-drink-blue-guarana-can-500ml",
            "productShopPage": "https://mangerebridge.store.freshchoice.co.nz/lines/v-blue-energy-drink-blue-guarana-can-500ml",
            "productImageURL": "https://dtgxwmigmg3gc.cloudfront.net/imagery/assets/derivations/icon/512/512/true/eyJpZCI6ImFmYjEyYjVjYTU2YWI5ZDJhMTVmNGY2MDg2NWFlNzgxIiwic3RvcmFnZSI6InB1YmxpY19zdG9yZSJ9?signature=b537a8cc5a2c0f90f1702b2c541db44c3a740a0ec4a96e92ab2d6537f9320e8d",
            "productDescription": ""
        },
        "priceData": {
            "bestPrice": "3.50",
            "price": "3.50",
            "pricePerLitre": 7.0,
            "bestPricePerLitre": 7.0
        },
        "store": {
            "id": "5e5ee6e1d7477678280819d5",
            "name": "Mangere Bridge"
        }
    },
    {
        "productData": {
            "name": "V Iced Coffee Guarana Energy 500ml",
            "productId": "v-iced-coffee-guarana-energy-500ml",
            "productShopPage": "https://mangerebridge.store.freshchoice.co.nz/lines/v-iced-coffee-guarana-energy-500ml",
            "productImageURL": "https://dtgxwmigmg3gc.cloudfront.net/imagery/assets/derivations/icon/512/512/true/eyJpZCI6ImM0Zjc4YjRmYWVjMjk0NTJkZTNkYzZjNmY5MzBlMjU2Iiwic3RvcmFnZSI6InB1YmxpY19zdG9yZSJ9?signature=14312b2813aab9c1ad551700ec97cd58a3a7f95bef4d0bd7ae7aa2dcf8fcdc9d",
            "productDescription": ""
        },
        "priceData": {
            "bestPrice": "4.00",
            "price": "4.00",
            "pricePerLitre": 80.0,
            "bestPricePerLitre": 80.0
        },
        "store": {
            "id": "5e5ee6e1d7477678280819d5",
            "name": "Mangere Bridge"
        }
    },
    {
        "productData": {
            "name": "V Energy Drink Sugar Free Guarana Bottle 350ml",
            "productId": "v-energy-drink-sugar-free-guarana-bottle-350ml",
            "productShopPage": "https://mangerebridge.store.freshchoice.co.nz/lines/v-energy-drink-sugar-free-guarana-bottle-350ml",
            "productImageURL": "https://dtgxwmigmg3gc.cloudfront.net/imagery/assets/derivations/icon/512/512/true/eyJpZCI6IjQzYmZlOTg1YzY2ZGQ0ZDI1YzUyZDk3MGJhMmJhMGM3Iiwic3RvcmFnZSI6InB1YmxpY19zdG9yZSJ9?signature=7a4bb3eb2264f52495ae9ba8fbf21b5a3e59e12c0d6208cfa1591261da333f55",
            "productDescription": ""
        },
        "priceData": {
            "bestPrice": "2.30",
            "price": "2.30",
            "pricePerLitre": 10.0,
            "bestPricePerLitre": 10.0
        },
        "store": {
            "id": "5e5ee6e1d7477678280819d5",
            "name": "Mangere Bridge"
        }
    },
    {
        "productData": {
            "name": "Monster Mule Ginger Brew 500ml",
            "productId": "monster-mule-ginger-brew-500ml",
            "productShopPage": "https://mangerebridge.store.freshchoice.co.nz/lines/monster-mule-ginger-brew-500ml",
            "productImageURL": "https://dtgxwmigmg3gc.cloudfront.net/imagery/assets/derivations/icon/512/512/true/eyJpZCI6ImM1OTM5MTIyZTRlNmNhNzk0ODFlMDE4ZWVmMWE2Y2ZlIiwic3RvcmFnZSI6InB1YmxpY19zdG9yZSJ9?signature=5d11287f30ef58c148e37382d61c0d83097d5461683a9aa5dd9456941c1f32e5",
            "productDescription": ""
        },
        "priceData": {
            "bestPrice": "3.00",
            "price": "3.00",
            "pricePerLitre": 6.0,
            "bestPricePerLitre": 6.0
        },
        "store": {
            "id": "5e5ee6e1d7477678280819d5",
            "name": "Mangere Bridge"
        }
    },
    {
        "productData": {
            "name": "Monster Energy 4x500ml Cans",
            "productId": "monster-energy-4x500ml-cans",
            "productShopPage": "https://mangerebridge.store.freshchoice.co.nz/lines/monster-energy-4x500ml-cans",
            "productImageURL": "https://dtgxwmigmg3gc.cloudfront.net/imagery/assets/derivations/icon/512/512/true/eyJpZCI6ImQyNWU2MTgwNzVhMmI4MmZmMGU2YmY0OGRlYmRmNTM4Iiwic3RvcmFnZSI6InB1YmxpY19zdG9yZSJ9?signature=afd9c2e0498b55fa2db714a09690152069344eca7b7dddeeb315405178827c0a",
            "productDescription": ""
        },
        "priceData": {
            "bestPrice": "11.99",
            "price": "11.99"
        },
        "store": {
            "id": "5e5ee6e1d7477678280819d5",
            "name": "Mangere Bridge"
        }
    },
    {
        "productData": {
            "name": "Monster Energy Pipeline Punch 500ml",
            "productId": "monster-energy-pipeline-punch-500ml",
            "productShopPage": "https://mangerebridge.store.freshchoice.co.nz/lines/monster-energy-pipeline-punch-500ml",
            "productImageURL": "https://dtgxwmigmg3gc.cloudfront.net/imagery/assets/derivations/icon/512/512/true/eyJpZCI6IjM3ZWY2OTY5OWFlNTJlZTRjNTY1ZmFmYWIwOTIxMjg4Iiwic3RvcmFnZSI6InB1YmxpY19zdG9yZSJ9?signature=79ed6699c35bd716a9d5d9457c39ce62c523edaa4059b6b45d4dcc7caf65cef9",
            "productDescription": ""
        },
        "priceData": {
            "bestPrice": "3.00",
            "price": "3.00",
            "pricePerLitre": 6.0,
            "bestPricePerLitre": 6.0
        },
        "store": {
            "id": "5e5ee6e1d7477678280819d5",
            "name": "Mangere Bridge"
        }
    },
    {
        "productData": {
            "name": "Live Plus Energy Drink Citrus Flavour 500ml",
            "productId": "live-plus-persist-500ml",
            "productShopPage": "https://mangerebridge.store.freshchoice.co.nz/lines/live-plus-persist-500ml",
            "productImageURL": "https://dtgxwmigmg3gc.cloudfront.net/imagery/assets/derivations/icon/512/512/true/eyJpZCI6IjFlNWQ5YzI4OWM1N2UzNmYzZmI2NThlMDQzZTI3ZjE4Iiwic3RvcmFnZSI6InB1YmxpY19zdG9yZSJ9?signature=756b17fefe47174b90e7dbec8cd09db27f9f59f4994bc750b71256ae93ba9fa8",
            "productDescription": ""
        },
        "priceData": {
            "bestPrice": "2.00",
            "price": "2.00",
            "pricePerLitre": 4.0,
            "bestPricePerLitre": 4.0
        },
        "store": {
            "id": "5e5ee6e1d7477678280819d5",
            "name": "Mangere Bridge"
        }
    },
    {
        "productData": {
            "name": "Live Plus Energy Drink Tart Apple Apple Flavour 500ml",
            "productId": "live-plus-ignite-500ml",
            "productShopPage": "https://mangerebridge.store.freshchoice.co.nz/lines/live-plus-ignite-500ml",
            "productImageURL": "https://dtgxwmigmg3gc.cloudfront.net/imagery/assets/derivations/icon/512/512/true/eyJpZCI6IjViOGViZjhmZTQzYjFlYTMzNDM5YjJjMjg3ZDRmY2YyIiwic3RvcmFnZSI6InB1YmxpY19zdG9yZSJ9?signature=140ae19352cd0dcec7e77f90fa4dfaa9fa17086439f730510afc5d906e1415bf",
            "productDescription": ""
        },
        "priceData": {
            "bestPrice": "2.00",
            "price": "2.00",
            "pricePerLitre": 4.0,
            "bestPricePerLitre": 4.0
        },
        "store": {
            "id": "5e5ee6e1d7477678280819d5",
            "name": "Mangere Bridge"
        }
    },
    {
        "productData": {
            "name": "V Guarana Energy Drink Blue Sugarfree 250ml",
            "productId": "v-blue-sugarfree-energy-drink-250ml",
            "productShopPage": "https://mangerebridge.store.freshchoice.co.nz/lines/v-blue-sugarfree-energy-drink-250ml",
            "productImageURL": "https://dtgxwmigmg3gc.cloudfront.net/imagery/assets/derivations/icon/512/512/true/eyJpZCI6IjI3YWJiOTVhYjNhMjEwMDU2MWJhMmRhNTM3YjRhZjVmIiwic3RvcmFnZSI6InB1YmxpY19zdG9yZSJ9?signature=66769306ca1d0ba674603954d338186dc999f6d1839090d49fde9416b3252365",
            "productDescription": ""
        },
        "priceData": {
            "bestPrice": "2.20",
            "price": "2.20",
            "pricePerLitre": 8.8,
            "bestPricePerLitre": 8.8
        },
        "store": {
            "id": "5e5ee6e1d7477678280819d5",
            "name": "Mangere Bridge"
        }
    },
    {
        "productData": {
            "name": "Live Plus Energy Drink Original Citrus Flavour 355ml",
            "productId": "live-plus-persist-glass-355ml",
            "productShopPage": "https://mangerebridge.store.freshchoice.co.nz/lines/live-plus-persist-glass-355ml",
            "productImageURL": "https://dtgxwmigmg3gc.cloudfront.net/imagery/assets/derivations/icon/512/512/true/eyJpZCI6ImYzMjZlMTdmMmI5ZGRjZGYzYmFmNzNiMWQzN2Y5NDI4Iiwic3RvcmFnZSI6InB1YmxpY19zdG9yZSJ9?signature=8fa31eb2b309e9c7a293ba2e7a7541e3cdc686b1d3f519044aa97c666ae5f630",
            "productDescription": ""
        },
        "priceData": {
            "bestPrice": "2.80",
            "price": "2.80",
            "pricePerLitre": 7.9,
            "bestPricePerLitre": 7.9
        },
        "store": {
            "id": "5e5ee6e1d7477678280819d5",
            "name": "Mangere Bridge"
        }
    },
    {
        "productData": {
            "name": "Live Plus Energy Drink Original Citrus Flavour 6 x 250ml",
            "productId": "live-plus-persist-250ml-6pack",
            "productShopPage": "https://mangerebridge.store.freshchoice.co.nz/lines/live-plus-persist-250ml-6pack",
            "productImageURL": "https://dtgxwmigmg3gc.cloudfront.net/imagery/assets/derivations/icon/512/512/true/eyJpZCI6IjNmODNiNGI4MzI4MzJmNzhjZmJhNDA1OGUyZWFlM2ZhIiwic3RvcmFnZSI6InB1YmxpY19zdG9yZSJ9?signature=0257f943d0c41562773e51cbd42327ad911228832e33494e9c30381e20305337",
            "productDescription": ""
        },
        "priceData": {
            "bestPrice": "7.70",
            "price": "7.70",
            "pricePerLitre": 5.1,
            "bestPricePerLitre": 5.1
        },
        "store": {
            "id": "5e5ee6e1d7477678280819d5",
            "name": "Mangere Bridge"
        }
    },
    {
        "productData": {
            "name": "Live Plus Energy Drink Persist Glass 355ml",
            "productId": "live-plus-energy-drink-persist-glass-355ml",
            "productShopPage": "https://mangerebridge.store.freshchoice.co.nz/lines/live-plus-energy-drink-persist-glass-355ml",
            "productImageURL": "https://dtgxwmigmg3gc.cloudfront.net/imagery/assets/derivations/icon/512/512/true/eyJpZCI6IjBiMjhiZTQ0NDk1ODBiZWI4NDRkY2JhM2MxZDdhOTMwIiwic3RvcmFnZSI6InB1YmxpY19zdG9yZSJ9?signature=62025738d86469fbbd64cd53b03b4beee6372d1fbd30b8a9c5708ffdafeebf0d",
            "productDescription": ""
        },
        "priceData": {
            "bestPrice": "2.80",
            "price": "2.80",
            "pricePerLitre": 7.9,
            "bestPricePerLitre": 7.9
        },
        "store": {
            "id": "5e5ee6e1d7477678280819d5",
            "name": "Mangere Bridge"
        }
    },
    {
        "productData": {
            "name": "Live Plus Live+ Ignite Energy Drink 6 x 250ml Cans",
            "productId": "live-plus-live-ignite-energy-drink-6x250ml-cans",
            "productShopPage": "https://mangerebridge.store.freshchoice.co.nz/lines/live-plus-live-ignite-energy-drink-6x250ml-cans",
            "productImageURL": "https://dtgxwmigmg3gc.cloudfront.net/imagery/assets/derivations/icon/512/512/true/eyJpZCI6Ijk5ZTU3ZDdlN2RjYzc0ZmZlOWY0NGQxMDdkYTI5ZDI5Iiwic3RvcmFnZSI6InB1YmxpY19zdG9yZSJ9?signature=16b8b1fb6c1dbc73b4d1f0110b7542a3259cd273e9b6adea8e6570f5158d8342",
            "productDescription": ""
        },
        "priceData": {
            "bestPrice": "6.00",
            "price": "6.00",
            "pricePerLitre": 4.0,
            "bestPricePerLitre": 4.0
        },
        "store": {
            "id": "5e5ee6e1d7477678280819d5",
            "name": "Mangere Bridge"
        }
    },
    {
        "productData": {
            "name": "Rockstar Punched Energy Guava 500ml",
            "productId": "rockstar-punched-energy-guava-500ml",
            "productShopPage": "https://mangerebridge.store.freshchoice.co.nz/lines/rockstar-punched-energy-guava-500ml",
            "productImageURL": "https://dtgxwmigmg3gc.cloudfront.net/imagery/assets/derivations/icon/512/512/true/eyJpZCI6IjBmNGEyNjU2MGQwM2Y4OGI4MWE3ZTMyODUzYTRlN2QyIiwic3RvcmFnZSI6InB1YmxpY19zdG9yZSJ9?signature=fab45ac774e74d87cf7a79de075f47290676fd6d4afcf212198c745670d5ce29",
            "productDescription": ""
        },
        "priceData": {
            "bestPrice": "2.00",
            "price": "2.00",
            "pricePerLitre": 4.0,
            "bestPricePerLitre": 4.0
        },
        "store": {
            "id": "5e5ee6e1d7477678280819d5",
            "name": "Mangere Bridge"
        }
    },
    {
        "productData": {
            "name": "Mother Kicked Apple 500ml",
            "productId": "mother-kicked-apple-500ml",
            "productShopPage": "https://omokoroa.store.freshchoice.co.nz/lines/mother-kicked-apple-500ml",
            "productImageURL": "https://dtgxwmigmg3gc.cloudfront.net/imagery/assets/derivations/icon/512/512/true/eyJpZCI6IjNhZTlkYjkwYTM4MDFjMGEwYjUwYThhMDAwYjkyZjM0Iiwic3RvcmFnZSI6InB1YmxpY19zdG9yZSJ9?signature=c1a1db0a5d7b074c388cf08560fd44a4a2b6127821554198e54eeea8474325f6",
            "productDescription": ""
        },
        "priceData": {
            "bestPrice": "2.00",
            "price": "2.00",
            "pricePerLitre": 4.0,
            "bestPricePerLitre": 4.0
        },
        "store": {
            "id": "5e53186bec28664752006212",
            "name": "Omokoroa"
        }
    },
    {
        "productData": {
            "name": "Monster Energy Ultra Paradise 500ml",
            "productId": "monster-energy-drink-ultra-paradise-500ml",
            "productShopPage": "https://omokoroa.store.freshchoice.co.nz/lines/monster-energy-drink-ultra-paradise-500ml",
            "productImageURL": "https://dtgxwmigmg3gc.cloudfront.net/imagery/assets/derivations/icon/512/512/true/eyJpZCI6ImZiZDRkZTQxNzA0M2FiYTUyMjMwZWI0NTcyZGNmYTE1Iiwic3RvcmFnZSI6InB1YmxpY19zdG9yZSJ9?signature=8a439bf26b71114289dfea1720ed331b1e4784c534deade29db8ac38b1cc7c1a",
            "productDescription": ""
        },
        "priceData": {
            "bestPrice": "3.00",
            "price": "3.00",
            "pricePerLitre": 6.0,
            "bestPricePerLitre": 6.0
        },
        "store": {
            "id": "5e53186bec28664752006212",
            "name": "Omokoroa"
        }
    },
    {
        "productData": {
            "name": "Monster Energy Ultra Zero 500ml",
            "productId": "monster-energy-ultra-zero-500ml",
            "productShopPage": "https://omokoroa.store.freshchoice.co.nz/lines/monster-energy-ultra-zero-500ml",
            "productImageURL": "https://dtgxwmigmg3gc.cloudfront.net/imagery/assets/derivations/icon/512/512/true/eyJpZCI6IjdhN2FhYTUwZWU2NTYwYjBiNGY1NThhMTgwNmVlODI3Iiwic3RvcmFnZSI6InB1YmxpY19zdG9yZSJ9?signature=7907c49ba7d043175a426f84a71776de7dd51fa5c249237063aca9cb098abdbe",
            "productDescription": ""
        },
        "priceData": {
            "bestPrice": "3.00",
            "price": "3.00",
            "pricePerLitre": 6.0,
            "bestPricePerLitre": 6.0
        },
        "store": {
            "id": "5e53186bec28664752006212",
            "name": "Omokoroa"
        }
    },
    {
        "productData": {
            "name": "Monster Energy Green 500ml",
            "productId": "monster-energy-green-500ml",
            "productShopPage": "https://omokoroa.store.freshchoice.co.nz/lines/monster-energy-green-500ml",
            "productImageURL": "https://dtgxwmigmg3gc.cloudfront.net/imagery/assets/derivations/icon/512/512/true/eyJpZCI6ImU3ZjNiNjJiNzI4Y2M0MTIxMjhiNjQ2ZmQ2OTQzMGEzIiwic3RvcmFnZSI6InB1YmxpY19zdG9yZSJ9?signature=637eac56411f57a79f345ea693f1418330d5742c3a04caddb460696dba06da06",
            "productDescription": ""
        },
        "priceData": {
            "bestPrice": "3.00",
            "price": "3.00",
            "pricePerLitre": 6.0,
            "bestPricePerLitre": 6.0
        },
        "store": {
            "id": "5e53186bec28664752006212",
            "name": "Omokoroa"
        }
    },
    {
        "productData": {
            "name": "Monster Energy Drink Ultra Rosa 500ml",
            "productId": "monster-energy-drink-ultra-rosa-500ml",
            "productShopPage": "https://omokoroa.store.freshchoice.co.nz/lines/monster-energy-drink-ultra-rosa-500ml",
            "productImageURL": "https://dtgxwmigmg3gc.cloudfront.net/imagery/assets/derivations/icon/512/512/true/eyJpZCI6IjZjYzFjMzcwYzM4Mzk4N2MyOTUzNWIyMTFjZTJlYjgxIiwic3RvcmFnZSI6InB1YmxpY19zdG9yZSJ9?signature=9cd08284785f9b24647ecc7d1dc08214d9d00318cc809bebdef1921d6b78bb95",
            "productDescription": ""
        },
        "priceData": {
            "bestPrice": "3.00",
            "price": "3.00",
            "pricePerLitre": 6.0,
            "bestPricePerLitre": 6.0
        },
        "store": {
            "id": "5e53186bec28664752006212",
            "name": "Omokoroa"
        }
    },
    {
        "productData": {
            "name": "Mother Energy Drink Berry 500ml",
            "productId": "mother-energy-drink-berry-500ml",
            "productShopPage": "https://omokoroa.store.freshchoice.co.nz/lines/mother-energy-drink-berry-500ml",
            "productImageURL": "https://dtgxwmigmg3gc.cloudfront.net/imagery/assets/derivations/icon/512/512/true/eyJpZCI6ImRhYTJlNjUzNzRjZjViNjI0ZDljNzUzNDA3YmE0ZDFkIiwic3RvcmFnZSI6InB1YmxpY19zdG9yZSJ9?signature=d9ffb465d71d599811c2ff7a788845bfe297eb3624ad7866a89cf0b3ece073f0",
            "productDescription": ""
        },
        "priceData": {
            "bestPrice": "2.00",
            "price": "2.00",
            "pricePerLitre": 4.0,
            "bestPricePerLitre": 4.0
        },
        "store": {
            "id": "5e53186bec28664752006212",
            "name": "Omokoroa"
        }
    },
    {
        "productData": {
            "name": "Mother Energy Drink Black 500ml",
            "productId": "mother-energy-drink-black-500ml",
            "productShopPage": "https://omokoroa.store.freshchoice.co.nz/lines/mother-energy-drink-black-500ml",
            "productImageURL": "https://dtgxwmigmg3gc.cloudfront.net/imagery/assets/derivations/icon/512/512/true/eyJpZCI6ImYyMzA5MjhkYjg3ODFhYmYzZDU3ZjE1YjNmYzU2MWFjIiwic3RvcmFnZSI6InB1YmxpY19zdG9yZSJ9?signature=d3dbddb83d3d457075cd5d8936bef0c5b48fce4fa3fe725995d8b6d57219ceb5",
            "productDescription": ""
        },
        "priceData": {
            "bestPrice": "2.00",
            "price": "2.00",
            "pricePerLitre": 4.0,
            "bestPricePerLitre": 4.0
        },
        "store": {
            "id": "5e53186bec28664752006212",
            "name": "Omokoroa"
        }
    },
    {
        "productData": {
            "name": "Mother Energy Drink Passion 500ml",
            "productId": "mother-energy-drink-passion-500ml",
            "productShopPage": "https://omokoroa.store.freshchoice.co.nz/lines/mother-energy-drink-passion-500ml",
            "productImageURL": "https://dtgxwmigmg3gc.cloudfront.net/imagery/assets/derivations/icon/512/512/true/eyJpZCI6ImQwODE2YTc4ZjBmNGU4NTU5Mzg1YjkxZmI5YjIzZjM0Iiwic3RvcmFnZSI6InB1YmxpY19zdG9yZSJ9?signature=713c495fef96a6427b917f0c7c7e855a963749ac5c1bf7dfd71e24ae08ea3123",
            "productDescription": ""
        },
        "priceData": {
            "bestPrice": "2.00",
            "price": "2.00",
            "pricePerLitre": 4.0,
            "bestPricePerLitre": 4.0
        },
        "store": {
            "id": "5e53186bec28664752006212",
            "name": "Omokoroa"
        }
    },
    {
        "productData": {
            "name": "Mother Tropical Blast 500ml",
            "productId": "mother-tropical-blast-500ml",
            "productShopPage": "https://omokoroa.store.freshchoice.co.nz/lines/mother-tropical-blast-500ml",
            "productImageURL": "https://dtgxwmigmg3gc.cloudfront.net/imagery/assets/derivations/icon/512/512/true/eyJpZCI6ImEyZmM1OTUwNDhlODM5YTRhMjQ2MTI1OGEyYzNlZWZhIiwic3RvcmFnZSI6InB1YmxpY19zdG9yZSJ9?signature=6c9470ee4067e8ec32b58eeac9d628404d3986058a9b1cdef46014d1bee50944",
            "productDescription": ""
        },
        "priceData": {
            "bestPrice": "2.00",
            "price": "2.00",
            "pricePerLitre": 4.0,
            "bestPricePerLitre": 4.0
        },
        "store": {
            "id": "5e53186bec28664752006212",
            "name": "Omokoroa"
        }
    },
    {
        "productData": {
            "name": "Mother Epic Swell Energy Drink Twisted Apple 500ml",
            "productId": "mother-epic-swell-energy-drink-twisted-apple-500ml",
            "productShopPage": "https://omokoroa.store.freshchoice.co.nz/lines/mother-epic-swell-energy-drink-twisted-apple-500ml",
            "productImageURL": "https://dtgxwmigmg3gc.cloudfront.net/imagery/assets/derivations/icon/512/512/true/eyJpZCI6ImE2ZjYxOGNhNjUyYzMxNzRhNjg2MDBhMGVjZmQ3MmJkIiwic3RvcmFnZSI6InB1YmxpY19zdG9yZSJ9?signature=954f74f8aba0fb24cb2a5248b1e93fe8a62fb8c7f902abbb08b7aed24bc44c80",
            "productDescription": ""
        },
        "priceData": {
            "bestPrice": "2.00",
            "price": "2.00",
            "pricePerLitre": 4.0,
            "bestPricePerLitre": 4.0
        },
        "store": {
            "id": "5e53186bec28664752006212",
            "name": "Omokoroa"
        }
    },
    {
        "productData": {
            "name": "Monster Energy Juice Mango Loco 500ml",
            "productId": "monster-energy-juice-mango-loco-500ml-can",
            "productShopPage": "https://omokoroa.store.freshchoice.co.nz/lines/monster-energy-juice-mango-loco-500ml-can",
            "productImageURL": "https://dtgxwmigmg3gc.cloudfront.net/imagery/assets/derivations/icon/512/512/true/eyJpZCI6ImUyNmIyNzdlMzJkOTg5NjI4YWYxYzg2MTU2MjI0ZjgzIiwic3RvcmFnZSI6InB1YmxpY19zdG9yZSJ9?signature=db65ff44183396e60e8f4c13003417fb1277f7685b136cf223d7701f7e945faf",
            "productDescription": ""
        },
        "priceData": {
            "bestPrice": "3.00",
            "price": "3.00",
            "pricePerLitre": 6.0,
            "bestPricePerLitre": 6.0
        },
        "store": {
            "id": "5e53186bec28664752006212",
            "name": "Omokoroa"
        }
    },
    {
        "productData": {
            "name": "V Energy Drink Guarana 500ml",
            "productId": "v-energy-drink-guarana-500ml",
            "productShopPage": "https://omokoroa.store.freshchoice.co.nz/lines/v-energy-drink-guarana-500ml",
            "productImageURL": "https://dtgxwmigmg3gc.cloudfront.net/imagery/assets/derivations/icon/512/512/true/eyJpZCI6IjgzZDAxMjhiMzg4NmEwZmE4YTE2ZjY2NWIzNmM2NzI2Iiwic3RvcmFnZSI6InB1YmxpY19zdG9yZSJ9?signature=f55ecc561066291a4e74a967db35ea2355f881bd1708bf400fd790032384ae4f",
            "productDescription": ""
        },
        "priceData": {
            "bestPrice": "3.80",
            "price": "3.80",
            "pricePerLitre": 7.6,
            "bestPricePerLitre": 7.6
        },
        "store": {
            "id": "5e53186bec28664752006212",
            "name": "Omokoroa"
        }
    },
    {
        "productData": {
            "name": "V Energy Drink Sugar Free Guarana 250ml",
            "productId": "v-energy-drink-sugar-free-guarana-250ml",
            "productShopPage": "https://omokoroa.store.freshchoice.co.nz/lines/v-energy-drink-sugar-free-guarana-250ml",
            "productImageURL": "https://dtgxwmigmg3gc.cloudfront.net/imagery/assets/derivations/icon/512/512/true/eyJpZCI6ImZiNzM1NmU4NTMyZDllODlkZTljZmNlOGY2MzQ5NGQwIiwic3RvcmFnZSI6InB1YmxpY19zdG9yZSJ9?signature=72b0ce0a48ca796717c115fe5e8b4564501470f63bf80ae865d26e9d131a2b8c",
            "productDescription": ""
        },
        "priceData": {
            "bestPrice": "2.20",
            "price": "2.20",
            "pricePerLitre": 8.8,
            "bestPricePerLitre": 8.8
        },
        "store": {
            "id": "5e53186bec28664752006212",
            "name": "Omokoroa"
        }
    },
    {
        "productData": {
            "name": "V Energy Drink Blue Guarana Spritzed 350ml",
            "productId": "v-blue-energy-drink-blue-guarana-spritzed-350ml",
            "productShopPage": "https://omokoroa.store.freshchoice.co.nz/lines/v-blue-energy-drink-blue-guarana-spritzed-350ml",
            "productImageURL": "https://dtgxwmigmg3gc.cloudfront.net/imagery/assets/derivations/icon/512/512/true/eyJpZCI6ImY2OTRlZGI4NjdlNWMzZDM5NzgzMDQ0ODFkMzUxZGZiIiwic3RvcmFnZSI6InB1YmxpY19zdG9yZSJ9?signature=591b3079cb9c2407a29b3bc348eaf42dc1d34daba5c9d7aba65be654725b6719",
            "productDescription": ""
        },
        "priceData": {
            "bestPrice": "2.30",
            "price": "2.30",
            "pricePerLitre": 10.0,
            "bestPricePerLitre": 10.0
        },
        "store": {
            "id": "5e53186bec28664752006212",
            "name": "Omokoroa"
        }
    },
    {
        "productData": {
            "name": "V Energy Drink Green Guarana 350ml",
            "productId": "v-energy-drink-green-guarana-350ml",
            "productShopPage": "https://omokoroa.store.freshchoice.co.nz/lines/v-energy-drink-green-guarana-350ml",
            "productImageURL": "https://dtgxwmigmg3gc.cloudfront.net/imagery/assets/derivations/icon/512/512/true/eyJpZCI6IjRiNjY4ZjYxOTQ2ODYyN2MzM2NiZWMyNGUyNmIyODk4Iiwic3RvcmFnZSI6InB1YmxpY19zdG9yZSJ9?signature=4cded9cb42349eef45a593461f311b1bb7fa881295733879671ad9fe9887d30c",
            "productDescription": ""
        },
        "priceData": {
            "bestPrice": "2.30",
            "price": "2.30",
            "pricePerLitre": 10.0,
            "bestPricePerLitre": 10.0
        },
        "store": {
            "id": "5e53186bec28664752006212",
            "name": "Omokoroa"
        }
    },
    {
        "productData": {
            "name": "V Energy Drink Guarana Can 250ml",
            "productId": "v-energy-drink-guarana-can-250ml",
            "productShopPage": "https://omokoroa.store.freshchoice.co.nz/lines/v-energy-drink-guarana-can-250ml",
            "productImageURL": "https://dtgxwmigmg3gc.cloudfront.net/imagery/assets/derivations/icon/512/512/true/eyJpZCI6Ijc3Nzk1NjE2ZDhhNmFiMThhYzEzODYzOTg2ZmNkNzgwIiwic3RvcmFnZSI6InB1YmxpY19zdG9yZSJ9?signature=f5de1854d43e19cc62bff86893d4a55615cd916f8425a4dccd170b52eba81255",
            "productDescription": ""
        },
        "priceData": {
            "bestPrice": "2.20",
            "price": "2.20",
            "pricePerLitre": 8.8,
            "bestPricePerLitre": 8.8
        },
        "store": {
            "id": "5e53186bec28664752006212",
            "name": "Omokoroa"
        }
    },
    {
        "productData": {
            "name": "V Energy Drink Guarana Can 500ml",
            "productId": "v-energy-drink-guarana-can-500ml",
            "productShopPage": "https://omokoroa.store.freshchoice.co.nz/lines/v-energy-drink-guarana-can-500ml",
            "productImageURL": "https://dtgxwmigmg3gc.cloudfront.net/imagery/assets/derivations/icon/512/512/true/eyJpZCI6ImI0NjgzNGZjNDRkMjU0MjgzYzJjZGNhMzA2NWIxYjA5Iiwic3RvcmFnZSI6InB1YmxpY19zdG9yZSJ9?signature=265e8273409849423466e7623cbbdf8352940707b8830803eec391e8f32c9c5f",
            "productDescription": ""
        },
        "priceData": {
            "bestPrice": "3.50",
            "price": "3.50",
            "pricePerLitre": 7.0,
            "bestPricePerLitre": 7.0
        },
        "store": {
            "id": "5e53186bec28664752006212",
            "name": "Omokoroa"
        }
    },
    {
        "productData": {
            "name": "V Energy Drink Sugar Free Guarana 500ml",
            "productId": "v-energy-drink-sugar-free-guarana-500ml",
            "productShopPage": "https://omokoroa.store.freshchoice.co.nz/lines/v-energy-drink-sugar-free-guarana-500ml",
            "productImageURL": "https://dtgxwmigmg3gc.cloudfront.net/imagery/assets/derivations/icon/512/512/true/eyJpZCI6Ijg4MGExMDYxOTY4NTJiYzM1ZTExMmU2MGE2OWYxNDE3Iiwic3RvcmFnZSI6InB1YmxpY19zdG9yZSJ9?signature=b0536d25b9da8158705e24c88e21fabbf85c1dabc19f18108c386e956ffd7045",
            "productDescription": ""
        },
        "priceData": {
            "bestPrice": "3.50",
            "price": "3.50",
            "pricePerLitre": 7.0,
            "bestPricePerLitre": 7.0
        },
        "store": {
            "id": "5e53186bec28664752006212",
            "name": "Omokoroa"
        }
    },
    {
        "productData": {
            "name": "V Blue Energy Drink Bottle 500ml",
            "productId": "v-blue-energy-drink-bottle-500ml",
            "productShopPage": "https://omokoroa.store.freshchoice.co.nz/lines/v-blue-energy-drink-bottle-500ml",
            "productImageURL": "https://dtgxwmigmg3gc.cloudfront.net/imagery/assets/derivations/icon/512/512/true/eyJpZCI6IjgyYWYxYWY4MGI4MzUxODhiYmVhZGVhM2U2NzY0MzI5Iiwic3RvcmFnZSI6InB1YmxpY19zdG9yZSJ9?signature=7e70fc576864a528a1431734d680cbf177a11b419a692dbfd34800c31b8944ec",
            "productDescription": ""
        },
        "priceData": {
            "bestPrice": "3.80",
            "price": "3.80",
            "pricePerLitre": 7.6,
            "bestPricePerLitre": 7.6
        },
        "store": {
            "id": "5e53186bec28664752006212",
            "name": "Omokoroa"
        }
    },
    {
        "productData": {
            "name": "V Blue Sugarfree Energy Drink 500ml",
            "productId": "v-blue-sugarfree-energy-drink-500ml",
            "productShopPage": "https://omokoroa.store.freshchoice.co.nz/lines/v-blue-sugarfree-energy-drink-500ml",
            "productImageURL": "https://dtgxwmigmg3gc.cloudfront.net/imagery/assets/derivations/icon/512/512/true/eyJpZCI6ImVmYjQyOWRmM2JjZjc3NTY1ZDIwMTEyNTY0MDdmZjA1Iiwic3RvcmFnZSI6InB1YmxpY19zdG9yZSJ9?signature=2911d59474d8305039a3be3bef0f887c38d9ab84596314b13cc4b150101175ab",
            "productDescription": ""
        },
        "priceData": {
            "bestPrice": "3.50",
            "price": "3.50",
            "pricePerLitre": 7.0,
            "bestPricePerLitre": 7.0
        },
        "store": {
            "id": "5e53186bec28664752006212",
            "name": "Omokoroa"
        }
    },
    {
        "productData": {
            "name": "V Raspberry Lemonade Energy Drink 500ml",
            "productId": "v-energy-drink-raspberry-lemonade-500ml-can",
            "productShopPage": "https://omokoroa.store.freshchoice.co.nz/lines/v-energy-drink-raspberry-lemonade-500ml-can",
            "productImageURL": "https://dtgxwmigmg3gc.cloudfront.net/imagery/assets/derivations/icon/512/512/true/eyJpZCI6ImE3N2Y5NzBmY2FhOWZhYmZiOTc3MmYyMzE4MGRiOTcxIiwic3RvcmFnZSI6InB1YmxpY19zdG9yZSJ9?signature=2bb7890fe6d7b0c0c6a522be31c78077be0aa570ca4c8aa5549ccf80761262dc",
            "productDescription": ""
        },
        "priceData": {
            "bestPrice": "3.50",
            "price": "3.50",
            "pricePerLitre": 7.0,
            "bestPricePerLitre": 7.0
        },
        "store": {
            "id": "5e53186bec28664752006212",
            "name": "Omokoroa"
        }
    },
    {
        "productData": {
            "name": "V Blue Energy Drink Blue Guarana Can 250ml",
            "productId": "v-blue-energy-drink-blue-guarana-can-250ml",
            "productShopPage": "https://omokoroa.store.freshchoice.co.nz/lines/v-blue-energy-drink-blue-guarana-can-250ml",
            "productImageURL": "https://dtgxwmigmg3gc.cloudfront.net/imagery/assets/derivations/icon/512/512/true/eyJpZCI6IjBmZjQwNDEyZWQ2ZDk4YTg3YWQ2ZDUyMWZlNjM1YzJkIiwic3RvcmFnZSI6InB1YmxpY19zdG9yZSJ9?signature=8f745abe5614ec47b3d7a07f1a34ba529184a87b2a696211ba5a0f9f29c86bf0",
            "productDescription": ""
        },
        "priceData": {
            "bestPrice": "2.20",
            "price": "2.20",
            "pricePerLitre": 8.8,
            "bestPricePerLitre": 8.8
        },
        "store": {
            "id": "5e53186bec28664752006212",
            "name": "Omokoroa"
        }
    },
    {
        "productData": {
            "name": "V Blue Energy Drink Blue Guarana Can 500ml",
            "productId": "v-blue-energy-drink-blue-guarana-can-500ml",
            "productShopPage": "https://omokoroa.store.freshchoice.co.nz/lines/v-blue-energy-drink-blue-guarana-can-500ml",
            "productImageURL": "https://dtgxwmigmg3gc.cloudfront.net/imagery/assets/derivations/icon/512/512/true/eyJpZCI6ImFmYjEyYjVjYTU2YWI5ZDJhMTVmNGY2MDg2NWFlNzgxIiwic3RvcmFnZSI6InB1YmxpY19zdG9yZSJ9?signature=b537a8cc5a2c0f90f1702b2c541db44c3a740a0ec4a96e92ab2d6537f9320e8d",
            "productDescription": ""
        },
        "priceData": {
            "bestPrice": "3.50",
            "price": "3.50",
            "pricePerLitre": 7.0,
            "bestPricePerLitre": 7.0
        },
        "store": {
            "id": "5e53186bec28664752006212",
            "name": "Omokoroa"
        }
    },
    {
        "productData": {
            "name": "V Pure Energy Drink Bottle 330ml",
            "productId": "v-pure-330ml-bottle",
            "productShopPage": "https://omokoroa.store.freshchoice.co.nz/lines/v-pure-330ml-bottle",
            "productImageURL": "https://dtgxwmigmg3gc.cloudfront.net/imagery/assets/derivations/icon/512/512/true/eyJpZCI6ImFjZmFlNGE1MmQ1ZmNhOTVhN2IyNzdhOGQ3ZTBjNTY0Iiwic3RvcmFnZSI6InB1YmxpY19zdG9yZSJ9?signature=ff03797de044ef70d02854192249a79b3cd819353c7171ef7358378e76bfc089",
            "productDescription": ""
        },
        "priceData": {
            "bestPrice": "3.50",
            "price": "3.50",
            "pricePerLitre": 10.600000000000001,
            "bestPricePerLitre": 10.600000000000001
        },
        "store": {
            "id": "5e53186bec28664752006212",
            "name": "Omokoroa"
        }
    },
    {
        "productData": {
            "name": "Monster Super Fuel Zero Sugar 550ml",
            "productId": "monster-super-fuel-zero-sugar-550ml",
            "productShopPage": "https://omokoroa.store.freshchoice.co.nz/lines/monster-super-fuel-zero-sugar-550ml",
            "productImageURL": "https://dtgxwmigmg3gc.cloudfront.net/imagery/assets/derivations/icon/512/512/true/eyJpZCI6IjRkOTE3NzhmODIxNDI1ZDJjNDg3Yjc0M2YyMzEyYmYxIiwic3RvcmFnZSI6InB1YmxpY19zdG9yZSJ9?signature=4b9dbd15c40f85466e597873c567f989183b284947e8c8dc4df58667789214a2",
            "productDescription": ""
        },
        "priceData": {
            "bestPrice": "4.00",
            "price": "4.00",
            "pricePerLitre": 7.3,
            "bestPricePerLitre": 7.3
        },
        "store": {
            "id": "5e53186bec28664752006212",
            "name": "Omokoroa"
        }
    },
    {
        "productData": {
            "name": "Monster Super Fuel Purple Passion 550ml",
            "productId": "monster-super-fuel-purple-passion-550ml",
            "productShopPage": "https://omokoroa.store.freshchoice.co.nz/lines/monster-super-fuel-purple-passion-550ml",
            "productImageURL": "https://dtgxwmigmg3gc.cloudfront.net/imagery/assets/derivations/icon/512/512/true/eyJpZCI6IjNkMTY1OTQwMzgyOTZjZjVlMjNlNjBjMDQ3NTE1YWM0Iiwic3RvcmFnZSI6InB1YmxpY19zdG9yZSJ9?signature=4d4ccd77dab941d955a8037242a41833afdc7251d3bd5b5c4b99705770273998",
            "productDescription": ""
        },
        "priceData": {
            "bestPrice": "4.00",
            "price": "4.00",
            "pricePerLitre": 7.3,
            "bestPricePerLitre": 7.3
        },
        "store": {
            "id": "5e53186bec28664752006212",
            "name": "Omokoroa"
        }
    },
    {
        "productData": {
            "name": "Monster Energy Pipeline Punch 500ml",
            "productId": "monster-energy-pipeline-punch-500ml",
            "productShopPage": "https://omokoroa.store.freshchoice.co.nz/lines/monster-energy-pipeline-punch-500ml",
            "productImageURL": "https://dtgxwmigmg3gc.cloudfront.net/imagery/assets/derivations/icon/512/512/true/eyJpZCI6IjM3ZWY2OTY5OWFlNTJlZTRjNTY1ZmFmYWIwOTIxMjg4Iiwic3RvcmFnZSI6InB1YmxpY19zdG9yZSJ9?signature=79ed6699c35bd716a9d5d9457c39ce62c523edaa4059b6b45d4dcc7caf65cef9",
            "productDescription": ""
        },
        "priceData": {
            "bestPrice": "3.00",
            "price": "3.00",
            "pricePerLitre": 6.0,
            "bestPricePerLitre": 6.0
        },
        "store": {
            "id": "5e53186bec28664752006212",
            "name": "Omokoroa"
        }
    },
    {
        "productData": {
            "name": "Live Plus Energy Drink Citrus Flavour 500ml",
            "productId": "live-plus-persist-500ml",
            "productShopPage": "https://omokoroa.store.freshchoice.co.nz/lines/live-plus-persist-500ml",
            "productImageURL": "https://dtgxwmigmg3gc.cloudfront.net/imagery/assets/derivations/icon/512/512/true/eyJpZCI6IjFlNWQ5YzI4OWM1N2UzNmYzZmI2NThlMDQzZTI3ZjE4Iiwic3RvcmFnZSI6InB1YmxpY19zdG9yZSJ9?signature=756b17fefe47174b90e7dbec8cd09db27f9f59f4994bc750b71256ae93ba9fa8",
            "productDescription": ""
        },
        "priceData": {
            "bestPrice": "2.00",
            "price": "2.00",
            "pricePerLitre": 4.0,
            "bestPricePerLitre": 4.0
        },
        "store": {
            "id": "5e53186bec28664752006212",
            "name": "Omokoroa"
        }
    },
    {
        "productData": {
            "name": "Live Plus Energy Drink Tart Apple Apple Flavour 500ml",
            "productId": "live-plus-ignite-500ml",
            "productShopPage": "https://omokoroa.store.freshchoice.co.nz/lines/live-plus-ignite-500ml",
            "productImageURL": "https://dtgxwmigmg3gc.cloudfront.net/imagery/assets/derivations/icon/512/512/true/eyJpZCI6IjViOGViZjhmZTQzYjFlYTMzNDM5YjJjMjg3ZDRmY2YyIiwic3RvcmFnZSI6InB1YmxpY19zdG9yZSJ9?signature=140ae19352cd0dcec7e77f90fa4dfaa9fa17086439f730510afc5d906e1415bf",
            "productDescription": ""
        },
        "priceData": {
            "bestPrice": "2.00",
            "price": "2.00",
            "pricePerLitre": 4.0,
            "bestPricePerLitre": 4.0
        },
        "store": {
            "id": "5e53186bec28664752006212",
            "name": "Omokoroa"
        }
    },
    {
        "productData": {
            "name": "V Guarana Energy Drink Blue Sugarfree 250ml",
            "productId": "v-blue-sugarfree-energy-drink-250ml",
            "productShopPage": "https://omokoroa.store.freshchoice.co.nz/lines/v-blue-sugarfree-energy-drink-250ml",
            "productImageURL": "https://dtgxwmigmg3gc.cloudfront.net/imagery/assets/derivations/icon/512/512/true/eyJpZCI6IjI3YWJiOTVhYjNhMjEwMDU2MWJhMmRhNTM3YjRhZjVmIiwic3RvcmFnZSI6InB1YmxpY19zdG9yZSJ9?signature=66769306ca1d0ba674603954d338186dc999f6d1839090d49fde9416b3252365",
            "productDescription": ""
        },
        "priceData": {
            "bestPrice": "2.20",
            "price": "2.20",
            "pricePerLitre": 8.8,
            "bestPricePerLitre": 8.8
        },
        "store": {
            "id": "5e53186bec28664752006212",
            "name": "Omokoroa"
        }
    },
    {
        "productData": {
            "name": "Live Plus Energy Drink Original Citrus Flavour 355ml",
            "productId": "live-plus-persist-glass-355ml",
            "productShopPage": "https://omokoroa.store.freshchoice.co.nz/lines/live-plus-persist-glass-355ml",
            "productImageURL": "https://dtgxwmigmg3gc.cloudfront.net/imagery/assets/derivations/icon/512/512/true/eyJpZCI6ImYzMjZlMTdmMmI5ZGRjZGYzYmFmNzNiMWQzN2Y5NDI4Iiwic3RvcmFnZSI6InB1YmxpY19zdG9yZSJ9?signature=8fa31eb2b309e9c7a293ba2e7a7541e3cdc686b1d3f519044aa97c666ae5f630",
            "productDescription": ""
        },
        "priceData": {
            "bestPrice": "2.80",
            "price": "2.80",
            "pricePerLitre": 7.9,
            "bestPricePerLitre": 7.9
        },
        "store": {
            "id": "5e53186bec28664752006212",
            "name": "Omokoroa"
        }
    },
    {
        "productData": {
            "name": "Live Plus Energy Drink Original Citrus Flavour 6 x 250ml",
            "productId": "live-plus-persist-250ml-6pack",
            "productShopPage": "https://omokoroa.store.freshchoice.co.nz/lines/live-plus-persist-250ml-6pack",
            "productImageURL": "https://dtgxwmigmg3gc.cloudfront.net/imagery/assets/derivations/icon/512/512/true/eyJpZCI6IjNmODNiNGI4MzI4MzJmNzhjZmJhNDA1OGUyZWFlM2ZhIiwic3RvcmFnZSI6InB1YmxpY19zdG9yZSJ9?signature=0257f943d0c41562773e51cbd42327ad911228832e33494e9c30381e20305337",
            "productDescription": ""
        },
        "priceData": {
            "bestPrice": "7.70",
            "price": "7.70",
            "pricePerLitre": 5.1,
            "bestPricePerLitre": 5.1
        },
        "store": {
            "id": "5e53186bec28664752006212",
            "name": "Omokoroa"
        }
    },
    {
        "productData": {
            "name": "Rockstar Punched Energy Guava 500ml",
            "productId": "rockstar-punched-energy-guava-500ml",
            "productShopPage": "https://omokoroa.store.freshchoice.co.nz/lines/rockstar-punched-energy-guava-500ml",
            "productImageURL": "https://dtgxwmigmg3gc.cloudfront.net/imagery/assets/derivations/icon/512/512/true/eyJpZCI6IjBmNGEyNjU2MGQwM2Y4OGI4MWE3ZTMyODUzYTRlN2QyIiwic3RvcmFnZSI6InB1YmxpY19zdG9yZSJ9?signature=fab45ac774e74d87cf7a79de075f47290676fd6d4afcf212198c745670d5ce29",
            "productDescription": ""
        },
        "priceData": {
            "bestPrice": "2.00",
            "price": "2.00",
            "pricePerLitre": 4.0,
            "bestPricePerLitre": 4.0
        },
        "store": {
            "id": "5e53186bec28664752006212",
            "name": "Omokoroa"
        }
    },
    {
        "productData": {
            "name": "Mother Kicked Apple 500ml",
            "productId": "mother-kicked-apple-500ml",
            "productShopPage": "https://otahuhu.store.freshchoice.co.nz/lines/mother-kicked-apple-500ml",
            "productImageURL": "https://dtgxwmigmg3gc.cloudfront.net/imagery/assets/derivations/icon/512/512/true/eyJpZCI6IjNhZTlkYjkwYTM4MDFjMGEwYjUwYThhMDAwYjkyZjM0Iiwic3RvcmFnZSI6InB1YmxpY19zdG9yZSJ9?signature=c1a1db0a5d7b074c388cf08560fd44a4a2b6127821554198e54eeea8474325f6",
            "productDescription": ""
        },
        "priceData": {
            "bestPrice": "2.00",
            "price": "2.00",
            "pricePerLitre": 4.0,
            "bestPricePerLitre": 4.0
        },
        "store": {
            "id": "5e792d341db5f504de06f265",
            "name": "Otahuhu"
        }
    },
    {
        "productData": {
            "name": "Monster Energy Import 550ml",
            "productId": "monster-energy-import-550ml",
            "productShopPage": "https://otahuhu.store.freshchoice.co.nz/lines/monster-energy-import-550ml",
            "productImageURL": "https://dtgxwmigmg3gc.cloudfront.net/imagery/assets/derivations/icon/512/512/true/eyJpZCI6IjExYzliZTgxY2M3MTNjMDQzM2NmZGQ2ZWE1NjI3MTA0Iiwic3RvcmFnZSI6InB1YmxpY19zdG9yZSJ9?signature=e09322a0a00112a858095e689d2e825f79d154fd3e8577005948dde9d51afb47",
            "productDescription": ""
        },
        "priceData": {
            "bestPrice": "3.39",
            "price": "3.39"
        },
        "store": {
            "id": "5e792d341db5f504de06f265",
            "name": "Otahuhu"
        }
    },
    {
        "productData": {
            "name": "Monster Energy Ultra Paradise 500ml",
            "productId": "monster-energy-drink-ultra-paradise-500ml",
            "productShopPage": "https://otahuhu.store.freshchoice.co.nz/lines/monster-energy-drink-ultra-paradise-500ml",
            "productImageURL": "https://dtgxwmigmg3gc.cloudfront.net/imagery/assets/derivations/icon/512/512/true/eyJpZCI6ImZiZDRkZTQxNzA0M2FiYTUyMjMwZWI0NTcyZGNmYTE1Iiwic3RvcmFnZSI6InB1YmxpY19zdG9yZSJ9?signature=8a439bf26b71114289dfea1720ed331b1e4784c534deade29db8ac38b1cc7c1a",
            "productDescription": ""
        },
        "priceData": {
            "bestPrice": "3.00",
            "price": "3.00",
            "pricePerLitre": 6.0,
            "bestPricePerLitre": 6.0
        },
        "store": {
            "id": "5e792d341db5f504de06f265",
            "name": "Otahuhu"
        }
    },
    {
        "productData": {
            "name": "Monster Energy Ultra Zero 500ml",
            "productId": "monster-energy-ultra-zero-500ml",
            "productShopPage": "https://otahuhu.store.freshchoice.co.nz/lines/monster-energy-ultra-zero-500ml",
            "productImageURL": "https://dtgxwmigmg3gc.cloudfront.net/imagery/assets/derivations/icon/512/512/true/eyJpZCI6IjdhN2FhYTUwZWU2NTYwYjBiNGY1NThhMTgwNmVlODI3Iiwic3RvcmFnZSI6InB1YmxpY19zdG9yZSJ9?signature=7907c49ba7d043175a426f84a71776de7dd51fa5c249237063aca9cb098abdbe",
            "productDescription": ""
        },
        "priceData": {
            "bestPrice": "3.00",
            "price": "3.00",
            "pricePerLitre": 6.0,
            "bestPricePerLitre": 6.0
        },
        "store": {
            "id": "5e792d341db5f504de06f265",
            "name": "Otahuhu"
        }
    },
    {
        "productData": {
            "name": "Monster Energy Green 500ml",
            "productId": "monster-energy-green-500ml",
            "productShopPage": "https://otahuhu.store.freshchoice.co.nz/lines/monster-energy-green-500ml",
            "productImageURL": "https://dtgxwmigmg3gc.cloudfront.net/imagery/assets/derivations/icon/512/512/true/eyJpZCI6ImU3ZjNiNjJiNzI4Y2M0MTIxMjhiNjQ2ZmQ2OTQzMGEzIiwic3RvcmFnZSI6InB1YmxpY19zdG9yZSJ9?signature=637eac56411f57a79f345ea693f1418330d5742c3a04caddb460696dba06da06",
            "productDescription": ""
        },
        "priceData": {
            "bestPrice": "3.00",
            "price": "3.00",
            "pricePerLitre": 6.0,
            "bestPricePerLitre": 6.0
        },
        "store": {
            "id": "5e792d341db5f504de06f265",
            "name": "Otahuhu"
        }
    },
    {
        "productData": {
            "name": "Monster Energy Drink Ultra Rosa 500ml",
            "productId": "monster-energy-drink-ultra-rosa-500ml",
            "productShopPage": "https://otahuhu.store.freshchoice.co.nz/lines/monster-energy-drink-ultra-rosa-500ml",
            "productImageURL": "https://dtgxwmigmg3gc.cloudfront.net/imagery/assets/derivations/icon/512/512/true/eyJpZCI6IjZjYzFjMzcwYzM4Mzk4N2MyOTUzNWIyMTFjZTJlYjgxIiwic3RvcmFnZSI6InB1YmxpY19zdG9yZSJ9?signature=9cd08284785f9b24647ecc7d1dc08214d9d00318cc809bebdef1921d6b78bb95",
            "productDescription": ""
        },
        "priceData": {
            "bestPrice": "3.00",
            "price": "3.00",
            "pricePerLitre": 6.0,
            "bestPricePerLitre": 6.0
        },
        "store": {
            "id": "5e792d341db5f504de06f265",
            "name": "Otahuhu"
        }
    },
    {
        "productData": {
            "name": "Mother Energy Drink Berry 500ml",
            "productId": "mother-energy-drink-berry-500ml",
            "productShopPage": "https://otahuhu.store.freshchoice.co.nz/lines/mother-energy-drink-berry-500ml",
            "productImageURL": "https://dtgxwmigmg3gc.cloudfront.net/imagery/assets/derivations/icon/512/512/true/eyJpZCI6ImRhYTJlNjUzNzRjZjViNjI0ZDljNzUzNDA3YmE0ZDFkIiwic3RvcmFnZSI6InB1YmxpY19zdG9yZSJ9?signature=d9ffb465d71d599811c2ff7a788845bfe297eb3624ad7866a89cf0b3ece073f0",
            "productDescription": ""
        },
        "priceData": {
            "bestPrice": "2.00",
            "price": "2.00",
            "pricePerLitre": 4.0,
            "bestPricePerLitre": 4.0
        },
        "store": {
            "id": "5e792d341db5f504de06f265",
            "name": "Otahuhu"
        }
    },
    {
        "productData": {
            "name": "Mother Energy Drink Black 500ml",
            "productId": "mother-energy-drink-black-500ml",
            "productShopPage": "https://otahuhu.store.freshchoice.co.nz/lines/mother-energy-drink-black-500ml",
            "productImageURL": "https://dtgxwmigmg3gc.cloudfront.net/imagery/assets/derivations/icon/512/512/true/eyJpZCI6ImYyMzA5MjhkYjg3ODFhYmYzZDU3ZjE1YjNmYzU2MWFjIiwic3RvcmFnZSI6InB1YmxpY19zdG9yZSJ9?signature=d3dbddb83d3d457075cd5d8936bef0c5b48fce4fa3fe725995d8b6d57219ceb5",
            "productDescription": ""
        },
        "priceData": {
            "bestPrice": "2.00",
            "price": "2.00",
            "pricePerLitre": 4.0,
            "bestPricePerLitre": 4.0
        },
        "store": {
            "id": "5e792d341db5f504de06f265",
            "name": "Otahuhu"
        }
    },
    {
        "productData": {
            "name": "Mother Energy Drink Cans 6x250ml",
            "productId": "mother-energy-drink-6x250ml-cans",
            "productShopPage": "https://otahuhu.store.freshchoice.co.nz/lines/mother-energy-drink-6x250ml-cans",
            "productImageURL": "https://dtgxwmigmg3gc.cloudfront.net/imagery/assets/derivations/icon/512/512/true/eyJpZCI6IjEyOGFhMmU0Y2VkYTU4ZWFkZmVhOWUwZjdlNTZhOTA4Iiwic3RvcmFnZSI6InB1YmxpY19zdG9yZSJ9?signature=5db1908f64527cf28fa7bf3266a83ab854a07ca50453511f7d414d8e6d5c10fb",
            "productDescription": ""
        },
        "priceData": {
            "bestPrice": "7.70",
            "price": "7.70",
            "pricePerLitre": 5.1,
            "bestPricePerLitre": 5.1
        },
        "store": {
            "id": "5e792d341db5f504de06f265",
            "name": "Otahuhu"
        }
    },
    {
        "productData": {
            "name": "Mother Energy Drink Passion 500ml",
            "productId": "mother-energy-drink-passion-500ml",
            "productShopPage": "https://otahuhu.store.freshchoice.co.nz/lines/mother-energy-drink-passion-500ml",
            "productImageURL": "https://dtgxwmigmg3gc.cloudfront.net/imagery/assets/derivations/icon/512/512/true/eyJpZCI6ImQwODE2YTc4ZjBmNGU4NTU5Mzg1YjkxZmI5YjIzZjM0Iiwic3RvcmFnZSI6InB1YmxpY19zdG9yZSJ9?signature=713c495fef96a6427b917f0c7c7e855a963749ac5c1bf7dfd71e24ae08ea3123",
            "productDescription": ""
        },
        "priceData": {
            "bestPrice": "2.00",
            "price": "2.00",
            "pricePerLitre": 4.0,
            "bestPricePerLitre": 4.0
        },
        "store": {
            "id": "5e792d341db5f504de06f265",
            "name": "Otahuhu"
        }
    },
    {
        "productData": {
            "name": "Mother Tropical Blast 500ml",
            "productId": "mother-tropical-blast-500ml",
            "productShopPage": "https://otahuhu.store.freshchoice.co.nz/lines/mother-tropical-blast-500ml",
            "productImageURL": "https://dtgxwmigmg3gc.cloudfront.net/imagery/assets/derivations/icon/512/512/true/eyJpZCI6ImEyZmM1OTUwNDhlODM5YTRhMjQ2MTI1OGEyYzNlZWZhIiwic3RvcmFnZSI6InB1YmxpY19zdG9yZSJ9?signature=6c9470ee4067e8ec32b58eeac9d628404d3986058a9b1cdef46014d1bee50944",
            "productDescription": ""
        },
        "priceData": {
            "bestPrice": "2.00",
            "price": "2.00",
            "pricePerLitre": 4.0,
            "bestPricePerLitre": 4.0
        },
        "store": {
            "id": "5e792d341db5f504de06f265",
            "name": "Otahuhu"
        }
    },
    {
        "productData": {
            "name": "Mother Can Energy 250ml",
            "productId": "mother-can-energy-250ml",
            "productShopPage": "https://otahuhu.store.freshchoice.co.nz/lines/mother-can-energy-250ml",
            "productImageURL": "https://dtgxwmigmg3gc.cloudfront.net/imagery/assets/derivations/icon/512/512/true/eyJpZCI6IjVhOTg3YmMxMjJjMGU2MTcxY2VhNzRjMmY0YzdmNDc2Iiwic3RvcmFnZSI6InB1YmxpY19zdG9yZSJ9?signature=b86ce206a3fb5a708e03da17f785e4d2d6e9436aae122f10ca04f56e5325a61f",
            "productDescription": ""
        },
        "priceData": {
            "bestPrice": "2.39",
            "price": "2.39",
            "pricePerLitre": 9.6,
            "bestPricePerLitre": 9.6
        },
        "store": {
            "id": "5e792d341db5f504de06f265",
            "name": "Otahuhu"
        }
    },
    {
        "productData": {
            "name": "Mother Epic Swell Energy Drink Twisted Apple 500ml",
            "productId": "mother-epic-swell-energy-drink-twisted-apple-500ml",
            "productShopPage": "https://otahuhu.store.freshchoice.co.nz/lines/mother-epic-swell-energy-drink-twisted-apple-500ml",
            "productImageURL": "https://dtgxwmigmg3gc.cloudfront.net/imagery/assets/derivations/icon/512/512/true/eyJpZCI6ImE2ZjYxOGNhNjUyYzMxNzRhNjg2MDBhMGVjZmQ3MmJkIiwic3RvcmFnZSI6InB1YmxpY19zdG9yZSJ9?signature=954f74f8aba0fb24cb2a5248b1e93fe8a62fb8c7f902abbb08b7aed24bc44c80",
            "productDescription": ""
        },
        "priceData": {
            "bestPrice": "2.00",
            "price": "2.00",
            "pricePerLitre": 4.0,
            "bestPricePerLitre": 4.0
        },
        "store": {
            "id": "5e792d341db5f504de06f265",
            "name": "Otahuhu"
        }
    },
    {
        "productData": {
            "name": "Monster Energy Juice Mango Loco 500ml",
            "productId": "monster-energy-juice-mango-loco-500ml-can",
            "productShopPage": "https://otahuhu.store.freshchoice.co.nz/lines/monster-energy-juice-mango-loco-500ml-can",
            "productImageURL": "https://dtgxwmigmg3gc.cloudfront.net/imagery/assets/derivations/icon/512/512/true/eyJpZCI6ImUyNmIyNzdlMzJkOTg5NjI4YWYxYzg2MTU2MjI0ZjgzIiwic3RvcmFnZSI6InB1YmxpY19zdG9yZSJ9?signature=db65ff44183396e60e8f4c13003417fb1277f7685b136cf223d7701f7e945faf",
            "productDescription": ""
        },
        "priceData": {
            "bestPrice": "3.00",
            "price": "3.00",
            "pricePerLitre": 6.0,
            "bestPricePerLitre": 6.0
        },
        "store": {
            "id": "5e792d341db5f504de06f265",
            "name": "Otahuhu"
        }
    },
    {
        "productData": {
            "name": "V Energy Drink 710ml Can",
            "productId": "v-energy-drink-710ml-can",
            "productShopPage": "https://otahuhu.store.freshchoice.co.nz/lines/v-energy-drink-710ml-can",
            "productImageURL": "https://dtgxwmigmg3gc.cloudfront.net/imagery/assets/derivations/icon/512/512/true/eyJpZCI6ImU1Mjg5NDIyNDI0MzhlNGM0N2IxY2FmMmExOWQ0OGI0Iiwic3RvcmFnZSI6InB1YmxpY19zdG9yZSJ9?signature=875386458f8ad66eb59967a1ca6ad24a19d1592f97a894e439af7d9be1852340",
            "productDescription": ""
        },
        "priceData": {
            "bestPrice": "3.99",
            "price": "3.99",
            "pricePerLitre": 5.6000000000000005,
            "bestPricePerLitre": 5.6000000000000005
        },
        "store": {
            "id": "5e792d341db5f504de06f265",
            "name": "Otahuhu"
        }
    },
    {
        "productData": {
            "name": "V Energy Drink Guarana 500ml",
            "productId": "v-energy-drink-guarana-500ml",
            "productShopPage": "https://otahuhu.store.freshchoice.co.nz/lines/v-energy-drink-guarana-500ml",
            "productImageURL": "https://dtgxwmigmg3gc.cloudfront.net/imagery/assets/derivations/icon/512/512/true/eyJpZCI6IjgzZDAxMjhiMzg4NmEwZmE4YTE2ZjY2NWIzNmM2NzI2Iiwic3RvcmFnZSI6InB1YmxpY19zdG9yZSJ9?signature=f55ecc561066291a4e74a967db35ea2355f881bd1708bf400fd790032384ae4f",
            "productDescription": ""
        },
        "priceData": {
            "bestPrice": "3.80",
            "price": "3.80",
            "pricePerLitre": 7.6,
            "bestPricePerLitre": 7.6
        },
        "store": {
            "id": "5e792d341db5f504de06f265",
            "name": "Otahuhu"
        }
    },
    {
        "productData": {
            "name": "V Energy Drink Sugarfree 500ml",
            "productId": "v-energy-drink-sugarfree-500ml",
            "productShopPage": "https://otahuhu.store.freshchoice.co.nz/lines/v-energy-drink-sugarfree-500ml",
            "productImageURL": "https://dtgxwmigmg3gc.cloudfront.net/imagery/assets/derivations/icon/512/512/true/eyJpZCI6ImVkZTAxNTNmMDI1NmU1NDZjNWQ5MTc3MjE3ZTQ3YTQ0Iiwic3RvcmFnZSI6InB1YmxpY19zdG9yZSJ9?signature=abcf72d9faa9ee3044eaa3b7ee0bf9b4fd8f582379018d8727f2234b7d3f3c85",
            "productDescription": ""
        },
        "priceData": {
            "bestPrice": "3.80",
            "price": "3.80",
            "pricePerLitre": 7.6,
            "bestPricePerLitre": 7.6
        },
        "store": {
            "id": "5e792d341db5f504de06f265",
            "name": "Otahuhu"
        }
    },
    {
        "productData": {
            "name": "V Energy Drink Sugar Free Guarana 250ml",
            "productId": "v-energy-drink-sugar-free-guarana-250ml",
            "productShopPage": "https://otahuhu.store.freshchoice.co.nz/lines/v-energy-drink-sugar-free-guarana-250ml",
            "productImageURL": "https://dtgxwmigmg3gc.cloudfront.net/imagery/assets/derivations/icon/512/512/true/eyJpZCI6ImZiNzM1NmU4NTMyZDllODlkZTljZmNlOGY2MzQ5NGQwIiwic3RvcmFnZSI6InB1YmxpY19zdG9yZSJ9?signature=72b0ce0a48ca796717c115fe5e8b4564501470f63bf80ae865d26e9d131a2b8c",
            "productDescription": ""
        },
        "priceData": {
            "bestPrice": "2.20",
            "price": "2.20",
            "pricePerLitre": 8.8,
            "bestPricePerLitre": 8.8
        },
        "store": {
            "id": "5e792d341db5f504de06f265",
            "name": "Otahuhu"
        }
    },
    {
        "productData": {
            "name": "V Energy Drink Blue Guarana Spritzed 350ml",
            "productId": "v-blue-energy-drink-blue-guarana-spritzed-350ml",
            "productShopPage": "https://otahuhu.store.freshchoice.co.nz/lines/v-blue-energy-drink-blue-guarana-spritzed-350ml",
            "productImageURL": "https://dtgxwmigmg3gc.cloudfront.net/imagery/assets/derivations/icon/512/512/true/eyJpZCI6ImY2OTRlZGI4NjdlNWMzZDM5NzgzMDQ0ODFkMzUxZGZiIiwic3RvcmFnZSI6InB1YmxpY19zdG9yZSJ9?signature=591b3079cb9c2407a29b3bc348eaf42dc1d34daba5c9d7aba65be654725b6719",
            "productDescription": ""
        },
        "priceData": {
            "bestPrice": "2.30",
            "price": "2.30",
            "pricePerLitre": 10.0,
            "bestPricePerLitre": 10.0
        },
        "store": {
            "id": "5e792d341db5f504de06f265",
            "name": "Otahuhu"
        }
    },
    {
        "productData": {
            "name": "V Energy Drink Green Guarana 350ml",
            "productId": "v-energy-drink-green-guarana-350ml",
            "productShopPage": "https://otahuhu.store.freshchoice.co.nz/lines/v-energy-drink-green-guarana-350ml",
            "productImageURL": "https://dtgxwmigmg3gc.cloudfront.net/imagery/assets/derivations/icon/512/512/true/eyJpZCI6IjRiNjY4ZjYxOTQ2ODYyN2MzM2NiZWMyNGUyNmIyODk4Iiwic3RvcmFnZSI6InB1YmxpY19zdG9yZSJ9?signature=4cded9cb42349eef45a593461f311b1bb7fa881295733879671ad9fe9887d30c",
            "productDescription": ""
        },
        "priceData": {
            "bestPrice": "2.30",
            "price": "2.30",
            "pricePerLitre": 10.0,
            "bestPricePerLitre": 10.0
        },
        "store": {
            "id": "5e792d341db5f504de06f265",
            "name": "Otahuhu"
        }
    },
    {
        "productData": {
            "name": "V Energy Drink Guarana Can 250ml",
            "productId": "v-energy-drink-guarana-can-250ml",
            "productShopPage": "https://otahuhu.store.freshchoice.co.nz/lines/v-energy-drink-guarana-can-250ml",
            "productImageURL": "https://dtgxwmigmg3gc.cloudfront.net/imagery/assets/derivations/icon/512/512/true/eyJpZCI6Ijc3Nzk1NjE2ZDhhNmFiMThhYzEzODYzOTg2ZmNkNzgwIiwic3RvcmFnZSI6InB1YmxpY19zdG9yZSJ9?signature=f5de1854d43e19cc62bff86893d4a55615cd916f8425a4dccd170b52eba81255",
            "productDescription": ""
        },
        "priceData": {
            "bestPrice": "2.20",
            "price": "2.20",
            "pricePerLitre": 8.8,
            "bestPricePerLitre": 8.8
        },
        "store": {
            "id": "5e792d341db5f504de06f265",
            "name": "Otahuhu"
        }
    },
    {
        "productData": {
            "name": "V Energy Drink Guarana Can 500ml",
            "productId": "v-energy-drink-guarana-can-500ml",
            "productShopPage": "https://otahuhu.store.freshchoice.co.nz/lines/v-energy-drink-guarana-can-500ml",
            "productImageURL": "https://dtgxwmigmg3gc.cloudfront.net/imagery/assets/derivations/icon/512/512/true/eyJpZCI6ImI0NjgzNGZjNDRkMjU0MjgzYzJjZGNhMzA2NWIxYjA5Iiwic3RvcmFnZSI6InB1YmxpY19zdG9yZSJ9?signature=265e8273409849423466e7623cbbdf8352940707b8830803eec391e8f32c9c5f",
            "productDescription": ""
        },
        "priceData": {
            "bestPrice": "3.50",
            "price": "3.50",
            "pricePerLitre": 7.0,
            "bestPricePerLitre": 7.0
        },
        "store": {
            "id": "5e792d341db5f504de06f265",
            "name": "Otahuhu"
        }
    },
    {
        "productData": {
            "name": "V Energy Drink Sugar Free Guarana 500ml",
            "productId": "v-energy-drink-sugar-free-guarana-500ml",
            "productShopPage": "https://otahuhu.store.freshchoice.co.nz/lines/v-energy-drink-sugar-free-guarana-500ml",
            "productImageURL": "https://dtgxwmigmg3gc.cloudfront.net/imagery/assets/derivations/icon/512/512/true/eyJpZCI6Ijg4MGExMDYxOTY4NTJiYzM1ZTExMmU2MGE2OWYxNDE3Iiwic3RvcmFnZSI6InB1YmxpY19zdG9yZSJ9?signature=b0536d25b9da8158705e24c88e21fabbf85c1dabc19f18108c386e956ffd7045",
            "productDescription": ""
        },
        "priceData": {
            "bestPrice": "3.50",
            "price": "3.50",
            "pricePerLitre": 7.0,
            "bestPricePerLitre": 7.0
        },
        "store": {
            "id": "5e792d341db5f504de06f265",
            "name": "Otahuhu"
        }
    },
    {
        "productData": {
            "name": "V Energy Drink Skills Cans 275ml 4 Pack",
            "productId": "v-energy-drink-skills-cans-275ml-4-pack",
            "productShopPage": "https://otahuhu.store.freshchoice.co.nz/lines/v-energy-drink-skills-cans-275ml-4-pack",
            "productImageURL": "https://dtgxwmigmg3gc.cloudfront.net/imagery/assets/derivations/icon/512/512/true/eyJpZCI6ImZhMzA2N2NiM2YxMmVkM2ZhZjhhYmM4OGE1YTJhNzczIiwic3RvcmFnZSI6InB1YmxpY19zdG9yZSJ9?signature=34fcde8f5a021036c475a1dfff6748625e0747bb134ec737312b15bbe8e883eb",
            "productDescription": ""
        },
        "priceData": {
            "bestPrice": "9.39",
            "price": "9.39",
            "pricePerLitre": 8.5,
            "bestPricePerLitre": 8.5
        },
        "store": {
            "id": "5e792d341db5f504de06f265",
            "name": "Otahuhu"
        }
    },
    {
        "productData": {
            "name": "V Blue Energy Drink Bottle 500ml",
            "productId": "v-blue-energy-drink-bottle-500ml",
            "productShopPage": "https://otahuhu.store.freshchoice.co.nz/lines/v-blue-energy-drink-bottle-500ml",
            "productImageURL": "https://dtgxwmigmg3gc.cloudfront.net/imagery/assets/derivations/icon/512/512/true/eyJpZCI6IjgyYWYxYWY4MGI4MzUxODhiYmVhZGVhM2U2NzY0MzI5Iiwic3RvcmFnZSI6InB1YmxpY19zdG9yZSJ9?signature=7e70fc576864a528a1431734d680cbf177a11b419a692dbfd34800c31b8944ec",
            "productDescription": ""
        },
        "priceData": {
            "bestPrice": "3.80",
            "price": "3.80",
            "pricePerLitre": 7.6,
            "bestPricePerLitre": 7.6
        },
        "store": {
            "id": "5e792d341db5f504de06f265",
            "name": "Otahuhu"
        }
    },
    {
        "productData": {
            "name": "V Blue Sugarfree Energy Drink 500ml",
            "productId": "v-blue-sugarfree-energy-drink-500ml",
            "productShopPage": "https://otahuhu.store.freshchoice.co.nz/lines/v-blue-sugarfree-energy-drink-500ml",
            "productImageURL": "https://dtgxwmigmg3gc.cloudfront.net/imagery/assets/derivations/icon/512/512/true/eyJpZCI6ImVmYjQyOWRmM2JjZjc3NTY1ZDIwMTEyNTY0MDdmZjA1Iiwic3RvcmFnZSI6InB1YmxpY19zdG9yZSJ9?signature=2911d59474d8305039a3be3bef0f887c38d9ab84596314b13cc4b150101175ab",
            "productDescription": ""
        },
        "priceData": {
            "bestPrice": "3.50",
            "price": "3.50",
            "pricePerLitre": 7.0,
            "bestPricePerLitre": 7.0
        },
        "store": {
            "id": "5e792d341db5f504de06f265",
            "name": "Otahuhu"
        }
    },
    {
        "productData": {
            "name": "V Blue Energy Drink Blue Guarana Can 250ml",
            "productId": "v-blue-energy-drink-blue-guarana-can-250ml",
            "productShopPage": "https://otahuhu.store.freshchoice.co.nz/lines/v-blue-energy-drink-blue-guarana-can-250ml",
            "productImageURL": "https://dtgxwmigmg3gc.cloudfront.net/imagery/assets/derivations/icon/512/512/true/eyJpZCI6IjBmZjQwNDEyZWQ2ZDk4YTg3YWQ2ZDUyMWZlNjM1YzJkIiwic3RvcmFnZSI6InB1YmxpY19zdG9yZSJ9?signature=8f745abe5614ec47b3d7a07f1a34ba529184a87b2a696211ba5a0f9f29c86bf0",
            "productDescription": ""
        },
        "priceData": {
            "bestPrice": "2.20",
            "price": "2.20",
            "pricePerLitre": 8.8,
            "bestPricePerLitre": 8.8
        },
        "store": {
            "id": "5e792d341db5f504de06f265",
            "name": "Otahuhu"
        }
    },
    {
        "productData": {
            "name": "V Blue Energy Drink Blue Guarana Can 500ml",
            "productId": "v-blue-energy-drink-blue-guarana-can-500ml",
            "productShopPage": "https://otahuhu.store.freshchoice.co.nz/lines/v-blue-energy-drink-blue-guarana-can-500ml",
            "productImageURL": "https://dtgxwmigmg3gc.cloudfront.net/imagery/assets/derivations/icon/512/512/true/eyJpZCI6ImFmYjEyYjVjYTU2YWI5ZDJhMTVmNGY2MDg2NWFlNzgxIiwic3RvcmFnZSI6InB1YmxpY19zdG9yZSJ9?signature=b537a8cc5a2c0f90f1702b2c541db44c3a740a0ec4a96e92ab2d6537f9320e8d",
            "productDescription": ""
        },
        "priceData": {
            "bestPrice": "3.50",
            "price": "3.50",
            "pricePerLitre": 7.0,
            "bestPricePerLitre": 7.0
        },
        "store": {
            "id": "5e792d341db5f504de06f265",
            "name": "Otahuhu"
        }
    },
    {
        "productData": {
            "name": "Monster Energy Zero Ultra 4x500ml",
            "productId": "monster-energy-zero-ultra-4x500ml",
            "productShopPage": "https://otahuhu.store.freshchoice.co.nz/lines/monster-energy-zero-ultra-4x500ml",
            "productImageURL": "https://dtgxwmigmg3gc.cloudfront.net/imagery/assets/derivations/icon/512/512/true/eyJpZCI6ImRiZGZlNzM5NjAyNjUwNWQxYWMzZWYxY2E3YzQzOTc2Iiwic3RvcmFnZSI6InB1YmxpY19zdG9yZSJ9?signature=b4c746d50784f81c260ccd7ebe8975ffb5e2b00c357b2f2748e310c3c70c4089",
            "productDescription": ""
        },
        "priceData": {
            "bestPrice": "11.99",
            "price": "11.99"
        },
        "store": {
            "id": "5e792d341db5f504de06f265",
            "name": "Otahuhu"
        }
    },
    {
        "productData": {
            "name": "Monster Super Fuel Zero Sugar 550ml",
            "productId": "monster-super-fuel-zero-sugar-550ml",
            "productShopPage": "https://otahuhu.store.freshchoice.co.nz/lines/monster-super-fuel-zero-sugar-550ml",
            "productImageURL": "https://dtgxwmigmg3gc.cloudfront.net/imagery/assets/derivations/icon/512/512/true/eyJpZCI6IjRkOTE3NzhmODIxNDI1ZDJjNDg3Yjc0M2YyMzEyYmYxIiwic3RvcmFnZSI6InB1YmxpY19zdG9yZSJ9?signature=4b9dbd15c40f85466e597873c567f989183b284947e8c8dc4df58667789214a2",
            "productDescription": ""
        },
        "priceData": {
            "bestPrice": "4.00",
            "price": "4.00",
            "pricePerLitre": 7.3,
            "bestPricePerLitre": 7.3
        },
        "store": {
            "id": "5e792d341db5f504de06f265",
            "name": "Otahuhu"
        }
    },
    {
        "productData": {
            "name": "Monster Mule Ginger Brew 500ml",
            "productId": "monster-mule-ginger-brew-500ml",
            "productShopPage": "https://otahuhu.store.freshchoice.co.nz/lines/monster-mule-ginger-brew-500ml",
            "productImageURL": "https://dtgxwmigmg3gc.cloudfront.net/imagery/assets/derivations/icon/512/512/true/eyJpZCI6ImM1OTM5MTIyZTRlNmNhNzk0ODFlMDE4ZWVmMWE2Y2ZlIiwic3RvcmFnZSI6InB1YmxpY19zdG9yZSJ9?signature=5d11287f30ef58c148e37382d61c0d83097d5461683a9aa5dd9456941c1f32e5",
            "productDescription": ""
        },
        "priceData": {
            "bestPrice": "3.00",
            "price": "3.00",
            "pricePerLitre": 6.0,
            "bestPricePerLitre": 6.0
        },
        "store": {
            "id": "5e792d341db5f504de06f265",
            "name": "Otahuhu"
        }
    },
    {
        "productData": {
            "name": "Monster Energy 4x500ml Cans",
            "productId": "monster-energy-4x500ml-cans",
            "productShopPage": "https://otahuhu.store.freshchoice.co.nz/lines/monster-energy-4x500ml-cans",
            "productImageURL": "https://dtgxwmigmg3gc.cloudfront.net/imagery/assets/derivations/icon/512/512/true/eyJpZCI6ImQyNWU2MTgwNzVhMmI4MmZmMGU2YmY0OGRlYmRmNTM4Iiwic3RvcmFnZSI6InB1YmxpY19zdG9yZSJ9?signature=afd9c2e0498b55fa2db714a09690152069344eca7b7dddeeb315405178827c0a",
            "productDescription": ""
        },
        "priceData": {
            "bestPrice": "11.99",
            "price": "11.99",
            "pricePerLitre": 6.0,
            "bestPricePerLitre": 6.0
        },
        "store": {
            "id": "5e792d341db5f504de06f265",
            "name": "Otahuhu"
        }
    },
    {
        "productData": {
            "name": "Monster Super Fuel Purple Passion 550ml",
            "productId": "monster-super-fuel-purple-passion-550ml",
            "productShopPage": "https://otahuhu.store.freshchoice.co.nz/lines/monster-super-fuel-purple-passion-550ml",
            "productImageURL": "https://dtgxwmigmg3gc.cloudfront.net/imagery/assets/derivations/icon/512/512/true/eyJpZCI6IjNkMTY1OTQwMzgyOTZjZjVlMjNlNjBjMDQ3NTE1YWM0Iiwic3RvcmFnZSI6InB1YmxpY19zdG9yZSJ9?signature=4d4ccd77dab941d955a8037242a41833afdc7251d3bd5b5c4b99705770273998",
            "productDescription": ""
        },
        "priceData": {
            "bestPrice": "4.00",
            "price": "4.00",
            "pricePerLitre": 7.3,
            "bestPricePerLitre": 7.3
        },
        "store": {
            "id": "5e792d341db5f504de06f265",
            "name": "Otahuhu"
        }
    },
    {
        "productData": {
            "name": "Monster Energy Pipeline Punch 500ml",
            "productId": "monster-energy-pipeline-punch-500ml",
            "productShopPage": "https://otahuhu.store.freshchoice.co.nz/lines/monster-energy-pipeline-punch-500ml",
            "productImageURL": "https://dtgxwmigmg3gc.cloudfront.net/imagery/assets/derivations/icon/512/512/true/eyJpZCI6IjM3ZWY2OTY5OWFlNTJlZTRjNTY1ZmFmYWIwOTIxMjg4Iiwic3RvcmFnZSI6InB1YmxpY19zdG9yZSJ9?signature=79ed6699c35bd716a9d5d9457c39ce62c523edaa4059b6b45d4dcc7caf65cef9",
            "productDescription": ""
        },
        "priceData": {
            "bestPrice": "3.00",
            "price": "3.00",
            "pricePerLitre": 6.0,
            "bestPricePerLitre": 6.0
        },
        "store": {
            "id": "5e792d341db5f504de06f265",
            "name": "Otahuhu"
        }
    },
    {
        "productData": {
            "name": "Live Plus Energy Drink Citrus Flavour 500ml",
            "productId": "live-plus-persist-500ml",
            "productShopPage": "https://otahuhu.store.freshchoice.co.nz/lines/live-plus-persist-500ml",
            "productImageURL": "https://dtgxwmigmg3gc.cloudfront.net/imagery/assets/derivations/icon/512/512/true/eyJpZCI6IjFlNWQ5YzI4OWM1N2UzNmYzZmI2NThlMDQzZTI3ZjE4Iiwic3RvcmFnZSI6InB1YmxpY19zdG9yZSJ9?signature=756b17fefe47174b90e7dbec8cd09db27f9f59f4994bc750b71256ae93ba9fa8",
            "productDescription": ""
        },
        "priceData": {
            "bestPrice": "2.00",
            "price": "2.00",
            "pricePerLitre": 4.0,
            "bestPricePerLitre": 4.0
        },
        "store": {
            "id": "5e792d341db5f504de06f265",
            "name": "Otahuhu"
        }
    },
    {
        "productData": {
            "name": "Live Plus Energy Drink Tart Apple Apple Flavour 500ml",
            "productId": "live-plus-ignite-500ml",
            "productShopPage": "https://otahuhu.store.freshchoice.co.nz/lines/live-plus-ignite-500ml",
            "productImageURL": "https://dtgxwmigmg3gc.cloudfront.net/imagery/assets/derivations/icon/512/512/true/eyJpZCI6IjViOGViZjhmZTQzYjFlYTMzNDM5YjJjMjg3ZDRmY2YyIiwic3RvcmFnZSI6InB1YmxpY19zdG9yZSJ9?signature=140ae19352cd0dcec7e77f90fa4dfaa9fa17086439f730510afc5d906e1415bf",
            "productDescription": ""
        },
        "priceData": {
            "bestPrice": "2.00",
            "price": "2.00",
            "pricePerLitre": 4.0,
            "bestPricePerLitre": 4.0
        },
        "store": {
            "id": "5e792d341db5f504de06f265",
            "name": "Otahuhu"
        }
    },
    {
        "productData": {
            "name": "V Guarana Energy Drink Blue Sugarfree 250ml",
            "productId": "v-blue-sugarfree-energy-drink-250ml",
            "productShopPage": "https://otahuhu.store.freshchoice.co.nz/lines/v-blue-sugarfree-energy-drink-250ml",
            "productImageURL": "https://dtgxwmigmg3gc.cloudfront.net/imagery/assets/derivations/icon/512/512/true/eyJpZCI6IjI3YWJiOTVhYjNhMjEwMDU2MWJhMmRhNTM3YjRhZjVmIiwic3RvcmFnZSI6InB1YmxpY19zdG9yZSJ9?signature=66769306ca1d0ba674603954d338186dc999f6d1839090d49fde9416b3252365",
            "productDescription": ""
        },
        "priceData": {
            "bestPrice": "2.20",
            "price": "2.20",
            "pricePerLitre": 8.8,
            "bestPricePerLitre": 8.8
        },
        "store": {
            "id": "5e792d341db5f504de06f265",
            "name": "Otahuhu"
        }
    },
    {
        "productData": {
            "name": "Live Plus Energy Drink Ignite 500ml",
            "productId": "live-plus-energy-drink-ignite-500ml",
            "productShopPage": "https://otahuhu.store.freshchoice.co.nz/lines/live-plus-energy-drink-ignite-500ml",
            "productImageURL": "https://dtgxwmigmg3gc.cloudfront.net/imagery/assets/derivations/icon/512/512/true/eyJpZCI6IjFkZThlMTA5NjUyNTgxZDc2ZDhiOWIxNjljYmVlOWVlIiwic3RvcmFnZSI6InB1YmxpY19zdG9yZSJ9?signature=5f73a57660afbef58a992f8c1d00558e127ddc20b4879ea1a95f2f74f8de2c57",
            "productDescription": ""
        },
        "priceData": {
            "bestPrice": "2.00",
            "price": "2.00",
            "pricePerLitre": 4.0,
            "bestPricePerLitre": 4.0
        },
        "store": {
            "id": "5e792d341db5f504de06f265",
            "name": "Otahuhu"
        }
    },
    {
        "productData": {
            "name": "Live Plus Energy Drink Persist Glass 355ml",
            "productId": "live-plus-energy-drink-persist-glass-355ml",
            "productShopPage": "https://otahuhu.store.freshchoice.co.nz/lines/live-plus-energy-drink-persist-glass-355ml",
            "productImageURL": "https://dtgxwmigmg3gc.cloudfront.net/imagery/assets/derivations/icon/512/512/true/eyJpZCI6IjBiMjhiZTQ0NDk1ODBiZWI4NDRkY2JhM2MxZDdhOTMwIiwic3RvcmFnZSI6InB1YmxpY19zdG9yZSJ9?signature=62025738d86469fbbd64cd53b03b4beee6372d1fbd30b8a9c5708ffdafeebf0d",
            "productDescription": ""
        },
        "priceData": {
            "bestPrice": "2.80",
            "price": "2.80",
            "pricePerLitre": 7.9,
            "bestPricePerLitre": 7.9
        },
        "store": {
            "id": "5e792d341db5f504de06f265",
            "name": "Otahuhu"
        }
    },
    {
        "productData": {
            "name": "Rockstar Punched Energy Guava 500ml",
            "productId": "rockstar-punched-energy-guava-500ml",
            "productShopPage": "https://otahuhu.store.freshchoice.co.nz/lines/rockstar-punched-energy-guava-500ml",
            "productImageURL": "https://dtgxwmigmg3gc.cloudfront.net/imagery/assets/derivations/icon/512/512/true/eyJpZCI6IjBmNGEyNjU2MGQwM2Y4OGI4MWE3ZTMyODUzYTRlN2QyIiwic3RvcmFnZSI6InB1YmxpY19zdG9yZSJ9?signature=fab45ac774e74d87cf7a79de075f47290676fd6d4afcf212198c745670d5ce29",
            "productDescription": ""
        },
        "priceData": {
            "bestPrice": "2.00",
            "price": "2.00",
            "pricePerLitre": 4.0,
            "bestPricePerLitre": 4.0
        },
        "store": {
            "id": "5e792d341db5f504de06f265",
            "name": "Otahuhu"
        }
    },
    {
        "productData": {
            "name": "Mother Kicked Apple 500ml",
            "productId": "mother-kicked-apple-500ml",
            "productShopPage": "https://papamoa.store.freshchoice.co.nz/lines/mother-kicked-apple-500ml",
            "productImageURL": "https://dtgxwmigmg3gc.cloudfront.net/imagery/assets/derivations/icon/512/512/true/eyJpZCI6IjNhZTlkYjkwYTM4MDFjMGEwYjUwYThhMDAwYjkyZjM0Iiwic3RvcmFnZSI6InB1YmxpY19zdG9yZSJ9?signature=c1a1db0a5d7b074c388cf08560fd44a4a2b6127821554198e54eeea8474325f6",
            "productDescription": ""
        },
        "priceData": {
            "bestPrice": "2.00",
            "price": "2.00",
            "pricePerLitre": 4.0,
            "bestPricePerLitre": 4.0
        },
        "store": {
            "id": "5c9d5a1342cdd7054a03abd3",
            "name": "Papamoa"
        }
    },
    {
        "productData": {
            "name": "Monster Energy Drink Ultra Rosa 500ml",
            "productId": "monster-energy-drink-ultra-rosa-500ml",
            "productShopPage": "https://papamoa.store.freshchoice.co.nz/lines/monster-energy-drink-ultra-rosa-500ml",
            "productImageURL": "https://dtgxwmigmg3gc.cloudfront.net/imagery/assets/derivations/icon/512/512/true/eyJpZCI6IjZjYzFjMzcwYzM4Mzk4N2MyOTUzNWIyMTFjZTJlYjgxIiwic3RvcmFnZSI6InB1YmxpY19zdG9yZSJ9?signature=9cd08284785f9b24647ecc7d1dc08214d9d00318cc809bebdef1921d6b78bb95",
            "productDescription": ""
        },
        "priceData": {
            "bestPrice": "3.00",
            "price": "3.00",
            "pricePerLitre": 6.0,
            "bestPricePerLitre": 6.0
        },
        "store": {
            "id": "5c9d5a1342cdd7054a03abd3",
            "name": "Papamoa"
        }
    },
    {
        "productData": {
            "name": "Mother Energy Drink Berry 500ml",
            "productId": "mother-energy-drink-berry-500ml",
            "productShopPage": "https://papamoa.store.freshchoice.co.nz/lines/mother-energy-drink-berry-500ml",
            "productImageURL": "https://dtgxwmigmg3gc.cloudfront.net/imagery/assets/derivations/icon/512/512/true/eyJpZCI6ImRhYTJlNjUzNzRjZjViNjI0ZDljNzUzNDA3YmE0ZDFkIiwic3RvcmFnZSI6InB1YmxpY19zdG9yZSJ9?signature=d9ffb465d71d599811c2ff7a788845bfe297eb3624ad7866a89cf0b3ece073f0",
            "productDescription": ""
        },
        "priceData": {
            "bestPrice": "2.00",
            "price": "2.00",
            "pricePerLitre": 4.0,
            "bestPricePerLitre": 4.0
        },
        "store": {
            "id": "5c9d5a1342cdd7054a03abd3",
            "name": "Papamoa"
        }
    },
    {
        "productData": {
            "name": "Mother Energy Drink Black 500ml",
            "productId": "mother-energy-drink-black-500ml",
            "productShopPage": "https://papamoa.store.freshchoice.co.nz/lines/mother-energy-drink-black-500ml",
            "productImageURL": "https://dtgxwmigmg3gc.cloudfront.net/imagery/assets/derivations/icon/512/512/true/eyJpZCI6ImYyMzA5MjhkYjg3ODFhYmYzZDU3ZjE1YjNmYzU2MWFjIiwic3RvcmFnZSI6InB1YmxpY19zdG9yZSJ9?signature=d3dbddb83d3d457075cd5d8936bef0c5b48fce4fa3fe725995d8b6d57219ceb5",
            "productDescription": ""
        },
        "priceData": {
            "bestPrice": "2.00",
            "price": "2.00",
            "pricePerLitre": 4.0,
            "bestPricePerLitre": 4.0
        },
        "store": {
            "id": "5c9d5a1342cdd7054a03abd3",
            "name": "Papamoa"
        }
    },
    {
        "productData": {
            "name": "Mother Energy Drink Passion 500ml",
            "productId": "mother-energy-drink-passion-500ml",
            "productShopPage": "https://papamoa.store.freshchoice.co.nz/lines/mother-energy-drink-passion-500ml",
            "productImageURL": "https://dtgxwmigmg3gc.cloudfront.net/imagery/assets/derivations/icon/512/512/true/eyJpZCI6ImQwODE2YTc4ZjBmNGU4NTU5Mzg1YjkxZmI5YjIzZjM0Iiwic3RvcmFnZSI6InB1YmxpY19zdG9yZSJ9?signature=713c495fef96a6427b917f0c7c7e855a963749ac5c1bf7dfd71e24ae08ea3123",
            "productDescription": ""
        },
        "priceData": {
            "bestPrice": "2.00",
            "price": "2.00",
            "pricePerLitre": 4.0,
            "bestPricePerLitre": 4.0
        },
        "store": {
            "id": "5c9d5a1342cdd7054a03abd3",
            "name": "Papamoa"
        }
    },
    {
        "productData": {
            "name": "Mother Tropical Blast 500ml",
            "productId": "mother-tropical-blast-500ml",
            "productShopPage": "https://papamoa.store.freshchoice.co.nz/lines/mother-tropical-blast-500ml",
            "productImageURL": "https://dtgxwmigmg3gc.cloudfront.net/imagery/assets/derivations/icon/512/512/true/eyJpZCI6ImEyZmM1OTUwNDhlODM5YTRhMjQ2MTI1OGEyYzNlZWZhIiwic3RvcmFnZSI6InB1YmxpY19zdG9yZSJ9?signature=6c9470ee4067e8ec32b58eeac9d628404d3986058a9b1cdef46014d1bee50944",
            "productDescription": ""
        },
        "priceData": {
            "bestPrice": "2.00",
            "price": "2.00",
            "pricePerLitre": 4.0,
            "bestPricePerLitre": 4.0
        },
        "store": {
            "id": "5c9d5a1342cdd7054a03abd3",
            "name": "Papamoa"
        }
    },
    {
        "productData": {
            "name": "Mother Epic Swell Energy Drink Twisted Apple 500ml",
            "productId": "mother-epic-swell-energy-drink-twisted-apple-500ml",
            "productShopPage": "https://papamoa.store.freshchoice.co.nz/lines/mother-epic-swell-energy-drink-twisted-apple-500ml",
            "productImageURL": "https://dtgxwmigmg3gc.cloudfront.net/imagery/assets/derivations/icon/512/512/true/eyJpZCI6ImE2ZjYxOGNhNjUyYzMxNzRhNjg2MDBhMGVjZmQ3MmJkIiwic3RvcmFnZSI6InB1YmxpY19zdG9yZSJ9?signature=954f74f8aba0fb24cb2a5248b1e93fe8a62fb8c7f902abbb08b7aed24bc44c80",
            "productDescription": ""
        },
        "priceData": {
            "bestPrice": "2.00",
            "price": "2.00",
            "pricePerLitre": 4.0,
            "bestPricePerLitre": 4.0
        },
        "store": {
            "id": "5c9d5a1342cdd7054a03abd3",
            "name": "Papamoa"
        }
    },
    {
        "productData": {
            "name": "V Energy Drink Guarana 500ml",
            "productId": "v-energy-drink-guarana-500ml",
            "productShopPage": "https://papamoa.store.freshchoice.co.nz/lines/v-energy-drink-guarana-500ml",
            "productImageURL": "https://dtgxwmigmg3gc.cloudfront.net/imagery/assets/derivations/icon/512/512/true/eyJpZCI6IjgzZDAxMjhiMzg4NmEwZmE4YTE2ZjY2NWIzNmM2NzI2Iiwic3RvcmFnZSI6InB1YmxpY19zdG9yZSJ9?signature=f55ecc561066291a4e74a967db35ea2355f881bd1708bf400fd790032384ae4f",
            "productDescription": ""
        },
        "priceData": {
            "bestPrice": "3.80",
            "price": "3.80",
            "pricePerLitre": 7.6,
            "bestPricePerLitre": 7.6
        },
        "store": {
            "id": "5c9d5a1342cdd7054a03abd3",
            "name": "Papamoa"
        }
    },
    {
        "productData": {
            "name": "V Energy Drink Sugarfree 500ml",
            "productId": "v-energy-drink-sugarfree-500ml",
            "productShopPage": "https://papamoa.store.freshchoice.co.nz/lines/v-energy-drink-sugarfree-500ml",
            "productImageURL": "https://dtgxwmigmg3gc.cloudfront.net/imagery/assets/derivations/icon/512/512/true/eyJpZCI6ImVkZTAxNTNmMDI1NmU1NDZjNWQ5MTc3MjE3ZTQ3YTQ0Iiwic3RvcmFnZSI6InB1YmxpY19zdG9yZSJ9?signature=abcf72d9faa9ee3044eaa3b7ee0bf9b4fd8f582379018d8727f2234b7d3f3c85",
            "productDescription": ""
        },
        "priceData": {
            "bestPrice": "3.80",
            "price": "3.80",
            "pricePerLitre": 7.6,
            "bestPricePerLitre": 7.6
        },
        "store": {
            "id": "5c9d5a1342cdd7054a03abd3",
            "name": "Papamoa"
        }
    },
    {
        "productData": {
            "name": "V Energy Drink Sugar Free Guarana 250ml",
            "productId": "v-energy-drink-sugar-free-guarana-250ml",
            "productShopPage": "https://papamoa.store.freshchoice.co.nz/lines/v-energy-drink-sugar-free-guarana-250ml",
            "productImageURL": "https://dtgxwmigmg3gc.cloudfront.net/imagery/assets/derivations/icon/512/512/true/eyJpZCI6ImZiNzM1NmU4NTMyZDllODlkZTljZmNlOGY2MzQ5NGQwIiwic3RvcmFnZSI6InB1YmxpY19zdG9yZSJ9?signature=72b0ce0a48ca796717c115fe5e8b4564501470f63bf80ae865d26e9d131a2b8c",
            "productDescription": ""
        },
        "priceData": {
            "bestPrice": "2.20",
            "price": "2.20",
            "pricePerLitre": 8.8,
            "bestPricePerLitre": 8.8
        },
        "store": {
            "id": "5c9d5a1342cdd7054a03abd3",
            "name": "Papamoa"
        }
    },
    {
        "productData": {
            "name": "V Energy Drink Blue Guarana Spritzed 350ml",
            "productId": "v-blue-energy-drink-blue-guarana-spritzed-350ml",
            "productShopPage": "https://papamoa.store.freshchoice.co.nz/lines/v-blue-energy-drink-blue-guarana-spritzed-350ml",
            "productImageURL": "https://dtgxwmigmg3gc.cloudfront.net/imagery/assets/derivations/icon/512/512/true/eyJpZCI6ImY2OTRlZGI4NjdlNWMzZDM5NzgzMDQ0ODFkMzUxZGZiIiwic3RvcmFnZSI6InB1YmxpY19zdG9yZSJ9?signature=591b3079cb9c2407a29b3bc348eaf42dc1d34daba5c9d7aba65be654725b6719",
            "productDescription": ""
        },
        "priceData": {
            "bestPrice": "2.30",
            "price": "2.30",
            "pricePerLitre": 10.0,
            "bestPricePerLitre": 10.0
        },
        "store": {
            "id": "5c9d5a1342cdd7054a03abd3",
            "name": "Papamoa"
        }
    },
    {
        "productData": {
            "name": "V Energy Drink Green Guarana 350ml",
            "productId": "v-energy-drink-green-guarana-350ml",
            "productShopPage": "https://papamoa.store.freshchoice.co.nz/lines/v-energy-drink-green-guarana-350ml",
            "productImageURL": "https://dtgxwmigmg3gc.cloudfront.net/imagery/assets/derivations/icon/512/512/true/eyJpZCI6IjRiNjY4ZjYxOTQ2ODYyN2MzM2NiZWMyNGUyNmIyODk4Iiwic3RvcmFnZSI6InB1YmxpY19zdG9yZSJ9?signature=4cded9cb42349eef45a593461f311b1bb7fa881295733879671ad9fe9887d30c",
            "productDescription": ""
        },
        "priceData": {
            "bestPrice": "2.30",
            "price": "2.30",
            "pricePerLitre": 10.0,
            "bestPricePerLitre": 10.0
        },
        "store": {
            "id": "5c9d5a1342cdd7054a03abd3",
            "name": "Papamoa"
        }
    },
    {
        "productData": {
            "name": "V Energy Drink Guarana Can 250ml",
            "productId": "v-energy-drink-guarana-can-250ml",
            "productShopPage": "https://papamoa.store.freshchoice.co.nz/lines/v-energy-drink-guarana-can-250ml",
            "productImageURL": "https://dtgxwmigmg3gc.cloudfront.net/imagery/assets/derivations/icon/512/512/true/eyJpZCI6Ijc3Nzk1NjE2ZDhhNmFiMThhYzEzODYzOTg2ZmNkNzgwIiwic3RvcmFnZSI6InB1YmxpY19zdG9yZSJ9?signature=f5de1854d43e19cc62bff86893d4a55615cd916f8425a4dccd170b52eba81255",
            "productDescription": ""
        },
        "priceData": {
            "bestPrice": "2.20",
            "price": "2.20",
            "pricePerLitre": 8.8,
            "bestPricePerLitre": 8.8
        },
        "store": {
            "id": "5c9d5a1342cdd7054a03abd3",
            "name": "Papamoa"
        }
    },
    {
        "productData": {
            "name": "V Energy Drink Guarana Can 500ml",
            "productId": "v-energy-drink-guarana-can-500ml",
            "productShopPage": "https://papamoa.store.freshchoice.co.nz/lines/v-energy-drink-guarana-can-500ml",
            "productImageURL": "https://dtgxwmigmg3gc.cloudfront.net/imagery/assets/derivations/icon/512/512/true/eyJpZCI6ImI0NjgzNGZjNDRkMjU0MjgzYzJjZGNhMzA2NWIxYjA5Iiwic3RvcmFnZSI6InB1YmxpY19zdG9yZSJ9?signature=265e8273409849423466e7623cbbdf8352940707b8830803eec391e8f32c9c5f",
            "productDescription": ""
        },
        "priceData": {
            "bestPrice": "3.50",
            "price": "3.50",
            "pricePerLitre": 7.0,
            "bestPricePerLitre": 7.0
        },
        "store": {
            "id": "5c9d5a1342cdd7054a03abd3",
            "name": "Papamoa"
        }
    },
    {
        "productData": {
            "name": "V Energy Drink Sugar Free Guarana 500ml",
            "productId": "v-energy-drink-sugar-free-guarana-500ml",
            "productShopPage": "https://papamoa.store.freshchoice.co.nz/lines/v-energy-drink-sugar-free-guarana-500ml",
            "productImageURL": "https://dtgxwmigmg3gc.cloudfront.net/imagery/assets/derivations/icon/512/512/true/eyJpZCI6Ijg4MGExMDYxOTY4NTJiYzM1ZTExMmU2MGE2OWYxNDE3Iiwic3RvcmFnZSI6InB1YmxpY19zdG9yZSJ9?signature=b0536d25b9da8158705e24c88e21fabbf85c1dabc19f18108c386e956ffd7045",
            "productDescription": ""
        },
        "priceData": {
            "bestPrice": "3.50",
            "price": "3.50",
            "pricePerLitre": 7.0,
            "bestPricePerLitre": 7.0
        },
        "store": {
            "id": "5c9d5a1342cdd7054a03abd3",
            "name": "Papamoa"
        }
    },
    {
        "productData": {
            "name": "V Blue Energy Drink Bottle 500ml",
            "productId": "v-blue-energy-drink-bottle-500ml",
            "productShopPage": "https://papamoa.store.freshchoice.co.nz/lines/v-blue-energy-drink-bottle-500ml",
            "productImageURL": "https://dtgxwmigmg3gc.cloudfront.net/imagery/assets/derivations/icon/512/512/true/eyJpZCI6IjgyYWYxYWY4MGI4MzUxODhiYmVhZGVhM2U2NzY0MzI5Iiwic3RvcmFnZSI6InB1YmxpY19zdG9yZSJ9?signature=7e70fc576864a528a1431734d680cbf177a11b419a692dbfd34800c31b8944ec",
            "productDescription": ""
        },
        "priceData": {
            "bestPrice": "3.80",
            "price": "3.80",
            "pricePerLitre": 7.6,
            "bestPricePerLitre": 7.6
        },
        "store": {
            "id": "5c9d5a1342cdd7054a03abd3",
            "name": "Papamoa"
        }
    },
    {
        "productData": {
            "name": "V Blue Sugarfree Energy Drink 500ml",
            "productId": "v-blue-sugarfree-energy-drink-500ml",
            "productShopPage": "https://papamoa.store.freshchoice.co.nz/lines/v-blue-sugarfree-energy-drink-500ml",
            "productImageURL": "https://dtgxwmigmg3gc.cloudfront.net/imagery/assets/derivations/icon/512/512/true/eyJpZCI6ImVmYjQyOWRmM2JjZjc3NTY1ZDIwMTEyNTY0MDdmZjA1Iiwic3RvcmFnZSI6InB1YmxpY19zdG9yZSJ9?signature=2911d59474d8305039a3be3bef0f887c38d9ab84596314b13cc4b150101175ab",
            "productDescription": ""
        },
        "priceData": {
            "bestPrice": "3.50",
            "price": "3.50",
            "pricePerLitre": 7.0,
            "bestPricePerLitre": 7.0
        },
        "store": {
            "id": "5c9d5a1342cdd7054a03abd3",
            "name": "Papamoa"
        }
    },
    {
        "productData": {
            "name": "V Blue Energy Drink Blue Guarana Can 250ml",
            "productId": "v-blue-energy-drink-blue-guarana-can-250ml",
            "productShopPage": "https://papamoa.store.freshchoice.co.nz/lines/v-blue-energy-drink-blue-guarana-can-250ml",
            "productImageURL": "https://dtgxwmigmg3gc.cloudfront.net/imagery/assets/derivations/icon/512/512/true/eyJpZCI6IjBmZjQwNDEyZWQ2ZDk4YTg3YWQ2ZDUyMWZlNjM1YzJkIiwic3RvcmFnZSI6InB1YmxpY19zdG9yZSJ9?signature=8f745abe5614ec47b3d7a07f1a34ba529184a87b2a696211ba5a0f9f29c86bf0",
            "productDescription": ""
        },
        "priceData": {
            "bestPrice": "2.20",
            "price": "2.20",
            "pricePerLitre": 8.8,
            "bestPricePerLitre": 8.8
        },
        "store": {
            "id": "5c9d5a1342cdd7054a03abd3",
            "name": "Papamoa"
        }
    },
    {
        "productData": {
            "name": "V Blue Energy Drink Blue Guarana Can 500ml",
            "productId": "v-blue-energy-drink-blue-guarana-can-500ml",
            "productShopPage": "https://papamoa.store.freshchoice.co.nz/lines/v-blue-energy-drink-blue-guarana-can-500ml",
            "productImageURL": "https://dtgxwmigmg3gc.cloudfront.net/imagery/assets/derivations/icon/512/512/true/eyJpZCI6ImFmYjEyYjVjYTU2YWI5ZDJhMTVmNGY2MDg2NWFlNzgxIiwic3RvcmFnZSI6InB1YmxpY19zdG9yZSJ9?signature=b537a8cc5a2c0f90f1702b2c541db44c3a740a0ec4a96e92ab2d6537f9320e8d",
            "productDescription": ""
        },
        "priceData": {
            "bestPrice": "3.50",
            "price": "3.50",
            "pricePerLitre": 7.0,
            "bestPricePerLitre": 7.0
        },
        "store": {
            "id": "5c9d5a1342cdd7054a03abd3",
            "name": "Papamoa"
        }
    },
    {
        "productData": {
            "name": "Monster Energy Pipeline Punch 500ml",
            "productId": "monster-energy-pipeline-punch-500ml",
            "productShopPage": "https://papamoa.store.freshchoice.co.nz/lines/monster-energy-pipeline-punch-500ml",
            "productImageURL": "https://dtgxwmigmg3gc.cloudfront.net/imagery/assets/derivations/icon/512/512/true/eyJpZCI6IjM3ZWY2OTY5OWFlNTJlZTRjNTY1ZmFmYWIwOTIxMjg4Iiwic3RvcmFnZSI6InB1YmxpY19zdG9yZSJ9?signature=79ed6699c35bd716a9d5d9457c39ce62c523edaa4059b6b45d4dcc7caf65cef9",
            "productDescription": ""
        },
        "priceData": {
            "bestPrice": "3.00",
            "price": "3.00",
            "pricePerLitre": 6.0,
            "bestPricePerLitre": 6.0
        },
        "store": {
            "id": "5c9d5a1342cdd7054a03abd3",
            "name": "Papamoa"
        }
    },
    {
        "productData": {
            "name": "Live Plus Energy Drink Citrus Flavour 500ml",
            "productId": "live-plus-persist-500ml",
            "productShopPage": "https://papamoa.store.freshchoice.co.nz/lines/live-plus-persist-500ml",
            "productImageURL": "https://dtgxwmigmg3gc.cloudfront.net/imagery/assets/derivations/icon/512/512/true/eyJpZCI6IjFlNWQ5YzI4OWM1N2UzNmYzZmI2NThlMDQzZTI3ZjE4Iiwic3RvcmFnZSI6InB1YmxpY19zdG9yZSJ9?signature=756b17fefe47174b90e7dbec8cd09db27f9f59f4994bc750b71256ae93ba9fa8",
            "productDescription": ""
        },
        "priceData": {
            "bestPrice": "2.00",
            "price": "2.00",
            "pricePerLitre": 4.0,
            "bestPricePerLitre": 4.0
        },
        "store": {
            "id": "5c9d5a1342cdd7054a03abd3",
            "name": "Papamoa"
        }
    },
    {
        "productData": {
            "name": "Live Plus Energy Drink Tart Apple Apple Flavour 500ml",
            "productId": "live-plus-ignite-500ml",
            "productShopPage": "https://papamoa.store.freshchoice.co.nz/lines/live-plus-ignite-500ml",
            "productImageURL": "https://dtgxwmigmg3gc.cloudfront.net/imagery/assets/derivations/icon/512/512/true/eyJpZCI6IjViOGViZjhmZTQzYjFlYTMzNDM5YjJjMjg3ZDRmY2YyIiwic3RvcmFnZSI6InB1YmxpY19zdG9yZSJ9?signature=140ae19352cd0dcec7e77f90fa4dfaa9fa17086439f730510afc5d906e1415bf",
            "productDescription": ""
        },
        "priceData": {
            "bestPrice": "2.00",
            "price": "2.00",
            "pricePerLitre": 4.0,
            "bestPricePerLitre": 4.0
        },
        "store": {
            "id": "5c9d5a1342cdd7054a03abd3",
            "name": "Papamoa"
        }
    },
    {
        "productData": {
            "name": "V Guarana Energy Drink Blue Sugarfree 250ml",
            "productId": "v-blue-sugarfree-energy-drink-250ml",
            "productShopPage": "https://papamoa.store.freshchoice.co.nz/lines/v-blue-sugarfree-energy-drink-250ml",
            "productImageURL": "https://dtgxwmigmg3gc.cloudfront.net/imagery/assets/derivations/icon/512/512/true/eyJpZCI6IjI3YWJiOTVhYjNhMjEwMDU2MWJhMmRhNTM3YjRhZjVmIiwic3RvcmFnZSI6InB1YmxpY19zdG9yZSJ9?signature=66769306ca1d0ba674603954d338186dc999f6d1839090d49fde9416b3252365",
            "productDescription": ""
        },
        "priceData": {
            "bestPrice": "2.20",
            "price": "2.20",
            "pricePerLitre": 8.8,
            "bestPricePerLitre": 8.8
        },
        "store": {
            "id": "5c9d5a1342cdd7054a03abd3",
            "name": "Papamoa"
        }
    },
    {
        "productData": {
            "name": "Live Plus Energy Drink Original Citrus Flavour 355ml",
            "productId": "live-plus-persist-glass-355ml",
            "productShopPage": "https://papamoa.store.freshchoice.co.nz/lines/live-plus-persist-glass-355ml",
            "productImageURL": "https://dtgxwmigmg3gc.cloudfront.net/imagery/assets/derivations/icon/512/512/true/eyJpZCI6ImYzMjZlMTdmMmI5ZGRjZGYzYmFmNzNiMWQzN2Y5NDI4Iiwic3RvcmFnZSI6InB1YmxpY19zdG9yZSJ9?signature=8fa31eb2b309e9c7a293ba2e7a7541e3cdc686b1d3f519044aa97c666ae5f630",
            "productDescription": ""
        },
        "priceData": {
            "bestPrice": "2.80",
            "price": "2.80",
            "pricePerLitre": 7.9,
            "bestPricePerLitre": 7.9
        },
        "store": {
            "id": "5c9d5a1342cdd7054a03abd3",
            "name": "Papamoa"
        }
    },
    {
        "productData": {
            "name": "Mother Kicked Apple 500ml",
            "productId": "mother-kicked-apple-500ml",
            "productShopPage": "https://ranui.store.freshchoice.co.nz/lines/mother-kicked-apple-500ml",
            "productImageURL": "https://dtgxwmigmg3gc.cloudfront.net/imagery/assets/derivations/icon/512/512/true/eyJpZCI6IjNhZTlkYjkwYTM4MDFjMGEwYjUwYThhMDAwYjkyZjM0Iiwic3RvcmFnZSI6InB1YmxpY19zdG9yZSJ9?signature=c1a1db0a5d7b074c388cf08560fd44a4a2b6127821554198e54eeea8474325f6",
            "productDescription": ""
        },
        "priceData": {
            "bestPrice": "2.00",
            "price": "2.00",
            "pricePerLitre": 4.0,
            "bestPricePerLitre": 4.0
        },
        "store": {
            "id": "5e76c0e5ec28665ada001509",
            "name": "Ranui"
        }
    },
    {
        "productData": {
            "name": "Monster Energy Ultra Paradise 500ml",
            "productId": "monster-energy-drink-ultra-paradise-500ml",
            "productShopPage": "https://ranui.store.freshchoice.co.nz/lines/monster-energy-drink-ultra-paradise-500ml",
            "productImageURL": "https://dtgxwmigmg3gc.cloudfront.net/imagery/assets/derivations/icon/512/512/true/eyJpZCI6ImZiZDRkZTQxNzA0M2FiYTUyMjMwZWI0NTcyZGNmYTE1Iiwic3RvcmFnZSI6InB1YmxpY19zdG9yZSJ9?signature=8a439bf26b71114289dfea1720ed331b1e4784c534deade29db8ac38b1cc7c1a",
            "productDescription": ""
        },
        "priceData": {
            "bestPrice": "3.00",
            "price": "3.00",
            "pricePerLitre": 6.0,
            "bestPricePerLitre": 6.0
        },
        "store": {
            "id": "5e76c0e5ec28665ada001509",
            "name": "Ranui"
        }
    },
    {
        "productData": {
            "name": "Monster Energy Ultra Zero 500ml",
            "productId": "monster-energy-ultra-zero-500ml",
            "productShopPage": "https://ranui.store.freshchoice.co.nz/lines/monster-energy-ultra-zero-500ml",
            "productImageURL": "https://dtgxwmigmg3gc.cloudfront.net/imagery/assets/derivations/icon/512/512/true/eyJpZCI6IjdhN2FhYTUwZWU2NTYwYjBiNGY1NThhMTgwNmVlODI3Iiwic3RvcmFnZSI6InB1YmxpY19zdG9yZSJ9?signature=7907c49ba7d043175a426f84a71776de7dd51fa5c249237063aca9cb098abdbe",
            "productDescription": ""
        },
        "priceData": {
            "bestPrice": "3.00",
            "price": "3.00",
            "pricePerLitre": 6.0,
            "bestPricePerLitre": 6.0
        },
        "store": {
            "id": "5e76c0e5ec28665ada001509",
            "name": "Ranui"
        }
    },
    {
        "productData": {
            "name": "Monster Energy Green 500ml",
            "productId": "monster-energy-green-500ml",
            "productShopPage": "https://ranui.store.freshchoice.co.nz/lines/monster-energy-green-500ml",
            "productImageURL": "https://dtgxwmigmg3gc.cloudfront.net/imagery/assets/derivations/icon/512/512/true/eyJpZCI6ImU3ZjNiNjJiNzI4Y2M0MTIxMjhiNjQ2ZmQ2OTQzMGEzIiwic3RvcmFnZSI6InB1YmxpY19zdG9yZSJ9?signature=637eac56411f57a79f345ea693f1418330d5742c3a04caddb460696dba06da06",
            "productDescription": ""
        },
        "priceData": {
            "bestPrice": "3.00",
            "price": "3.00",
            "pricePerLitre": 6.0,
            "bestPricePerLitre": 6.0
        },
        "store": {
            "id": "5e76c0e5ec28665ada001509",
            "name": "Ranui"
        }
    },
    {
        "productData": {
            "name": "Monster Energy Drink Ultra Rosa 500ml",
            "productId": "monster-energy-drink-ultra-rosa-500ml",
            "productShopPage": "https://ranui.store.freshchoice.co.nz/lines/monster-energy-drink-ultra-rosa-500ml",
            "productImageURL": "https://dtgxwmigmg3gc.cloudfront.net/imagery/assets/derivations/icon/512/512/true/eyJpZCI6IjZjYzFjMzcwYzM4Mzk4N2MyOTUzNWIyMTFjZTJlYjgxIiwic3RvcmFnZSI6InB1YmxpY19zdG9yZSJ9?signature=9cd08284785f9b24647ecc7d1dc08214d9d00318cc809bebdef1921d6b78bb95",
            "productDescription": ""
        },
        "priceData": {
            "bestPrice": "3.00",
            "price": "3.00",
            "pricePerLitre": 6.0,
            "bestPricePerLitre": 6.0
        },
        "store": {
            "id": "5e76c0e5ec28665ada001509",
            "name": "Ranui"
        }
    },
    {
        "productData": {
            "name": "Mother Energy Drink Berry 500ml",
            "productId": "mother-energy-drink-berry-500ml",
            "productShopPage": "https://ranui.store.freshchoice.co.nz/lines/mother-energy-drink-berry-500ml",
            "productImageURL": "https://dtgxwmigmg3gc.cloudfront.net/imagery/assets/derivations/icon/512/512/true/eyJpZCI6ImRhYTJlNjUzNzRjZjViNjI0ZDljNzUzNDA3YmE0ZDFkIiwic3RvcmFnZSI6InB1YmxpY19zdG9yZSJ9?signature=d9ffb465d71d599811c2ff7a788845bfe297eb3624ad7866a89cf0b3ece073f0",
            "productDescription": ""
        },
        "priceData": {
            "bestPrice": "2.00",
            "price": "2.00",
            "pricePerLitre": 6.0,
            "bestPricePerLitre": 6.0
        },
        "store": {
            "id": "5e76c0e5ec28665ada001509",
            "name": "Ranui"
        }
    },
    {
        "productData": {
            "name": "Mother Energy Drink Black 500ml",
            "productId": "mother-energy-drink-black-500ml",
            "productShopPage": "https://ranui.store.freshchoice.co.nz/lines/mother-energy-drink-black-500ml",
            "productImageURL": "https://dtgxwmigmg3gc.cloudfront.net/imagery/assets/derivations/icon/512/512/true/eyJpZCI6ImYyMzA5MjhkYjg3ODFhYmYzZDU3ZjE1YjNmYzU2MWFjIiwic3RvcmFnZSI6InB1YmxpY19zdG9yZSJ9?signature=d3dbddb83d3d457075cd5d8936bef0c5b48fce4fa3fe725995d8b6d57219ceb5",
            "productDescription": ""
        },
        "priceData": {
            "bestPrice": "2.00",
            "price": "2.00",
            "pricePerLitre": 4.0,
            "bestPricePerLitre": 4.0
        },
        "store": {
            "id": "5e76c0e5ec28665ada001509",
            "name": "Ranui"
        }
    },
    {
        "productData": {
            "name": "Mother Tropical Blast 500ml",
            "productId": "mother-tropical-blast-500ml",
            "productShopPage": "https://ranui.store.freshchoice.co.nz/lines/mother-tropical-blast-500ml",
            "productImageURL": "https://dtgxwmigmg3gc.cloudfront.net/imagery/assets/derivations/icon/512/512/true/eyJpZCI6ImEyZmM1OTUwNDhlODM5YTRhMjQ2MTI1OGEyYzNlZWZhIiwic3RvcmFnZSI6InB1YmxpY19zdG9yZSJ9?signature=6c9470ee4067e8ec32b58eeac9d628404d3986058a9b1cdef46014d1bee50944",
            "productDescription": ""
        },
        "priceData": {
            "bestPrice": "2.00",
            "price": "2.00",
            "pricePerLitre": 4.0,
            "bestPricePerLitre": 4.0
        },
        "store": {
            "id": "5e76c0e5ec28665ada001509",
            "name": "Ranui"
        }
    },
    {
        "productData": {
            "name": "Mother Epic Swell Energy Drink Twisted Apple 500ml",
            "productId": "mother-epic-swell-energy-drink-twisted-apple-500ml",
            "productShopPage": "https://ranui.store.freshchoice.co.nz/lines/mother-epic-swell-energy-drink-twisted-apple-500ml",
            "productImageURL": "https://dtgxwmigmg3gc.cloudfront.net/imagery/assets/derivations/icon/512/512/true/eyJpZCI6ImE2ZjYxOGNhNjUyYzMxNzRhNjg2MDBhMGVjZmQ3MmJkIiwic3RvcmFnZSI6InB1YmxpY19zdG9yZSJ9?signature=954f74f8aba0fb24cb2a5248b1e93fe8a62fb8c7f902abbb08b7aed24bc44c80",
            "productDescription": ""
        },
        "priceData": {
            "bestPrice": "2.00",
            "price": "2.00",
            "pricePerLitre": 4.0,
            "bestPricePerLitre": 4.0
        },
        "store": {
            "id": "5e76c0e5ec28665ada001509",
            "name": "Ranui"
        }
    },
    {
        "productData": {
            "name": "Monster Energy Juice Mango Loco 500ml",
            "productId": "monster-energy-juice-mango-loco-500ml-can",
            "productShopPage": "https://ranui.store.freshchoice.co.nz/lines/monster-energy-juice-mango-loco-500ml-can",
            "productImageURL": "https://dtgxwmigmg3gc.cloudfront.net/imagery/assets/derivations/icon/512/512/true/eyJpZCI6ImUyNmIyNzdlMzJkOTg5NjI4YWYxYzg2MTU2MjI0ZjgzIiwic3RvcmFnZSI6InB1YmxpY19zdG9yZSJ9?signature=db65ff44183396e60e8f4c13003417fb1277f7685b136cf223d7701f7e945faf",
            "productDescription": ""
        },
        "priceData": {
            "bestPrice": "3.00",
            "price": "3.00",
            "pricePerLitre": 6.0,
            "bestPricePerLitre": 6.0
        },
        "store": {
            "id": "5e76c0e5ec28665ada001509",
            "name": "Ranui"
        }
    },
    {
        "productData": {
            "name": "V Energy Drink 710ml Can",
            "productId": "v-energy-drink-710ml-can",
            "productShopPage": "https://ranui.store.freshchoice.co.nz/lines/v-energy-drink-710ml-can",
            "productImageURL": "https://dtgxwmigmg3gc.cloudfront.net/imagery/assets/derivations/icon/512/512/true/eyJpZCI6ImU1Mjg5NDIyNDI0MzhlNGM0N2IxY2FmMmExOWQ0OGI0Iiwic3RvcmFnZSI6InB1YmxpY19zdG9yZSJ9?signature=875386458f8ad66eb59967a1ca6ad24a19d1592f97a894e439af7d9be1852340",
            "productDescription": ""
        },
        "priceData": {
            "bestPrice": "3.99",
            "price": "3.99",
            "pricePerLitre": 5.6000000000000005,
            "bestPricePerLitre": 5.6000000000000005
        },
        "store": {
            "id": "5e76c0e5ec28665ada001509",
            "name": "Ranui"
        }
    },
    {
        "productData": {
            "name": "V Energy Drink Guarana 500ml",
            "productId": "v-energy-drink-guarana-500ml",
            "productShopPage": "https://ranui.store.freshchoice.co.nz/lines/v-energy-drink-guarana-500ml",
            "productImageURL": "https://dtgxwmigmg3gc.cloudfront.net/imagery/assets/derivations/icon/512/512/true/eyJpZCI6IjgzZDAxMjhiMzg4NmEwZmE4YTE2ZjY2NWIzNmM2NzI2Iiwic3RvcmFnZSI6InB1YmxpY19zdG9yZSJ9?signature=f55ecc561066291a4e74a967db35ea2355f881bd1708bf400fd790032384ae4f",
            "productDescription": ""
        },
        "priceData": {
            "bestPrice": "3.80",
            "price": "3.80",
            "pricePerLitre": 7.6,
            "bestPricePerLitre": 7.6
        },
        "store": {
            "id": "5e76c0e5ec28665ada001509",
            "name": "Ranui"
        }
    },
    {
        "productData": {
            "name": "V Energy Drink Sugarfree 500ml",
            "productId": "v-energy-drink-sugarfree-500ml",
            "productShopPage": "https://ranui.store.freshchoice.co.nz/lines/v-energy-drink-sugarfree-500ml",
            "productImageURL": "https://dtgxwmigmg3gc.cloudfront.net/imagery/assets/derivations/icon/512/512/true/eyJpZCI6ImVkZTAxNTNmMDI1NmU1NDZjNWQ5MTc3MjE3ZTQ3YTQ0Iiwic3RvcmFnZSI6InB1YmxpY19zdG9yZSJ9?signature=abcf72d9faa9ee3044eaa3b7ee0bf9b4fd8f582379018d8727f2234b7d3f3c85",
            "productDescription": ""
        },
        "priceData": {
            "bestPrice": "3.80",
            "price": "3.80",
            "pricePerLitre": 7.6,
            "bestPricePerLitre": 7.6
        },
        "store": {
            "id": "5e76c0e5ec28665ada001509",
            "name": "Ranui"
        }
    },
    {
        "productData": {
            "name": "V Energy Drink Sugar Free Guarana 250ml",
            "productId": "v-energy-drink-sugar-free-guarana-250ml",
            "productShopPage": "https://ranui.store.freshchoice.co.nz/lines/v-energy-drink-sugar-free-guarana-250ml",
            "productImageURL": "https://dtgxwmigmg3gc.cloudfront.net/imagery/assets/derivations/icon/512/512/true/eyJpZCI6ImZiNzM1NmU4NTMyZDllODlkZTljZmNlOGY2MzQ5NGQwIiwic3RvcmFnZSI6InB1YmxpY19zdG9yZSJ9?signature=72b0ce0a48ca796717c115fe5e8b4564501470f63bf80ae865d26e9d131a2b8c",
            "productDescription": ""
        },
        "priceData": {
            "bestPrice": "2.20",
            "price": "2.20",
            "pricePerLitre": 8.8,
            "bestPricePerLitre": 8.8
        },
        "store": {
            "id": "5e76c0e5ec28665ada001509",
            "name": "Ranui"
        }
    },
    {
        "productData": {
            "name": "V Energy Drink Blue Guarana Spritzed 350ml",
            "productId": "v-blue-energy-drink-blue-guarana-spritzed-350ml",
            "productShopPage": "https://ranui.store.freshchoice.co.nz/lines/v-blue-energy-drink-blue-guarana-spritzed-350ml",
            "productImageURL": "https://dtgxwmigmg3gc.cloudfront.net/imagery/assets/derivations/icon/512/512/true/eyJpZCI6ImY2OTRlZGI4NjdlNWMzZDM5NzgzMDQ0ODFkMzUxZGZiIiwic3RvcmFnZSI6InB1YmxpY19zdG9yZSJ9?signature=591b3079cb9c2407a29b3bc348eaf42dc1d34daba5c9d7aba65be654725b6719",
            "productDescription": ""
        },
        "priceData": {
            "bestPrice": "2.30",
            "price": "2.30",
            "pricePerLitre": 10.0,
            "bestPricePerLitre": 10.0
        },
        "store": {
            "id": "5e76c0e5ec28665ada001509",
            "name": "Ranui"
        }
    },
    {
        "productData": {
            "name": "V Energy Drink Green Guarana 350ml",
            "productId": "v-energy-drink-green-guarana-350ml",
            "productShopPage": "https://ranui.store.freshchoice.co.nz/lines/v-energy-drink-green-guarana-350ml",
            "productImageURL": "https://dtgxwmigmg3gc.cloudfront.net/imagery/assets/derivations/icon/512/512/true/eyJpZCI6IjRiNjY4ZjYxOTQ2ODYyN2MzM2NiZWMyNGUyNmIyODk4Iiwic3RvcmFnZSI6InB1YmxpY19zdG9yZSJ9?signature=4cded9cb42349eef45a593461f311b1bb7fa881295733879671ad9fe9887d30c",
            "productDescription": ""
        },
        "priceData": {
            "bestPrice": "2.30",
            "price": "2.30",
            "pricePerLitre": 10.0,
            "bestPricePerLitre": 10.0
        },
        "store": {
            "id": "5e76c0e5ec28665ada001509",
            "name": "Ranui"
        }
    },
    {
        "productData": {
            "name": "V Energy Drink Guarana Can 250ml",
            "productId": "v-energy-drink-guarana-can-250ml",
            "productShopPage": "https://ranui.store.freshchoice.co.nz/lines/v-energy-drink-guarana-can-250ml",
            "productImageURL": "https://dtgxwmigmg3gc.cloudfront.net/imagery/assets/derivations/icon/512/512/true/eyJpZCI6Ijc3Nzk1NjE2ZDhhNmFiMThhYzEzODYzOTg2ZmNkNzgwIiwic3RvcmFnZSI6InB1YmxpY19zdG9yZSJ9?signature=f5de1854d43e19cc62bff86893d4a55615cd916f8425a4dccd170b52eba81255",
            "productDescription": ""
        },
        "priceData": {
            "bestPrice": "2.20",
            "price": "2.20",
            "pricePerLitre": 8.8,
            "bestPricePerLitre": 8.8
        },
        "store": {
            "id": "5e76c0e5ec28665ada001509",
            "name": "Ranui"
        }
    },
    {
        "productData": {
            "name": "V Energy Drink Guarana Can 500ml",
            "productId": "v-energy-drink-guarana-can-500ml",
            "productShopPage": "https://ranui.store.freshchoice.co.nz/lines/v-energy-drink-guarana-can-500ml",
            "productImageURL": "https://dtgxwmigmg3gc.cloudfront.net/imagery/assets/derivations/icon/512/512/true/eyJpZCI6ImI0NjgzNGZjNDRkMjU0MjgzYzJjZGNhMzA2NWIxYjA5Iiwic3RvcmFnZSI6InB1YmxpY19zdG9yZSJ9?signature=265e8273409849423466e7623cbbdf8352940707b8830803eec391e8f32c9c5f",
            "productDescription": ""
        },
        "priceData": {
            "bestPrice": "3.50",
            "price": "3.50",
            "pricePerLitre": 7.0,
            "bestPricePerLitre": 7.0
        },
        "store": {
            "id": "5e76c0e5ec28665ada001509",
            "name": "Ranui"
        }
    },
    {
        "productData": {
            "name": "V Energy Drink Raspberry Lemonade 350ml",
            "productId": "v-energy-drink-raspberry-lemonade-350ml",
            "productShopPage": "https://ranui.store.freshchoice.co.nz/lines/v-energy-drink-raspberry-lemonade-350ml",
            "productImageURL": "https://dtgxwmigmg3gc.cloudfront.net/imagery/assets/derivations/icon/512/512/true/eyJpZCI6IjliNWMwMGJkN2IxYWRhY2UxNzU5NzY1ZTI4MjUzZDgyIiwic3RvcmFnZSI6InB1YmxpY19zdG9yZSJ9?signature=1813e587f3636e394a15aa9e19234f9343024a6880220b0dda0a5d69b1f1c010",
            "productDescription": ""
        },
        "priceData": {
            "bestPrice": "2.30",
            "price": "2.30",
            "pricePerLitre": 10.0,
            "bestPricePerLitre": 10.0
        },
        "store": {
            "id": "5e76c0e5ec28665ada001509",
            "name": "Ranui"
        }
    },
    {
        "productData": {
            "name": "V Energy Drink Sugar Free Guarana 500ml",
            "productId": "v-energy-drink-sugar-free-guarana-500ml",
            "productShopPage": "https://ranui.store.freshchoice.co.nz/lines/v-energy-drink-sugar-free-guarana-500ml",
            "productImageURL": "https://dtgxwmigmg3gc.cloudfront.net/imagery/assets/derivations/icon/512/512/true/eyJpZCI6Ijg4MGExMDYxOTY4NTJiYzM1ZTExMmU2MGE2OWYxNDE3Iiwic3RvcmFnZSI6InB1YmxpY19zdG9yZSJ9?signature=b0536d25b9da8158705e24c88e21fabbf85c1dabc19f18108c386e956ffd7045",
            "productDescription": ""
        },
        "priceData": {
            "bestPrice": "3.50",
            "price": "3.50",
            "pricePerLitre": 7.0,
            "bestPricePerLitre": 7.0
        },
        "store": {
            "id": "5e76c0e5ec28665ada001509",
            "name": "Ranui"
        }
    },
    {
        "productData": {
            "name": "V Blue Energy Drink Bottle 500ml",
            "productId": "v-blue-energy-drink-bottle-500ml",
            "productShopPage": "https://ranui.store.freshchoice.co.nz/lines/v-blue-energy-drink-bottle-500ml",
            "productImageURL": "https://dtgxwmigmg3gc.cloudfront.net/imagery/assets/derivations/icon/512/512/true/eyJpZCI6IjgyYWYxYWY4MGI4MzUxODhiYmVhZGVhM2U2NzY0MzI5Iiwic3RvcmFnZSI6InB1YmxpY19zdG9yZSJ9?signature=7e70fc576864a528a1431734d680cbf177a11b419a692dbfd34800c31b8944ec",
            "productDescription": ""
        },
        "priceData": {
            "bestPrice": "3.80",
            "price": "3.80",
            "pricePerLitre": 7.6,
            "bestPricePerLitre": 7.6
        },
        "store": {
            "id": "5e76c0e5ec28665ada001509",
            "name": "Ranui"
        }
    },
    {
        "productData": {
            "name": "V Blue Sugarfree Energy Drink 500ml",
            "productId": "v-blue-sugarfree-energy-drink-500ml",
            "productShopPage": "https://ranui.store.freshchoice.co.nz/lines/v-blue-sugarfree-energy-drink-500ml",
            "productImageURL": "https://dtgxwmigmg3gc.cloudfront.net/imagery/assets/derivations/icon/512/512/true/eyJpZCI6ImVmYjQyOWRmM2JjZjc3NTY1ZDIwMTEyNTY0MDdmZjA1Iiwic3RvcmFnZSI6InB1YmxpY19zdG9yZSJ9?signature=2911d59474d8305039a3be3bef0f887c38d9ab84596314b13cc4b150101175ab",
            "productDescription": ""
        },
        "priceData": {
            "bestPrice": "3.50",
            "price": "3.50",
            "pricePerLitre": 7.0,
            "bestPricePerLitre": 7.0
        },
        "store": {
            "id": "5e76c0e5ec28665ada001509",
            "name": "Ranui"
        }
    },
    {
        "productData": {
            "name": "V Raspberry Lemonade Energy Drink 500ml",
            "productId": "v-energy-drink-raspberry-lemonade-500ml-can",
            "productShopPage": "https://ranui.store.freshchoice.co.nz/lines/v-energy-drink-raspberry-lemonade-500ml-can",
            "productImageURL": "https://dtgxwmigmg3gc.cloudfront.net/imagery/assets/derivations/icon/512/512/true/eyJpZCI6ImE3N2Y5NzBmY2FhOWZhYmZiOTc3MmYyMzE4MGRiOTcxIiwic3RvcmFnZSI6InB1YmxpY19zdG9yZSJ9?signature=2bb7890fe6d7b0c0c6a522be31c78077be0aa570ca4c8aa5549ccf80761262dc",
            "productDescription": ""
        },
        "priceData": {
            "bestPrice": "3.50",
            "price": "3.50",
            "pricePerLitre": 7.0,
            "bestPricePerLitre": 7.0
        },
        "store": {
            "id": "5e76c0e5ec28665ada001509",
            "name": "Ranui"
        }
    },
    {
        "productData": {
            "name": "V Blue Energy Drink Blue Guarana Can 250ml",
            "productId": "v-blue-energy-drink-blue-guarana-can-250ml",
            "productShopPage": "https://ranui.store.freshchoice.co.nz/lines/v-blue-energy-drink-blue-guarana-can-250ml",
            "productImageURL": "https://dtgxwmigmg3gc.cloudfront.net/imagery/assets/derivations/icon/512/512/true/eyJpZCI6IjBmZjQwNDEyZWQ2ZDk4YTg3YWQ2ZDUyMWZlNjM1YzJkIiwic3RvcmFnZSI6InB1YmxpY19zdG9yZSJ9?signature=8f745abe5614ec47b3d7a07f1a34ba529184a87b2a696211ba5a0f9f29c86bf0",
            "productDescription": ""
        },
        "priceData": {
            "bestPrice": "2.20",
            "price": "2.20",
            "pricePerLitre": 8.8,
            "bestPricePerLitre": 8.8
        },
        "store": {
            "id": "5e76c0e5ec28665ada001509",
            "name": "Ranui"
        }
    },
    {
        "productData": {
            "name": "V Blue Energy Drink Blue Guarana Can 500ml",
            "productId": "v-blue-energy-drink-blue-guarana-can-500ml",
            "productShopPage": "https://ranui.store.freshchoice.co.nz/lines/v-blue-energy-drink-blue-guarana-can-500ml",
            "productImageURL": "https://dtgxwmigmg3gc.cloudfront.net/imagery/assets/derivations/icon/512/512/true/eyJpZCI6ImFmYjEyYjVjYTU2YWI5ZDJhMTVmNGY2MDg2NWFlNzgxIiwic3RvcmFnZSI6InB1YmxpY19zdG9yZSJ9?signature=b537a8cc5a2c0f90f1702b2c541db44c3a740a0ec4a96e92ab2d6537f9320e8d",
            "productDescription": ""
        },
        "priceData": {
            "bestPrice": "3.50",
            "price": "3.50",
            "pricePerLitre": 7.0,
            "bestPricePerLitre": 7.0
        },
        "store": {
            "id": "5e76c0e5ec28665ada001509",
            "name": "Ranui"
        }
    },
    {
        "productData": {
            "name": "V Iced Coffee Guarana Energy 500ml",
            "productId": "v-iced-coffee-guarana-energy-500ml",
            "productShopPage": "https://ranui.store.freshchoice.co.nz/lines/v-iced-coffee-guarana-energy-500ml",
            "productImageURL": "https://dtgxwmigmg3gc.cloudfront.net/imagery/assets/derivations/icon/512/512/true/eyJpZCI6ImM0Zjc4YjRmYWVjMjk0NTJkZTNkYzZjNmY5MzBlMjU2Iiwic3RvcmFnZSI6InB1YmxpY19zdG9yZSJ9?signature=14312b2813aab9c1ad551700ec97cd58a3a7f95bef4d0bd7ae7aa2dcf8fcdc9d",
            "productDescription": ""
        },
        "priceData": {
            "bestPrice": "4.00",
            "price": "4.00"
        },
        "store": {
            "id": "5e76c0e5ec28665ada001509",
            "name": "Ranui"
        }
    },
    {
        "productData": {
            "name": "V Iced Mocha Guarana Energy 500ml",
            "productId": "v-iced-mocha-guarana-energy-500ml",
            "productShopPage": "https://ranui.store.freshchoice.co.nz/lines/v-iced-mocha-guarana-energy-500ml",
            "productImageURL": "https://dtgxwmigmg3gc.cloudfront.net/imagery/assets/derivations/icon/512/512/true/eyJpZCI6ImNiMDRkODVlZmQ2YjhiZGMxMWU4Zjk5OGEwOTczODg1Iiwic3RvcmFnZSI6InB1YmxpY19zdG9yZSJ9?signature=3e63d4ec34ef65794a07ea00749a785cb88ce90997e6e7d12629c3c0f205de6d",
            "productDescription": ""
        },
        "priceData": {
            "bestPrice": "4.00",
            "price": "4.00"
        },
        "store": {
            "id": "5e76c0e5ec28665ada001509",
            "name": "Ranui"
        }
    },
    {
        "productData": {
            "name": "V Energy Drink Sugar Free Guarana 275ml 4 Pack",
            "productId": "v-energy-drink-sugar-free-guarana-275ml-4-pack",
            "productShopPage": "https://ranui.store.freshchoice.co.nz/lines/v-energy-drink-sugar-free-guarana-275ml-4-pack",
            "productImageURL": "https://dtgxwmigmg3gc.cloudfront.net/imagery/assets/derivations/icon/512/512/true/eyJpZCI6IjdiYzk4MzAyN2RlNTU0MjQ4NDZkZTEzOTYzMDhmZWY0Iiwic3RvcmFnZSI6InB1YmxpY19zdG9yZSJ9?signature=6fe2c0378a010de1a1a8a9b1ea9c06d97cf3e6fef4a86c66b9cdd5f4bab7bcd6",
            "productDescription": ""
        },
        "priceData": {
            "bestPrice": "9.39",
            "price": "9.39",
            "pricePerLitre": 8.5,
            "bestPricePerLitre": 8.5
        },
        "store": {
            "id": "5e76c0e5ec28665ada001509",
            "name": "Ranui"
        }
    },
    {
        "productData": {
            "name": "V Energy Drink Sugar Free Guarana Bottle 350ml",
            "productId": "v-energy-drink-sugar-free-guarana-bottle-350ml",
            "productShopPage": "https://ranui.store.freshchoice.co.nz/lines/v-energy-drink-sugar-free-guarana-bottle-350ml",
            "productImageURL": "https://dtgxwmigmg3gc.cloudfront.net/imagery/assets/derivations/icon/512/512/true/eyJpZCI6IjQzYmZlOTg1YzY2ZGQ0ZDI1YzUyZDk3MGJhMmJhMGM3Iiwic3RvcmFnZSI6InB1YmxpY19zdG9yZSJ9?signature=7a4bb3eb2264f52495ae9ba8fbf21b5a3e59e12c0d6208cfa1591261da333f55",
            "productDescription": ""
        },
        "priceData": {
            "bestPrice": "2.30",
            "price": "2.30",
            "pricePerLitre": 10.0,
            "bestPricePerLitre": 10.0
        },
        "store": {
            "id": "5e76c0e5ec28665ada001509",
            "name": "Ranui"
        }
    },
    {
        "productData": {
            "name": "Monster Energy Pipeline Punch 500ml",
            "productId": "monster-energy-pipeline-punch-500ml",
            "productShopPage": "https://ranui.store.freshchoice.co.nz/lines/monster-energy-pipeline-punch-500ml",
            "productImageURL": "https://dtgxwmigmg3gc.cloudfront.net/imagery/assets/derivations/icon/512/512/true/eyJpZCI6IjM3ZWY2OTY5OWFlNTJlZTRjNTY1ZmFmYWIwOTIxMjg4Iiwic3RvcmFnZSI6InB1YmxpY19zdG9yZSJ9?signature=79ed6699c35bd716a9d5d9457c39ce62c523edaa4059b6b45d4dcc7caf65cef9",
            "productDescription": ""
        },
        "priceData": {
            "bestPrice": "3.00",
            "price": "3.00",
            "pricePerLitre": 6.0,
            "bestPricePerLitre": 6.0
        },
        "store": {
            "id": "5e76c0e5ec28665ada001509",
            "name": "Ranui"
        }
    },
    {
        "productData": {
            "name": "Live Plus Energy Drink Citrus Flavour 500ml",
            "productId": "live-plus-persist-500ml",
            "productShopPage": "https://ranui.store.freshchoice.co.nz/lines/live-plus-persist-500ml",
            "productImageURL": "https://dtgxwmigmg3gc.cloudfront.net/imagery/assets/derivations/icon/512/512/true/eyJpZCI6IjFlNWQ5YzI4OWM1N2UzNmYzZmI2NThlMDQzZTI3ZjE4Iiwic3RvcmFnZSI6InB1YmxpY19zdG9yZSJ9?signature=756b17fefe47174b90e7dbec8cd09db27f9f59f4994bc750b71256ae93ba9fa8",
            "productDescription": ""
        },
        "priceData": {
            "bestPrice": "2.00",
            "price": "2.00",
            "pricePerLitre": 4.0,
            "bestPricePerLitre": 4.0
        },
        "store": {
            "id": "5e76c0e5ec28665ada001509",
            "name": "Ranui"
        }
    },
    {
        "productData": {
            "name": "Live Plus Energy Drink Tart Apple Apple Flavour 500ml",
            "productId": "live-plus-ignite-500ml",
            "productShopPage": "https://ranui.store.freshchoice.co.nz/lines/live-plus-ignite-500ml",
            "productImageURL": "https://dtgxwmigmg3gc.cloudfront.net/imagery/assets/derivations/icon/512/512/true/eyJpZCI6IjViOGViZjhmZTQzYjFlYTMzNDM5YjJjMjg3ZDRmY2YyIiwic3RvcmFnZSI6InB1YmxpY19zdG9yZSJ9?signature=140ae19352cd0dcec7e77f90fa4dfaa9fa17086439f730510afc5d906e1415bf",
            "productDescription": ""
        },
        "priceData": {
            "bestPrice": "2.00",
            "price": "2.00",
            "pricePerLitre": 4.0,
            "bestPricePerLitre": 4.0
        },
        "store": {
            "id": "5e76c0e5ec28665ada001509",
            "name": "Ranui"
        }
    },
    {
        "productData": {
            "name": "Live Plus Energy Drink Original Citrus Flavour 6 x 250ml",
            "productId": "live-plus-persist-250ml-6pack",
            "productShopPage": "https://ranui.store.freshchoice.co.nz/lines/live-plus-persist-250ml-6pack",
            "productImageURL": "https://dtgxwmigmg3gc.cloudfront.net/imagery/assets/derivations/icon/512/512/true/eyJpZCI6IjNmODNiNGI4MzI4MzJmNzhjZmJhNDA1OGUyZWFlM2ZhIiwic3RvcmFnZSI6InB1YmxpY19zdG9yZSJ9?signature=0257f943d0c41562773e51cbd42327ad911228832e33494e9c30381e20305337",
            "productDescription": ""
        },
        "priceData": {
            "bestPrice": "7.70",
            "price": "7.70",
            "pricePerLitre": 5.1,
            "bestPricePerLitre": 5.1
        },
        "store": {
            "id": "5e76c0e5ec28665ada001509",
            "name": "Ranui"
        }
    },
    {
        "productData": {
            "name": "Rockstar Original Energy Drink 500ml",
            "productId": "rockstar-original-energy-drink-500ml",
            "productShopPage": "https://ranui.store.freshchoice.co.nz/lines/rockstar-original-energy-drink-500ml",
            "productImageURL": "https://dtgxwmigmg3gc.cloudfront.net/imagery/assets/derivations/icon/512/512/true/eyJpZCI6IjA1ZmRmMjE1MTQ0Zjk0YjgzMDFlNzEyMjQ5OWMzZjNjIiwic3RvcmFnZSI6InB1YmxpY19zdG9yZSJ9?signature=d3b539814d47e6a54c00fa8c8b73164ccb677a65cf673f3532132f7f04c657f5",
            "productDescription": ""
        },
        "priceData": {
            "bestPrice": "2.00",
            "price": "2.00",
            "pricePerLitre": 4.0,
            "bestPricePerLitre": 4.0
        },
        "store": {
            "id": "5e76c0e5ec28665ada001509",
            "name": "Ranui"
        }
    },
    {
        "productData": {
            "name": "Rockstar Punched Energy Guava 500ml",
            "productId": "rockstar-punched-energy-guava-500ml",
            "productShopPage": "https://ranui.store.freshchoice.co.nz/lines/rockstar-punched-energy-guava-500ml",
            "productImageURL": "https://dtgxwmigmg3gc.cloudfront.net/imagery/assets/derivations/icon/512/512/true/eyJpZCI6IjBmNGEyNjU2MGQwM2Y4OGI4MWE3ZTMyODUzYTRlN2QyIiwic3RvcmFnZSI6InB1YmxpY19zdG9yZSJ9?signature=fab45ac774e74d87cf7a79de075f47290676fd6d4afcf212198c745670d5ce29",
            "productDescription": ""
        },
        "priceData": {
            "bestPrice": "2.00",
            "price": "2.00",
            "pricePerLitre": 4.0,
            "bestPricePerLitre": 4.0
        },
        "store": {
            "id": "5e76c0e5ec28665ada001509",
            "name": "Ranui"
        }
    },
    {
        "productData": {
            "name": "Rockstar Energy Drink Blueberry Can 500ml",
            "productId": "rockstar-energy-drink-xdurance-blueberry-can-500ml",
            "productShopPage": "https://ranui.store.freshchoice.co.nz/lines/rockstar-energy-drink-xdurance-blueberry-can-500ml",
            "productImageURL": "https://dtgxwmigmg3gc.cloudfront.net/imagery/assets/derivations/icon/512/512/true/eyJpZCI6IjY1MTQ4NjBlZDIwNjhlNzI5ZmRhZGMxOTM0ODQyYWU3Iiwic3RvcmFnZSI6InB1YmxpY19zdG9yZSJ9?signature=1eec52fc35535ecd0973dd7428b24690138b0ff6988229d86ccc26bfb1bbfd24",
            "productDescription": ""
        },
        "priceData": {
            "bestPrice": "2.00",
            "price": "2.00",
            "pricePerLitre": 4.0,
            "bestPricePerLitre": 4.0
        },
        "store": {
            "id": "5e76c0e5ec28665ada001509",
            "name": "Ranui"
        }
    },
    {
        "productData": {
            "name": "Mother Kicked Apple 500ml",
            "productId": "mother-kicked-apple-500ml",
            "productShopPage": "https://teawamutu.store.freshchoice.co.nz/lines/mother-kicked-apple-500ml",
            "productImageURL": "https://dtgxwmigmg3gc.cloudfront.net/imagery/assets/derivations/icon/512/512/true/eyJpZCI6IjNhZTlkYjkwYTM4MDFjMGEwYjUwYThhMDAwYjkyZjM0Iiwic3RvcmFnZSI6InB1YmxpY19zdG9yZSJ9?signature=c1a1db0a5d7b074c388cf08560fd44a4a2b6127821554198e54eeea8474325f6",
            "productDescription": ""
        },
        "priceData": {
            "bestPrice": "2.00",
            "price": "2.00",
            "pricePerLitre": 4.0,
            "bestPricePerLitre": 4.0
        },
        "store": {
            "id": "5e75a5ab60b75a3dea037da2",
            "name": "Te Awamutu"
        }
    },
    {
        "productData": {
            "name": "Monster Energy Import 550ml",
            "productId": "monster-energy-import-550ml",
            "productShopPage": "https://teawamutu.store.freshchoice.co.nz/lines/monster-energy-import-550ml",
            "productImageURL": "https://dtgxwmigmg3gc.cloudfront.net/imagery/assets/derivations/icon/512/512/true/eyJpZCI6IjExYzliZTgxY2M3MTNjMDQzM2NmZGQ2ZWE1NjI3MTA0Iiwic3RvcmFnZSI6InB1YmxpY19zdG9yZSJ9?signature=e09322a0a00112a858095e689d2e825f79d154fd3e8577005948dde9d51afb47",
            "productDescription": ""
        },
        "priceData": {
            "bestPrice": "3.39",
            "price": "3.39"
        },
        "store": {
            "id": "5e75a5ab60b75a3dea037da2",
            "name": "Te Awamutu"
        }
    },
    {
        "productData": {
            "name": "Monster Energy Ultra Paradise 500ml",
            "productId": "monster-energy-drink-ultra-paradise-500ml",
            "productShopPage": "https://teawamutu.store.freshchoice.co.nz/lines/monster-energy-drink-ultra-paradise-500ml",
            "productImageURL": "https://dtgxwmigmg3gc.cloudfront.net/imagery/assets/derivations/icon/512/512/true/eyJpZCI6ImZiZDRkZTQxNzA0M2FiYTUyMjMwZWI0NTcyZGNmYTE1Iiwic3RvcmFnZSI6InB1YmxpY19zdG9yZSJ9?signature=8a439bf26b71114289dfea1720ed331b1e4784c534deade29db8ac38b1cc7c1a",
            "productDescription": ""
        },
        "priceData": {
            "bestPrice": "3.00",
            "price": "3.00",
            "pricePerLitre": 6.0,
            "bestPricePerLitre": 6.0
        },
        "store": {
            "id": "5e75a5ab60b75a3dea037da2",
            "name": "Te Awamutu"
        }
    },
    {
        "productData": {
            "name": "Monster Energy Ultra Zero 500ml",
            "productId": "monster-energy-ultra-zero-500ml",
            "productShopPage": "https://teawamutu.store.freshchoice.co.nz/lines/monster-energy-ultra-zero-500ml",
            "productImageURL": "https://dtgxwmigmg3gc.cloudfront.net/imagery/assets/derivations/icon/512/512/true/eyJpZCI6IjdhN2FhYTUwZWU2NTYwYjBiNGY1NThhMTgwNmVlODI3Iiwic3RvcmFnZSI6InB1YmxpY19zdG9yZSJ9?signature=7907c49ba7d043175a426f84a71776de7dd51fa5c249237063aca9cb098abdbe",
            "productDescription": ""
        },
        "priceData": {
            "bestPrice": "3.00",
            "price": "3.00",
            "pricePerLitre": 6.0,
            "bestPricePerLitre": 6.0
        },
        "store": {
            "id": "5e75a5ab60b75a3dea037da2",
            "name": "Te Awamutu"
        }
    },
    {
        "productData": {
            "name": "Monster Energy Green 500ml",
            "productId": "monster-energy-green-500ml",
            "productShopPage": "https://teawamutu.store.freshchoice.co.nz/lines/monster-energy-green-500ml",
            "productImageURL": "https://dtgxwmigmg3gc.cloudfront.net/imagery/assets/derivations/icon/512/512/true/eyJpZCI6ImU3ZjNiNjJiNzI4Y2M0MTIxMjhiNjQ2ZmQ2OTQzMGEzIiwic3RvcmFnZSI6InB1YmxpY19zdG9yZSJ9?signature=637eac56411f57a79f345ea693f1418330d5742c3a04caddb460696dba06da06",
            "productDescription": ""
        },
        "priceData": {
            "bestPrice": "3.00",
            "price": "3.00",
            "pricePerLitre": 6.0,
            "bestPricePerLitre": 6.0
        },
        "store": {
            "id": "5e75a5ab60b75a3dea037da2",
            "name": "Te Awamutu"
        }
    },
    {
        "productData": {
            "name": "Monster Energy Drink Ultra Rosa 500ml",
            "productId": "monster-energy-drink-ultra-rosa-500ml",
            "productShopPage": "https://teawamutu.store.freshchoice.co.nz/lines/monster-energy-drink-ultra-rosa-500ml",
            "productImageURL": "https://dtgxwmigmg3gc.cloudfront.net/imagery/assets/derivations/icon/512/512/true/eyJpZCI6IjZjYzFjMzcwYzM4Mzk4N2MyOTUzNWIyMTFjZTJlYjgxIiwic3RvcmFnZSI6InB1YmxpY19zdG9yZSJ9?signature=9cd08284785f9b24647ecc7d1dc08214d9d00318cc809bebdef1921d6b78bb95",
            "productDescription": ""
        },
        "priceData": {
            "bestPrice": "3.00",
            "price": "3.00",
            "pricePerLitre": 6.0,
            "bestPricePerLitre": 6.0
        },
        "store": {
            "id": "5e75a5ab60b75a3dea037da2",
            "name": "Te Awamutu"
        }
    },
    {
        "productData": {
            "name": "Mother Energy Drink Berry 500ml",
            "productId": "mother-energy-drink-berry-500ml",
            "productShopPage": "https://teawamutu.store.freshchoice.co.nz/lines/mother-energy-drink-berry-500ml",
            "productImageURL": "https://dtgxwmigmg3gc.cloudfront.net/imagery/assets/derivations/icon/512/512/true/eyJpZCI6ImRhYTJlNjUzNzRjZjViNjI0ZDljNzUzNDA3YmE0ZDFkIiwic3RvcmFnZSI6InB1YmxpY19zdG9yZSJ9?signature=d9ffb465d71d599811c2ff7a788845bfe297eb3624ad7866a89cf0b3ece073f0",
            "productDescription": ""
        },
        "priceData": {
            "bestPrice": "2.00",
            "price": "2.00",
            "pricePerLitre": 4.0,
            "bestPricePerLitre": 4.0
        },
        "store": {
            "id": "5e75a5ab60b75a3dea037da2",
            "name": "Te Awamutu"
        }
    },
    {
        "productData": {
            "name": "Mother Energy Drink Black 500ml",
            "productId": "mother-energy-drink-black-500ml",
            "productShopPage": "https://teawamutu.store.freshchoice.co.nz/lines/mother-energy-drink-black-500ml",
            "productImageURL": "https://dtgxwmigmg3gc.cloudfront.net/imagery/assets/derivations/icon/512/512/true/eyJpZCI6ImYyMzA5MjhkYjg3ODFhYmYzZDU3ZjE1YjNmYzU2MWFjIiwic3RvcmFnZSI6InB1YmxpY19zdG9yZSJ9?signature=d3dbddb83d3d457075cd5d8936bef0c5b48fce4fa3fe725995d8b6d57219ceb5",
            "productDescription": ""
        },
        "priceData": {
            "bestPrice": "2.00",
            "price": "2.00",
            "pricePerLitre": 4.0,
            "bestPricePerLitre": 4.0
        },
        "store": {
            "id": "5e75a5ab60b75a3dea037da2",
            "name": "Te Awamutu"
        }
    },
    {
        "productData": {
            "name": "Mother Energy Drink Cans 6x250ml",
            "productId": "mother-energy-drink-6x250ml-cans",
            "productShopPage": "https://teawamutu.store.freshchoice.co.nz/lines/mother-energy-drink-6x250ml-cans",
            "productImageURL": "https://dtgxwmigmg3gc.cloudfront.net/imagery/assets/derivations/icon/512/512/true/eyJpZCI6IjEyOGFhMmU0Y2VkYTU4ZWFkZmVhOWUwZjdlNTZhOTA4Iiwic3RvcmFnZSI6InB1YmxpY19zdG9yZSJ9?signature=5db1908f64527cf28fa7bf3266a83ab854a07ca50453511f7d414d8e6d5c10fb",
            "productDescription": ""
        },
        "priceData": {
            "bestPrice": "7.70",
            "price": "7.70",
            "pricePerLitre": 5.1,
            "bestPricePerLitre": 5.1
        },
        "store": {
            "id": "5e75a5ab60b75a3dea037da2",
            "name": "Te Awamutu"
        }
    },
    {
        "productData": {
            "name": "Mother Energy Drink Passion 500ml",
            "productId": "mother-energy-drink-passion-500ml",
            "productShopPage": "https://teawamutu.store.freshchoice.co.nz/lines/mother-energy-drink-passion-500ml",
            "productImageURL": "https://dtgxwmigmg3gc.cloudfront.net/imagery/assets/derivations/icon/512/512/true/eyJpZCI6ImQwODE2YTc4ZjBmNGU4NTU5Mzg1YjkxZmI5YjIzZjM0Iiwic3RvcmFnZSI6InB1YmxpY19zdG9yZSJ9?signature=713c495fef96a6427b917f0c7c7e855a963749ac5c1bf7dfd71e24ae08ea3123",
            "productDescription": ""
        },
        "priceData": {
            "bestPrice": "2.00",
            "price": "2.00",
            "pricePerLitre": 4.0,
            "bestPricePerLitre": 4.0
        },
        "store": {
            "id": "5e75a5ab60b75a3dea037da2",
            "name": "Te Awamutu"
        }
    },
    {
        "productData": {
            "name": "Mother Tropical Blast 500ml",
            "productId": "mother-tropical-blast-500ml",
            "productShopPage": "https://teawamutu.store.freshchoice.co.nz/lines/mother-tropical-blast-500ml",
            "productImageURL": "https://dtgxwmigmg3gc.cloudfront.net/imagery/assets/derivations/icon/512/512/true/eyJpZCI6ImEyZmM1OTUwNDhlODM5YTRhMjQ2MTI1OGEyYzNlZWZhIiwic3RvcmFnZSI6InB1YmxpY19zdG9yZSJ9?signature=6c9470ee4067e8ec32b58eeac9d628404d3986058a9b1cdef46014d1bee50944",
            "productDescription": ""
        },
        "priceData": {
            "bestPrice": "2.00",
            "price": "2.00",
            "pricePerLitre": 4.0,
            "bestPricePerLitre": 4.0
        },
        "store": {
            "id": "5e75a5ab60b75a3dea037da2",
            "name": "Te Awamutu"
        }
    },
    {
        "productData": {
            "name": "Mother Can Energy 250ml",
            "productId": "mother-can-energy-250ml",
            "productShopPage": "https://teawamutu.store.freshchoice.co.nz/lines/mother-can-energy-250ml",
            "productImageURL": "https://dtgxwmigmg3gc.cloudfront.net/imagery/assets/derivations/icon/512/512/true/eyJpZCI6IjVhOTg3YmMxMjJjMGU2MTcxY2VhNzRjMmY0YzdmNDc2Iiwic3RvcmFnZSI6InB1YmxpY19zdG9yZSJ9?signature=b86ce206a3fb5a708e03da17f785e4d2d6e9436aae122f10ca04f56e5325a61f",
            "productDescription": ""
        },
        "priceData": {
            "bestPrice": "2.86",
            "price": "2.86",
            "pricePerLitre": 5.699999999999999,
            "bestPricePerLitre": 5.699999999999999
        },
        "store": {
            "id": "5e75a5ab60b75a3dea037da2",
            "name": "Te Awamutu"
        }
    },
    {
        "productData": {
            "name": "Mother Epic Swell Energy Drink Twisted Apple 500ml",
            "productId": "mother-epic-swell-energy-drink-twisted-apple-500ml",
            "productShopPage": "https://teawamutu.store.freshchoice.co.nz/lines/mother-epic-swell-energy-drink-twisted-apple-500ml",
            "productImageURL": "https://dtgxwmigmg3gc.cloudfront.net/imagery/assets/derivations/icon/512/512/true/eyJpZCI6ImE2ZjYxOGNhNjUyYzMxNzRhNjg2MDBhMGVjZmQ3MmJkIiwic3RvcmFnZSI6InB1YmxpY19zdG9yZSJ9?signature=954f74f8aba0fb24cb2a5248b1e93fe8a62fb8c7f902abbb08b7aed24bc44c80",
            "productDescription": ""
        },
        "priceData": {
            "bestPrice": "2.00",
            "price": "2.00",
            "pricePerLitre": 4.0,
            "bestPricePerLitre": 4.0
        },
        "store": {
            "id": "5e75a5ab60b75a3dea037da2",
            "name": "Te Awamutu"
        }
    },
    {
        "productData": {
            "name": "V Energy Drink 710ml Can",
            "productId": "v-energy-drink-710ml-can",
            "productShopPage": "https://teawamutu.store.freshchoice.co.nz/lines/v-energy-drink-710ml-can",
            "productImageURL": "https://dtgxwmigmg3gc.cloudfront.net/imagery/assets/derivations/icon/512/512/true/eyJpZCI6ImU1Mjg5NDIyNDI0MzhlNGM0N2IxY2FmMmExOWQ0OGI0Iiwic3RvcmFnZSI6InB1YmxpY19zdG9yZSJ9?signature=875386458f8ad66eb59967a1ca6ad24a19d1592f97a894e439af7d9be1852340",
            "productDescription": ""
        },
        "priceData": {
            "bestPrice": "3.99",
            "price": "3.99",
            "pricePerLitre": 5.6000000000000005,
            "bestPricePerLitre": 5.6000000000000005
        },
        "store": {
            "id": "5e75a5ab60b75a3dea037da2",
            "name": "Te Awamutu"
        }
    },
    {
        "productData": {
            "name": "V Energy Drink Guarana 500ml",
            "productId": "v-energy-drink-guarana-500ml",
            "productShopPage": "https://teawamutu.store.freshchoice.co.nz/lines/v-energy-drink-guarana-500ml",
            "productImageURL": "https://dtgxwmigmg3gc.cloudfront.net/imagery/assets/derivations/icon/512/512/true/eyJpZCI6IjgzZDAxMjhiMzg4NmEwZmE4YTE2ZjY2NWIzNmM2NzI2Iiwic3RvcmFnZSI6InB1YmxpY19zdG9yZSJ9?signature=f55ecc561066291a4e74a967db35ea2355f881bd1708bf400fd790032384ae4f",
            "productDescription": ""
        },
        "priceData": {
            "bestPrice": "3.80",
            "price": "3.80",
            "pricePerLitre": 7.6,
            "bestPricePerLitre": 7.6
        },
        "store": {
            "id": "5e75a5ab60b75a3dea037da2",
            "name": "Te Awamutu"
        }
    },
    {
        "productData": {
            "name": "V Energy Drink Sugarfree 500ml",
            "productId": "v-energy-drink-sugarfree-500ml",
            "productShopPage": "https://teawamutu.store.freshchoice.co.nz/lines/v-energy-drink-sugarfree-500ml",
            "productImageURL": "https://dtgxwmigmg3gc.cloudfront.net/imagery/assets/derivations/icon/512/512/true/eyJpZCI6ImVkZTAxNTNmMDI1NmU1NDZjNWQ5MTc3MjE3ZTQ3YTQ0Iiwic3RvcmFnZSI6InB1YmxpY19zdG9yZSJ9?signature=abcf72d9faa9ee3044eaa3b7ee0bf9b4fd8f582379018d8727f2234b7d3f3c85",
            "productDescription": ""
        },
        "priceData": {
            "bestPrice": "3.80",
            "price": "3.80",
            "pricePerLitre": 7.6,
            "bestPricePerLitre": 7.6
        },
        "store": {
            "id": "5e75a5ab60b75a3dea037da2",
            "name": "Te Awamutu"
        }
    },
    {
        "productData": {
            "name": "V Energy Drink Sugar Free Guarana 250ml",
            "productId": "v-energy-drink-sugar-free-guarana-250ml",
            "productShopPage": "https://teawamutu.store.freshchoice.co.nz/lines/v-energy-drink-sugar-free-guarana-250ml",
            "productImageURL": "https://dtgxwmigmg3gc.cloudfront.net/imagery/assets/derivations/icon/512/512/true/eyJpZCI6ImZiNzM1NmU4NTMyZDllODlkZTljZmNlOGY2MzQ5NGQwIiwic3RvcmFnZSI6InB1YmxpY19zdG9yZSJ9?signature=72b0ce0a48ca796717c115fe5e8b4564501470f63bf80ae865d26e9d131a2b8c",
            "productDescription": ""
        },
        "priceData": {
            "bestPrice": "2.20",
            "price": "2.20",
            "pricePerLitre": 8.8,
            "bestPricePerLitre": 8.8
        },
        "store": {
            "id": "5e75a5ab60b75a3dea037da2",
            "name": "Te Awamutu"
        }
    },
    {
        "productData": {
            "name": "V Energy Drink Blue Guarana Spritzed 350ml",
            "productId": "v-blue-energy-drink-blue-guarana-spritzed-350ml",
            "productShopPage": "https://teawamutu.store.freshchoice.co.nz/lines/v-blue-energy-drink-blue-guarana-spritzed-350ml",
            "productImageURL": "https://dtgxwmigmg3gc.cloudfront.net/imagery/assets/derivations/icon/512/512/true/eyJpZCI6ImY2OTRlZGI4NjdlNWMzZDM5NzgzMDQ0ODFkMzUxZGZiIiwic3RvcmFnZSI6InB1YmxpY19zdG9yZSJ9?signature=591b3079cb9c2407a29b3bc348eaf42dc1d34daba5c9d7aba65be654725b6719",
            "productDescription": ""
        },
        "priceData": {
            "bestPrice": "2.30",
            "price": "2.30",
            "pricePerLitre": 10.0,
            "bestPricePerLitre": 10.0
        },
        "store": {
            "id": "5e75a5ab60b75a3dea037da2",
            "name": "Te Awamutu"
        }
    },
    {
        "productData": {
            "name": "V Energy Drink Green Guarana 350ml",
            "productId": "v-energy-drink-green-guarana-350ml",
            "productShopPage": "https://teawamutu.store.freshchoice.co.nz/lines/v-energy-drink-green-guarana-350ml",
            "productImageURL": "https://dtgxwmigmg3gc.cloudfront.net/imagery/assets/derivations/icon/512/512/true/eyJpZCI6IjRiNjY4ZjYxOTQ2ODYyN2MzM2NiZWMyNGUyNmIyODk4Iiwic3RvcmFnZSI6InB1YmxpY19zdG9yZSJ9?signature=4cded9cb42349eef45a593461f311b1bb7fa881295733879671ad9fe9887d30c",
            "productDescription": ""
        },
        "priceData": {
            "bestPrice": "2.30",
            "price": "2.30",
            "pricePerLitre": 10.0,
            "bestPricePerLitre": 10.0
        },
        "store": {
            "id": "5e75a5ab60b75a3dea037da2",
            "name": "Te Awamutu"
        }
    },
    {
        "productData": {
            "name": "V Energy Drink Guarana Can 250ml",
            "productId": "v-energy-drink-guarana-can-250ml",
            "productShopPage": "https://teawamutu.store.freshchoice.co.nz/lines/v-energy-drink-guarana-can-250ml",
            "productImageURL": "https://dtgxwmigmg3gc.cloudfront.net/imagery/assets/derivations/icon/512/512/true/eyJpZCI6Ijc3Nzk1NjE2ZDhhNmFiMThhYzEzODYzOTg2ZmNkNzgwIiwic3RvcmFnZSI6InB1YmxpY19zdG9yZSJ9?signature=f5de1854d43e19cc62bff86893d4a55615cd916f8425a4dccd170b52eba81255",
            "productDescription": ""
        },
        "priceData": {
            "bestPrice": "2.20",
            "price": "2.20",
            "pricePerLitre": 8.8,
            "bestPricePerLitre": 8.8
        },
        "store": {
            "id": "5e75a5ab60b75a3dea037da2",
            "name": "Te Awamutu"
        }
    },
    {
        "productData": {
            "name": "V Energy Drink Guarana Can 500ml",
            "productId": "v-energy-drink-guarana-can-500ml",
            "productShopPage": "https://teawamutu.store.freshchoice.co.nz/lines/v-energy-drink-guarana-can-500ml",
            "productImageURL": "https://dtgxwmigmg3gc.cloudfront.net/imagery/assets/derivations/icon/512/512/true/eyJpZCI6ImI0NjgzNGZjNDRkMjU0MjgzYzJjZGNhMzA2NWIxYjA5Iiwic3RvcmFnZSI6InB1YmxpY19zdG9yZSJ9?signature=265e8273409849423466e7623cbbdf8352940707b8830803eec391e8f32c9c5f",
            "productDescription": ""
        },
        "priceData": {
            "bestPrice": "3.50",
            "price": "3.50",
            "pricePerLitre": 7.0,
            "bestPricePerLitre": 7.0
        },
        "store": {
            "id": "5e75a5ab60b75a3dea037da2",
            "name": "Te Awamutu"
        }
    },
    {
        "productData": {
            "name": "V Energy Drink Sugar Free Guarana 500ml",
            "productId": "v-energy-drink-sugar-free-guarana-500ml",
            "productShopPage": "https://teawamutu.store.freshchoice.co.nz/lines/v-energy-drink-sugar-free-guarana-500ml",
            "productImageURL": "https://dtgxwmigmg3gc.cloudfront.net/imagery/assets/derivations/icon/512/512/true/eyJpZCI6Ijg4MGExMDYxOTY4NTJiYzM1ZTExMmU2MGE2OWYxNDE3Iiwic3RvcmFnZSI6InB1YmxpY19zdG9yZSJ9?signature=b0536d25b9da8158705e24c88e21fabbf85c1dabc19f18108c386e956ffd7045",
            "productDescription": ""
        },
        "priceData": {
            "bestPrice": "3.50",
            "price": "3.50",
            "pricePerLitre": 7.0,
            "bestPricePerLitre": 7.0
        },
        "store": {
            "id": "5e75a5ab60b75a3dea037da2",
            "name": "Te Awamutu"
        }
    },
    {
        "productData": {
            "name": "V Blue Energy Drink Bottle 500ml",
            "productId": "v-blue-energy-drink-bottle-500ml",
            "productShopPage": "https://teawamutu.store.freshchoice.co.nz/lines/v-blue-energy-drink-bottle-500ml",
            "productImageURL": "https://dtgxwmigmg3gc.cloudfront.net/imagery/assets/derivations/icon/512/512/true/eyJpZCI6IjgyYWYxYWY4MGI4MzUxODhiYmVhZGVhM2U2NzY0MzI5Iiwic3RvcmFnZSI6InB1YmxpY19zdG9yZSJ9?signature=7e70fc576864a528a1431734d680cbf177a11b419a692dbfd34800c31b8944ec",
            "productDescription": ""
        },
        "priceData": {
            "bestPrice": "3.80",
            "price": "3.80",
            "pricePerLitre": 7.6,
            "bestPricePerLitre": 7.6
        },
        "store": {
            "id": "5e75a5ab60b75a3dea037da2",
            "name": "Te Awamutu"
        }
    },
    {
        "productData": {
            "name": "V Blue Sugarfree Energy Drink 500ml",
            "productId": "v-blue-sugarfree-energy-drink-500ml",
            "productShopPage": "https://teawamutu.store.freshchoice.co.nz/lines/v-blue-sugarfree-energy-drink-500ml",
            "productImageURL": "https://dtgxwmigmg3gc.cloudfront.net/imagery/assets/derivations/icon/512/512/true/eyJpZCI6ImVmYjQyOWRmM2JjZjc3NTY1ZDIwMTEyNTY0MDdmZjA1Iiwic3RvcmFnZSI6InB1YmxpY19zdG9yZSJ9?signature=2911d59474d8305039a3be3bef0f887c38d9ab84596314b13cc4b150101175ab",
            "productDescription": ""
        },
        "priceData": {
            "bestPrice": "3.50",
            "price": "3.50",
            "pricePerLitre": 7.0,
            "bestPricePerLitre": 7.0
        },
        "store": {
            "id": "5e75a5ab60b75a3dea037da2",
            "name": "Te Awamutu"
        }
    },
    {
        "productData": {
            "name": "V Raspberry Lemonade Energy Drink 500ml",
            "productId": "v-energy-drink-raspberry-lemonade-500ml-can",
            "productShopPage": "https://teawamutu.store.freshchoice.co.nz/lines/v-energy-drink-raspberry-lemonade-500ml-can",
            "productImageURL": "https://dtgxwmigmg3gc.cloudfront.net/imagery/assets/derivations/icon/512/512/true/eyJpZCI6ImE3N2Y5NzBmY2FhOWZhYmZiOTc3MmYyMzE4MGRiOTcxIiwic3RvcmFnZSI6InB1YmxpY19zdG9yZSJ9?signature=2bb7890fe6d7b0c0c6a522be31c78077be0aa570ca4c8aa5549ccf80761262dc",
            "productDescription": ""
        },
        "priceData": {
            "bestPrice": "3.50",
            "price": "3.50",
            "pricePerLitre": 7.0,
            "bestPricePerLitre": 7.0
        },
        "store": {
            "id": "5e75a5ab60b75a3dea037da2",
            "name": "Te Awamutu"
        }
    },
    {
        "productData": {
            "name": "V Blue Energy Drink 275ml Cans 4 Pack",
            "productId": "v-blue-energy-drink-275ml-cans-4-pack",
            "productShopPage": "https://teawamutu.store.freshchoice.co.nz/lines/v-blue-energy-drink-275ml-cans-4-pack",
            "productImageURL": "https://dtgxwmigmg3gc.cloudfront.net/imagery/assets/derivations/icon/512/512/true/eyJpZCI6IjcxMTc0MzEzN2QzNTUzODQwMmUyODZjMDJkNTM3OTk3Iiwic3RvcmFnZSI6InB1YmxpY19zdG9yZSJ9?signature=5697ef2f72e1e995472b76c19c7c6201b3deb266e060743ac9ae1219dbf2226c",
            "productDescription": ""
        },
        "priceData": {
            "bestPrice": "9.39",
            "price": "9.39",
            "pricePerLitre": 8.5,
            "bestPricePerLitre": 8.5
        },
        "store": {
            "id": "5e75a5ab60b75a3dea037da2",
            "name": "Te Awamutu"
        }
    },
    {
        "productData": {
            "name": "V Blue Energy Drink Blue Guarana Can 250ml",
            "productId": "v-blue-energy-drink-blue-guarana-can-250ml",
            "productShopPage": "https://teawamutu.store.freshchoice.co.nz/lines/v-blue-energy-drink-blue-guarana-can-250ml",
            "productImageURL": "https://dtgxwmigmg3gc.cloudfront.net/imagery/assets/derivations/icon/512/512/true/eyJpZCI6IjBmZjQwNDEyZWQ2ZDk4YTg3YWQ2ZDUyMWZlNjM1YzJkIiwic3RvcmFnZSI6InB1YmxpY19zdG9yZSJ9?signature=8f745abe5614ec47b3d7a07f1a34ba529184a87b2a696211ba5a0f9f29c86bf0",
            "productDescription": ""
        },
        "priceData": {
            "bestPrice": "2.20",
            "price": "2.20",
            "pricePerLitre": 8.8,
            "bestPricePerLitre": 8.8
        },
        "store": {
            "id": "5e75a5ab60b75a3dea037da2",
            "name": "Te Awamutu"
        }
    },
    {
        "productData": {
            "name": "V Blue Energy Drink Blue Guarana Can 500ml",
            "productId": "v-blue-energy-drink-blue-guarana-can-500ml",
            "productShopPage": "https://teawamutu.store.freshchoice.co.nz/lines/v-blue-energy-drink-blue-guarana-can-500ml",
            "productImageURL": "https://dtgxwmigmg3gc.cloudfront.net/imagery/assets/derivations/icon/512/512/true/eyJpZCI6ImFmYjEyYjVjYTU2YWI5ZDJhMTVmNGY2MDg2NWFlNzgxIiwic3RvcmFnZSI6InB1YmxpY19zdG9yZSJ9?signature=b537a8cc5a2c0f90f1702b2c541db44c3a740a0ec4a96e92ab2d6537f9320e8d",
            "productDescription": ""
        },
        "priceData": {
            "bestPrice": "3.50",
            "price": "3.50",
            "pricePerLitre": 7.0,
            "bestPricePerLitre": 7.0
        },
        "store": {
            "id": "5e75a5ab60b75a3dea037da2",
            "name": "Te Awamutu"
        }
    },
    {
        "productData": {
            "name": "V Iced Coffee Guarana Energy 500ml",
            "productId": "v-iced-coffee-guarana-energy-500ml",
            "productShopPage": "https://teawamutu.store.freshchoice.co.nz/lines/v-iced-coffee-guarana-energy-500ml",
            "productImageURL": "https://dtgxwmigmg3gc.cloudfront.net/imagery/assets/derivations/icon/512/512/true/eyJpZCI6ImM0Zjc4YjRmYWVjMjk0NTJkZTNkYzZjNmY5MzBlMjU2Iiwic3RvcmFnZSI6InB1YmxpY19zdG9yZSJ9?signature=14312b2813aab9c1ad551700ec97cd58a3a7f95bef4d0bd7ae7aa2dcf8fcdc9d",
            "productDescription": ""
        },
        "priceData": {
            "bestPrice": "4.00",
            "price": "4.00"
        },
        "store": {
            "id": "5e75a5ab60b75a3dea037da2",
            "name": "Te Awamutu"
        }
    },
    {
        "productData": {
            "name": "V Energy Drink Sugar Free Guarana Bottle 350ml",
            "productId": "v-energy-drink-sugar-free-guarana-bottle-350ml",
            "productShopPage": "https://teawamutu.store.freshchoice.co.nz/lines/v-energy-drink-sugar-free-guarana-bottle-350ml",
            "productImageURL": "https://dtgxwmigmg3gc.cloudfront.net/imagery/assets/derivations/icon/512/512/true/eyJpZCI6IjQzYmZlOTg1YzY2ZGQ0ZDI1YzUyZDk3MGJhMmJhMGM3Iiwic3RvcmFnZSI6InB1YmxpY19zdG9yZSJ9?signature=7a4bb3eb2264f52495ae9ba8fbf21b5a3e59e12c0d6208cfa1591261da333f55",
            "productDescription": ""
        },
        "priceData": {
            "bestPrice": "2.30",
            "price": "2.30",
            "pricePerLitre": 10.0,
            "bestPricePerLitre": 10.0
        },
        "store": {
            "id": "5e75a5ab60b75a3dea037da2",
            "name": "Te Awamutu"
        }
    },
    {
        "productData": {
            "name": "V Green Energy Drink 355ml 6 Pack",
            "productId": "v-green-energy-drink-355ml-6-pack",
            "productShopPage": "https://teawamutu.store.freshchoice.co.nz/lines/v-green-energy-drink-355ml-6-pack",
            "productImageURL": "https://dtgxwmigmg3gc.cloudfront.net/imagery/assets/derivations/icon/512/512/true/eyJpZCI6ImRiOTAxYjhjNGE3NzQyNTEyYTljM2M5YTI2ZmQ5MTE5Iiwic3RvcmFnZSI6InB1YmxpY19zdG9yZSJ9?signature=12de0554d72324a76472d930a39c587a4837a2f051666f744164725a96b2f104",
            "productDescription": ""
        },
        "priceData": {
            "bestPrice": "16.39",
            "price": "16.39",
            "pricePerLitre": 7.7,
            "bestPricePerLitre": 7.7
        },
        "store": {
            "id": "5e75a5ab60b75a3dea037da2",
            "name": "Te Awamutu"
        }
    },
    {
        "productData": {
            "name": "Monster Super Fuel Zero Sugar 550ml",
            "productId": "monster-super-fuel-zero-sugar-550ml",
            "productShopPage": "https://teawamutu.store.freshchoice.co.nz/lines/monster-super-fuel-zero-sugar-550ml",
            "productImageURL": "https://dtgxwmigmg3gc.cloudfront.net/imagery/assets/derivations/icon/512/512/true/eyJpZCI6IjRkOTE3NzhmODIxNDI1ZDJjNDg3Yjc0M2YyMzEyYmYxIiwic3RvcmFnZSI6InB1YmxpY19zdG9yZSJ9?signature=4b9dbd15c40f85466e597873c567f989183b284947e8c8dc4df58667789214a2",
            "productDescription": ""
        },
        "priceData": {
            "bestPrice": "4.00",
            "price": "4.00",
            "pricePerLitre": 7.3,
            "bestPricePerLitre": 7.3
        },
        "store": {
            "id": "5e75a5ab60b75a3dea037da2",
            "name": "Te Awamutu"
        }
    },
    {
        "productData": {
            "name": "Monster Mule Ginger Brew 500ml",
            "productId": "monster-mule-ginger-brew-500ml",
            "productShopPage": "https://teawamutu.store.freshchoice.co.nz/lines/monster-mule-ginger-brew-500ml",
            "productImageURL": "https://dtgxwmigmg3gc.cloudfront.net/imagery/assets/derivations/icon/512/512/true/eyJpZCI6ImM1OTM5MTIyZTRlNmNhNzk0ODFlMDE4ZWVmMWE2Y2ZlIiwic3RvcmFnZSI6InB1YmxpY19zdG9yZSJ9?signature=5d11287f30ef58c148e37382d61c0d83097d5461683a9aa5dd9456941c1f32e5",
            "productDescription": ""
        },
        "priceData": {
            "bestPrice": "3.00",
            "price": "3.00",
            "pricePerLitre": 6.0,
            "bestPricePerLitre": 6.0
        },
        "store": {
            "id": "5e75a5ab60b75a3dea037da2",
            "name": "Te Awamutu"
        }
    },
    {
        "productData": {
            "name": "Monster Energy 4x500ml Cans",
            "productId": "monster-energy-4x500ml-cans",
            "productShopPage": "https://teawamutu.store.freshchoice.co.nz/lines/monster-energy-4x500ml-cans",
            "productImageURL": "https://dtgxwmigmg3gc.cloudfront.net/imagery/assets/derivations/icon/512/512/true/eyJpZCI6ImQyNWU2MTgwNzVhMmI4MmZmMGU2YmY0OGRlYmRmNTM4Iiwic3RvcmFnZSI6InB1YmxpY19zdG9yZSJ9?signature=afd9c2e0498b55fa2db714a09690152069344eca7b7dddeeb315405178827c0a",
            "productDescription": ""
        },
        "priceData": {
            "bestPrice": "11.99",
            "price": "11.99",
            "pricePerLitre": 6.0,
            "bestPricePerLitre": 6.0
        },
        "store": {
            "id": "5e75a5ab60b75a3dea037da2",
            "name": "Te Awamutu"
        }
    },
    {
        "productData": {
            "name": "Monster Super Fuel Purple Passion 550ml",
            "productId": "monster-super-fuel-purple-passion-550ml",
            "productShopPage": "https://teawamutu.store.freshchoice.co.nz/lines/monster-super-fuel-purple-passion-550ml",
            "productImageURL": "https://dtgxwmigmg3gc.cloudfront.net/imagery/assets/derivations/icon/512/512/true/eyJpZCI6IjNkMTY1OTQwMzgyOTZjZjVlMjNlNjBjMDQ3NTE1YWM0Iiwic3RvcmFnZSI6InB1YmxpY19zdG9yZSJ9?signature=4d4ccd77dab941d955a8037242a41833afdc7251d3bd5b5c4b99705770273998",
            "productDescription": ""
        },
        "priceData": {
            "bestPrice": "4.00",
            "price": "4.00",
            "pricePerLitre": 7.3,
            "bestPricePerLitre": 7.3
        },
        "store": {
            "id": "5e75a5ab60b75a3dea037da2",
            "name": "Te Awamutu"
        }
    },
    {
        "productData": {
            "name": "Monster Energy Pipeline Punch 500ml",
            "productId": "monster-energy-pipeline-punch-500ml",
            "productShopPage": "https://teawamutu.store.freshchoice.co.nz/lines/monster-energy-pipeline-punch-500ml",
            "productImageURL": "https://dtgxwmigmg3gc.cloudfront.net/imagery/assets/derivations/icon/512/512/true/eyJpZCI6IjM3ZWY2OTY5OWFlNTJlZTRjNTY1ZmFmYWIwOTIxMjg4Iiwic3RvcmFnZSI6InB1YmxpY19zdG9yZSJ9?signature=79ed6699c35bd716a9d5d9457c39ce62c523edaa4059b6b45d4dcc7caf65cef9",
            "productDescription": ""
        },
        "priceData": {
            "bestPrice": "3.00",
            "price": "3.00",
            "pricePerLitre": 6.0,
            "bestPricePerLitre": 6.0
        },
        "store": {
            "id": "5e75a5ab60b75a3dea037da2",
            "name": "Te Awamutu"
        }
    },
    {
        "productData": {
            "name": "Live Plus Energy Drink Citrus Flavour 500ml",
            "productId": "live-plus-persist-500ml",
            "productShopPage": "https://teawamutu.store.freshchoice.co.nz/lines/live-plus-persist-500ml",
            "productImageURL": "https://dtgxwmigmg3gc.cloudfront.net/imagery/assets/derivations/icon/512/512/true/eyJpZCI6IjFlNWQ5YzI4OWM1N2UzNmYzZmI2NThlMDQzZTI3ZjE4Iiwic3RvcmFnZSI6InB1YmxpY19zdG9yZSJ9?signature=756b17fefe47174b90e7dbec8cd09db27f9f59f4994bc750b71256ae93ba9fa8",
            "productDescription": ""
        },
        "priceData": {
            "bestPrice": "2.00",
            "price": "2.00",
            "pricePerLitre": 4.0,
            "bestPricePerLitre": 4.0
        },
        "store": {
            "id": "5e75a5ab60b75a3dea037da2",
            "name": "Te Awamutu"
        }
    },
    {
        "productData": {
            "name": "Live Plus Energy Drink Tart Apple Apple Flavour 500ml",
            "productId": "live-plus-ignite-500ml",
            "productShopPage": "https://teawamutu.store.freshchoice.co.nz/lines/live-plus-ignite-500ml",
            "productImageURL": "https://dtgxwmigmg3gc.cloudfront.net/imagery/assets/derivations/icon/512/512/true/eyJpZCI6IjViOGViZjhmZTQzYjFlYTMzNDM5YjJjMjg3ZDRmY2YyIiwic3RvcmFnZSI6InB1YmxpY19zdG9yZSJ9?signature=140ae19352cd0dcec7e77f90fa4dfaa9fa17086439f730510afc5d906e1415bf",
            "productDescription": ""
        },
        "priceData": {
            "bestPrice": "2.00",
            "price": "2.00",
            "pricePerLitre": 4.0,
            "bestPricePerLitre": 4.0
        },
        "store": {
            "id": "5e75a5ab60b75a3dea037da2",
            "name": "Te Awamutu"
        }
    },
    {
        "productData": {
            "name": "V Guarana Energy Drink Blue Sugarfree 250ml",
            "productId": "v-blue-sugarfree-energy-drink-250ml",
            "productShopPage": "https://teawamutu.store.freshchoice.co.nz/lines/v-blue-sugarfree-energy-drink-250ml",
            "productImageURL": "https://dtgxwmigmg3gc.cloudfront.net/imagery/assets/derivations/icon/512/512/true/eyJpZCI6IjI3YWJiOTVhYjNhMjEwMDU2MWJhMmRhNTM3YjRhZjVmIiwic3RvcmFnZSI6InB1YmxpY19zdG9yZSJ9?signature=66769306ca1d0ba674603954d338186dc999f6d1839090d49fde9416b3252365",
            "productDescription": ""
        },
        "priceData": {
            "bestPrice": "2.20",
            "price": "2.20",
            "pricePerLitre": 8.8,
            "bestPricePerLitre": 8.8
        },
        "store": {
            "id": "5e75a5ab60b75a3dea037da2",
            "name": "Te Awamutu"
        }
    },
    {
        "productData": {
            "name": "Live Plus Energy Drink Original Citrus Flavour 355ml",
            "productId": "live-plus-persist-glass-355ml",
            "productShopPage": "https://teawamutu.store.freshchoice.co.nz/lines/live-plus-persist-glass-355ml",
            "productImageURL": "https://dtgxwmigmg3gc.cloudfront.net/imagery/assets/derivations/icon/512/512/true/eyJpZCI6ImYzMjZlMTdmMmI5ZGRjZGYzYmFmNzNiMWQzN2Y5NDI4Iiwic3RvcmFnZSI6InB1YmxpY19zdG9yZSJ9?signature=8fa31eb2b309e9c7a293ba2e7a7541e3cdc686b1d3f519044aa97c666ae5f630",
            "productDescription": ""
        },
        "priceData": {
            "bestPrice": "2.80",
            "price": "2.80",
            "pricePerLitre": 7.9,
            "bestPricePerLitre": 7.9
        },
        "store": {
            "id": "5e75a5ab60b75a3dea037da2",
            "name": "Te Awamutu"
        }
    },
    {
        "productData": {
            "name": "Live Plus Energy Drink Original Citrus Flavour 6 x 250ml",
            "productId": "live-plus-persist-250ml-6pack",
            "productShopPage": "https://teawamutu.store.freshchoice.co.nz/lines/live-plus-persist-250ml-6pack",
            "productImageURL": "https://dtgxwmigmg3gc.cloudfront.net/imagery/assets/derivations/icon/512/512/true/eyJpZCI6IjNmODNiNGI4MzI4MzJmNzhjZmJhNDA1OGUyZWFlM2ZhIiwic3RvcmFnZSI6InB1YmxpY19zdG9yZSJ9?signature=0257f943d0c41562773e51cbd42327ad911228832e33494e9c30381e20305337",
            "productDescription": ""
        },
        "priceData": {
            "bestPrice": "7.70",
            "price": "7.70",
            "pricePerLitre": 5.1,
            "bestPricePerLitre": 5.1
        },
        "store": {
            "id": "5e75a5ab60b75a3dea037da2",
            "name": "Te Awamutu"
        }
    },
    {
        "productData": {
            "name": "Live Plus Live+ Ignite Energy Drink 6 x 250ml Cans",
            "productId": "live-plus-live-ignite-energy-drink-6x250ml-cans",
            "productShopPage": "https://teawamutu.store.freshchoice.co.nz/lines/live-plus-live-ignite-energy-drink-6x250ml-cans",
            "productImageURL": "https://dtgxwmigmg3gc.cloudfront.net/imagery/assets/derivations/icon/512/512/true/eyJpZCI6Ijk5ZTU3ZDdlN2RjYzc0ZmZlOWY0NGQxMDdkYTI5ZDI5Iiwic3RvcmFnZSI6InB1YmxpY19zdG9yZSJ9?signature=16b8b1fb6c1dbc73b4d1f0110b7542a3259cd273e9b6adea8e6570f5158d8342",
            "productDescription": ""
        },
        "priceData": {
            "bestPrice": "7.70",
            "price": "7.70",
            "pricePerLitre": 5.1,
            "bestPricePerLitre": 5.1
        },
        "store": {
            "id": "5e75a5ab60b75a3dea037da2",
            "name": "Te Awamutu"
        }
    },
    {
        "productData": {
            "name": "Rockstar Punched Energy Guava 500ml",
            "productId": "rockstar-punched-energy-guava-500ml",
            "productShopPage": "https://teawamutu.store.freshchoice.co.nz/lines/rockstar-punched-energy-guava-500ml",
            "productImageURL": "https://dtgxwmigmg3gc.cloudfront.net/imagery/assets/derivations/icon/512/512/true/eyJpZCI6IjBmNGEyNjU2MGQwM2Y4OGI4MWE3ZTMyODUzYTRlN2QyIiwic3RvcmFnZSI6InB1YmxpY19zdG9yZSJ9?signature=fab45ac774e74d87cf7a79de075f47290676fd6d4afcf212198c745670d5ce29",
            "productDescription": ""
        },
        "priceData": {
            "bestPrice": "2.00",
            "price": "2.00",
            "pricePerLitre": 4.0,
            "bestPricePerLitre": 4.0
        },
        "store": {
            "id": "5e75a5ab60b75a3dea037da2",
            "name": "Te Awamutu"
        }
    },
    {
        "productData": {
            "name": "Mother Kicked Apple 500ml",
            "productId": "mother-kicked-apple-500ml",
            "productShopPage": "https://tengae.store.freshchoice.co.nz/lines/mother-kicked-apple-500ml",
            "productImageURL": "https://dtgxwmigmg3gc.cloudfront.net/imagery/assets/derivations/icon/512/512/true/eyJpZCI6IjNhZTlkYjkwYTM4MDFjMGEwYjUwYThhMDAwYjkyZjM0Iiwic3RvcmFnZSI6InB1YmxpY19zdG9yZSJ9?signature=c1a1db0a5d7b074c388cf08560fd44a4a2b6127821554198e54eeea8474325f6",
            "productDescription": ""
        },
        "priceData": {
            "bestPrice": "2.00",
            "price": "2.00",
            "pricePerLitre": 4.0,
            "bestPricePerLitre": 4.0
        },
        "store": {
            "id": "5e6030689cdbf54492018c12",
            "name": "Te Ngae"
        }
    },
    {
        "productData": {
            "name": "Monster Energy Ultra Paradise 500ml",
            "productId": "monster-energy-drink-ultra-paradise-500ml",
            "productShopPage": "https://tengae.store.freshchoice.co.nz/lines/monster-energy-drink-ultra-paradise-500ml",
            "productImageURL": "https://dtgxwmigmg3gc.cloudfront.net/imagery/assets/derivations/icon/512/512/true/eyJpZCI6ImZiZDRkZTQxNzA0M2FiYTUyMjMwZWI0NTcyZGNmYTE1Iiwic3RvcmFnZSI6InB1YmxpY19zdG9yZSJ9?signature=8a439bf26b71114289dfea1720ed331b1e4784c534deade29db8ac38b1cc7c1a",
            "productDescription": ""
        },
        "priceData": {
            "bestPrice": "3.00",
            "price": "3.00",
            "pricePerLitre": 6.0,
            "bestPricePerLitre": 6.0
        },
        "store": {
            "id": "5e6030689cdbf54492018c12",
            "name": "Te Ngae"
        }
    },
    {
        "productData": {
            "name": "Monster Energy Ultra Zero 500ml",
            "productId": "monster-energy-ultra-zero-500ml",
            "productShopPage": "https://tengae.store.freshchoice.co.nz/lines/monster-energy-ultra-zero-500ml",
            "productImageURL": "https://dtgxwmigmg3gc.cloudfront.net/imagery/assets/derivations/icon/512/512/true/eyJpZCI6IjdhN2FhYTUwZWU2NTYwYjBiNGY1NThhMTgwNmVlODI3Iiwic3RvcmFnZSI6InB1YmxpY19zdG9yZSJ9?signature=7907c49ba7d043175a426f84a71776de7dd51fa5c249237063aca9cb098abdbe",
            "productDescription": ""
        },
        "priceData": {
            "bestPrice": "3.00",
            "price": "3.00",
            "pricePerLitre": 6.0,
            "bestPricePerLitre": 6.0
        },
        "store": {
            "id": "5e6030689cdbf54492018c12",
            "name": "Te Ngae"
        }
    },
    {
        "productData": {
            "name": "Monster Energy Drink Ultra Rosa 500ml",
            "productId": "monster-energy-drink-ultra-rosa-500ml",
            "productShopPage": "https://tengae.store.freshchoice.co.nz/lines/monster-energy-drink-ultra-rosa-500ml",
            "productImageURL": "https://dtgxwmigmg3gc.cloudfront.net/imagery/assets/derivations/icon/512/512/true/eyJpZCI6IjZjYzFjMzcwYzM4Mzk4N2MyOTUzNWIyMTFjZTJlYjgxIiwic3RvcmFnZSI6InB1YmxpY19zdG9yZSJ9?signature=9cd08284785f9b24647ecc7d1dc08214d9d00318cc809bebdef1921d6b78bb95",
            "productDescription": ""
        },
        "priceData": {
            "bestPrice": "3.00",
            "price": "3.00",
            "pricePerLitre": 6.0,
            "bestPricePerLitre": 6.0
        },
        "store": {
            "id": "5e6030689cdbf54492018c12",
            "name": "Te Ngae"
        }
    },
    {
        "productData": {
            "name": "Mother Energy Drink Berry 500ml",
            "productId": "mother-energy-drink-berry-500ml",
            "productShopPage": "https://tengae.store.freshchoice.co.nz/lines/mother-energy-drink-berry-500ml",
            "productImageURL": "https://dtgxwmigmg3gc.cloudfront.net/imagery/assets/derivations/icon/512/512/true/eyJpZCI6ImRhYTJlNjUzNzRjZjViNjI0ZDljNzUzNDA3YmE0ZDFkIiwic3RvcmFnZSI6InB1YmxpY19zdG9yZSJ9?signature=d9ffb465d71d599811c2ff7a788845bfe297eb3624ad7866a89cf0b3ece073f0",
            "productDescription": ""
        },
        "priceData": {
            "bestPrice": "2.00",
            "price": "2.00",
            "pricePerLitre": 4.0,
            "bestPricePerLitre": 4.0
        },
        "store": {
            "id": "5e6030689cdbf54492018c12",
            "name": "Te Ngae"
        }
    },
    {
        "productData": {
            "name": "Mother Energy Drink Black 500ml",
            "productId": "mother-energy-drink-black-500ml",
            "productShopPage": "https://tengae.store.freshchoice.co.nz/lines/mother-energy-drink-black-500ml",
            "productImageURL": "https://dtgxwmigmg3gc.cloudfront.net/imagery/assets/derivations/icon/512/512/true/eyJpZCI6ImYyMzA5MjhkYjg3ODFhYmYzZDU3ZjE1YjNmYzU2MWFjIiwic3RvcmFnZSI6InB1YmxpY19zdG9yZSJ9?signature=d3dbddb83d3d457075cd5d8936bef0c5b48fce4fa3fe725995d8b6d57219ceb5",
            "productDescription": ""
        },
        "priceData": {
            "bestPrice": "2.00",
            "price": "2.00",
            "pricePerLitre": 4.0,
            "bestPricePerLitre": 4.0
        },
        "store": {
            "id": "5e6030689cdbf54492018c12",
            "name": "Te Ngae"
        }
    },
    {
        "productData": {
            "name": "Mother Energy Drink Cans 6x250ml",
            "productId": "mother-energy-drink-6x250ml-cans",
            "productShopPage": "https://tengae.store.freshchoice.co.nz/lines/mother-energy-drink-6x250ml-cans",
            "productImageURL": "https://dtgxwmigmg3gc.cloudfront.net/imagery/assets/derivations/icon/512/512/true/eyJpZCI6IjEyOGFhMmU0Y2VkYTU4ZWFkZmVhOWUwZjdlNTZhOTA4Iiwic3RvcmFnZSI6InB1YmxpY19zdG9yZSJ9?signature=5db1908f64527cf28fa7bf3266a83ab854a07ca50453511f7d414d8e6d5c10fb",
            "productDescription": ""
        },
        "priceData": {
            "bestPrice": "7.70",
            "price": "7.70",
            "pricePerLitre": 5.1,
            "bestPricePerLitre": 5.1
        },
        "store": {
            "id": "5e6030689cdbf54492018c12",
            "name": "Te Ngae"
        }
    },
    {
        "productData": {
            "name": "Mother Energy Drink Passion 500ml",
            "productId": "mother-energy-drink-passion-500ml",
            "productShopPage": "https://tengae.store.freshchoice.co.nz/lines/mother-energy-drink-passion-500ml",
            "productImageURL": "https://dtgxwmigmg3gc.cloudfront.net/imagery/assets/derivations/icon/512/512/true/eyJpZCI6ImQwODE2YTc4ZjBmNGU4NTU5Mzg1YjkxZmI5YjIzZjM0Iiwic3RvcmFnZSI6InB1YmxpY19zdG9yZSJ9?signature=713c495fef96a6427b917f0c7c7e855a963749ac5c1bf7dfd71e24ae08ea3123",
            "productDescription": ""
        },
        "priceData": {
            "bestPrice": "2.00",
            "price": "2.00",
            "pricePerLitre": 4.0,
            "bestPricePerLitre": 4.0
        },
        "store": {
            "id": "5e6030689cdbf54492018c12",
            "name": "Te Ngae"
        }
    },
    {
        "productData": {
            "name": "Mother Tropical Blast 500ml",
            "productId": "mother-tropical-blast-500ml",
            "productShopPage": "https://tengae.store.freshchoice.co.nz/lines/mother-tropical-blast-500ml",
            "productImageURL": "https://dtgxwmigmg3gc.cloudfront.net/imagery/assets/derivations/icon/512/512/true/eyJpZCI6ImEyZmM1OTUwNDhlODM5YTRhMjQ2MTI1OGEyYzNlZWZhIiwic3RvcmFnZSI6InB1YmxpY19zdG9yZSJ9?signature=6c9470ee4067e8ec32b58eeac9d628404d3986058a9b1cdef46014d1bee50944",
            "productDescription": ""
        },
        "priceData": {
            "bestPrice": "2.00",
            "price": "2.00",
            "pricePerLitre": 4.0,
            "bestPricePerLitre": 4.0
        },
        "store": {
            "id": "5e6030689cdbf54492018c12",
            "name": "Te Ngae"
        }
    },
    {
        "productData": {
            "name": "Mother Epic Swell Energy Drink Twisted Apple 500ml",
            "productId": "mother-epic-swell-energy-drink-twisted-apple-500ml",
            "productShopPage": "https://tengae.store.freshchoice.co.nz/lines/mother-epic-swell-energy-drink-twisted-apple-500ml",
            "productImageURL": "https://dtgxwmigmg3gc.cloudfront.net/imagery/assets/derivations/icon/512/512/true/eyJpZCI6ImE2ZjYxOGNhNjUyYzMxNzRhNjg2MDBhMGVjZmQ3MmJkIiwic3RvcmFnZSI6InB1YmxpY19zdG9yZSJ9?signature=954f74f8aba0fb24cb2a5248b1e93fe8a62fb8c7f902abbb08b7aed24bc44c80",
            "productDescription": ""
        },
        "priceData": {
            "bestPrice": "2.00",
            "price": "2.00",
            "pricePerLitre": 4.0,
            "bestPricePerLitre": 4.0
        },
        "store": {
            "id": "5e6030689cdbf54492018c12",
            "name": "Te Ngae"
        }
    },
    {
        "productData": {
            "name": "Monster Energy Juice Mango Loco 500ml",
            "productId": "monster-energy-juice-mango-loco-500ml-can",
            "productShopPage": "https://tengae.store.freshchoice.co.nz/lines/monster-energy-juice-mango-loco-500ml-can",
            "productImageURL": "https://dtgxwmigmg3gc.cloudfront.net/imagery/assets/derivations/icon/512/512/true/eyJpZCI6ImUyNmIyNzdlMzJkOTg5NjI4YWYxYzg2MTU2MjI0ZjgzIiwic3RvcmFnZSI6InB1YmxpY19zdG9yZSJ9?signature=db65ff44183396e60e8f4c13003417fb1277f7685b136cf223d7701f7e945faf",
            "productDescription": ""
        },
        "priceData": {
            "bestPrice": "3.00",
            "price": "3.00",
            "pricePerLitre": 6.0,
            "bestPricePerLitre": 6.0
        },
        "store": {
            "id": "5e6030689cdbf54492018c12",
            "name": "Te Ngae"
        }
    },
    {
        "productData": {
            "name": "V Energy Drink Guarana 500ml",
            "productId": "v-energy-drink-guarana-500ml",
            "productShopPage": "https://tengae.store.freshchoice.co.nz/lines/v-energy-drink-guarana-500ml",
            "productImageURL": "https://dtgxwmigmg3gc.cloudfront.net/imagery/assets/derivations/icon/512/512/true/eyJpZCI6IjgzZDAxMjhiMzg4NmEwZmE4YTE2ZjY2NWIzNmM2NzI2Iiwic3RvcmFnZSI6InB1YmxpY19zdG9yZSJ9?signature=f55ecc561066291a4e74a967db35ea2355f881bd1708bf400fd790032384ae4f",
            "productDescription": ""
        },
        "priceData": {
            "bestPrice": "3.80",
            "price": "3.80",
            "pricePerLitre": 7.6,
            "bestPricePerLitre": 7.6
        },
        "store": {
            "id": "5e6030689cdbf54492018c12",
            "name": "Te Ngae"
        }
    },
    {
        "productData": {
            "name": "V Energy Drink Sugarfree 500ml",
            "productId": "v-energy-drink-sugarfree-500ml",
            "productShopPage": "https://tengae.store.freshchoice.co.nz/lines/v-energy-drink-sugarfree-500ml",
            "productImageURL": "https://dtgxwmigmg3gc.cloudfront.net/imagery/assets/derivations/icon/512/512/true/eyJpZCI6ImVkZTAxNTNmMDI1NmU1NDZjNWQ5MTc3MjE3ZTQ3YTQ0Iiwic3RvcmFnZSI6InB1YmxpY19zdG9yZSJ9?signature=abcf72d9faa9ee3044eaa3b7ee0bf9b4fd8f582379018d8727f2234b7d3f3c85",
            "productDescription": ""
        },
        "priceData": {
            "bestPrice": "3.80",
            "price": "3.80",
            "pricePerLitre": 7.6,
            "bestPricePerLitre": 7.6
        },
        "store": {
            "id": "5e6030689cdbf54492018c12",
            "name": "Te Ngae"
        }
    },
    {
        "productData": {
            "name": "V Energy Drink Blue Guarana Spritzed 350ml",
            "productId": "v-blue-energy-drink-blue-guarana-spritzed-350ml",
            "productShopPage": "https://tengae.store.freshchoice.co.nz/lines/v-blue-energy-drink-blue-guarana-spritzed-350ml",
            "productImageURL": "https://dtgxwmigmg3gc.cloudfront.net/imagery/assets/derivations/icon/512/512/true/eyJpZCI6ImY2OTRlZGI4NjdlNWMzZDM5NzgzMDQ0ODFkMzUxZGZiIiwic3RvcmFnZSI6InB1YmxpY19zdG9yZSJ9?signature=591b3079cb9c2407a29b3bc348eaf42dc1d34daba5c9d7aba65be654725b6719",
            "productDescription": ""
        },
        "priceData": {
            "bestPrice": "2.30",
            "price": "2.30",
            "pricePerLitre": 10.0,
            "bestPricePerLitre": 10.0
        },
        "store": {
            "id": "5e6030689cdbf54492018c12",
            "name": "Te Ngae"
        }
    },
    {
        "productData": {
            "name": "V Energy Drink Green Guarana 350ml",
            "productId": "v-energy-drink-green-guarana-350ml",
            "productShopPage": "https://tengae.store.freshchoice.co.nz/lines/v-energy-drink-green-guarana-350ml",
            "productImageURL": "https://dtgxwmigmg3gc.cloudfront.net/imagery/assets/derivations/icon/512/512/true/eyJpZCI6IjRiNjY4ZjYxOTQ2ODYyN2MzM2NiZWMyNGUyNmIyODk4Iiwic3RvcmFnZSI6InB1YmxpY19zdG9yZSJ9?signature=4cded9cb42349eef45a593461f311b1bb7fa881295733879671ad9fe9887d30c",
            "productDescription": ""
        },
        "priceData": {
            "bestPrice": "2.30",
            "price": "2.30",
            "pricePerLitre": 10.0,
            "bestPricePerLitre": 10.0
        },
        "store": {
            "id": "5e6030689cdbf54492018c12",
            "name": "Te Ngae"
        }
    },
    {
        "productData": {
            "name": "V Energy Drink Guarana Can 500ml",
            "productId": "v-energy-drink-guarana-can-500ml",
            "productShopPage": "https://tengae.store.freshchoice.co.nz/lines/v-energy-drink-guarana-can-500ml",
            "productImageURL": "https://dtgxwmigmg3gc.cloudfront.net/imagery/assets/derivations/icon/512/512/true/eyJpZCI6ImI0NjgzNGZjNDRkMjU0MjgzYzJjZGNhMzA2NWIxYjA5Iiwic3RvcmFnZSI6InB1YmxpY19zdG9yZSJ9?signature=265e8273409849423466e7623cbbdf8352940707b8830803eec391e8f32c9c5f",
            "productDescription": ""
        },
        "priceData": {
            "bestPrice": "3.50",
            "price": "3.50",
            "pricePerLitre": 7.0,
            "bestPricePerLitre": 7.0
        },
        "store": {
            "id": "5e6030689cdbf54492018c12",
            "name": "Te Ngae"
        }
    },
    {
        "productData": {
            "name": "V Energy Drink Sugar Free Guarana 500ml",
            "productId": "v-energy-drink-sugar-free-guarana-500ml",
            "productShopPage": "https://tengae.store.freshchoice.co.nz/lines/v-energy-drink-sugar-free-guarana-500ml",
            "productImageURL": "https://dtgxwmigmg3gc.cloudfront.net/imagery/assets/derivations/icon/512/512/true/eyJpZCI6Ijg4MGExMDYxOTY4NTJiYzM1ZTExMmU2MGE2OWYxNDE3Iiwic3RvcmFnZSI6InB1YmxpY19zdG9yZSJ9?signature=b0536d25b9da8158705e24c88e21fabbf85c1dabc19f18108c386e956ffd7045",
            "productDescription": ""
        },
        "priceData": {
            "bestPrice": "3.50",
            "price": "3.50",
            "pricePerLitre": 7.0,
            "bestPricePerLitre": 7.0
        },
        "store": {
            "id": "5e6030689cdbf54492018c12",
            "name": "Te Ngae"
        }
    },
    {
        "productData": {
            "name": "V Blue Energy Drink Bottle 500ml",
            "productId": "v-blue-energy-drink-bottle-500ml",
            "productShopPage": "https://tengae.store.freshchoice.co.nz/lines/v-blue-energy-drink-bottle-500ml",
            "productImageURL": "https://dtgxwmigmg3gc.cloudfront.net/imagery/assets/derivations/icon/512/512/true/eyJpZCI6IjgyYWYxYWY4MGI4MzUxODhiYmVhZGVhM2U2NzY0MzI5Iiwic3RvcmFnZSI6InB1YmxpY19zdG9yZSJ9?signature=7e70fc576864a528a1431734d680cbf177a11b419a692dbfd34800c31b8944ec",
            "productDescription": ""
        },
        "priceData": {
            "bestPrice": "3.80",
            "price": "3.80",
            "pricePerLitre": 7.6,
            "bestPricePerLitre": 7.6
        },
        "store": {
            "id": "5e6030689cdbf54492018c12",
            "name": "Te Ngae"
        }
    },
    {
        "productData": {
            "name": "V Blue Sugarfree Energy Drink 500ml",
            "productId": "v-blue-sugarfree-energy-drink-500ml",
            "productShopPage": "https://tengae.store.freshchoice.co.nz/lines/v-blue-sugarfree-energy-drink-500ml",
            "productImageURL": "https://dtgxwmigmg3gc.cloudfront.net/imagery/assets/derivations/icon/512/512/true/eyJpZCI6ImVmYjQyOWRmM2JjZjc3NTY1ZDIwMTEyNTY0MDdmZjA1Iiwic3RvcmFnZSI6InB1YmxpY19zdG9yZSJ9?signature=2911d59474d8305039a3be3bef0f887c38d9ab84596314b13cc4b150101175ab",
            "productDescription": ""
        },
        "priceData": {
            "bestPrice": "3.50",
            "price": "3.50",
            "pricePerLitre": 7.0,
            "bestPricePerLitre": 7.0
        },
        "store": {
            "id": "5e6030689cdbf54492018c12",
            "name": "Te Ngae"
        }
    },
    {
        "productData": {
            "name": "V Raspberry Lemonade Energy Drink 500ml",
            "productId": "v-energy-drink-raspberry-lemonade-500ml-can",
            "productShopPage": "https://tengae.store.freshchoice.co.nz/lines/v-energy-drink-raspberry-lemonade-500ml-can",
            "productImageURL": "https://dtgxwmigmg3gc.cloudfront.net/imagery/assets/derivations/icon/512/512/true/eyJpZCI6ImE3N2Y5NzBmY2FhOWZhYmZiOTc3MmYyMzE4MGRiOTcxIiwic3RvcmFnZSI6InB1YmxpY19zdG9yZSJ9?signature=2bb7890fe6d7b0c0c6a522be31c78077be0aa570ca4c8aa5549ccf80761262dc",
            "productDescription": ""
        },
        "priceData": {
            "bestPrice": "3.50",
            "price": "3.50",
            "pricePerLitre": 7.0,
            "bestPricePerLitre": 7.0
        },
        "store": {
            "id": "5e6030689cdbf54492018c12",
            "name": "Te Ngae"
        }
    },
    {
        "productData": {
            "name": "V Blue Energy Drink Blue Guarana Can 500ml",
            "productId": "v-blue-energy-drink-blue-guarana-can-500ml",
            "productShopPage": "https://tengae.store.freshchoice.co.nz/lines/v-blue-energy-drink-blue-guarana-can-500ml",
            "productImageURL": "https://dtgxwmigmg3gc.cloudfront.net/imagery/assets/derivations/icon/512/512/true/eyJpZCI6ImFmYjEyYjVjYTU2YWI5ZDJhMTVmNGY2MDg2NWFlNzgxIiwic3RvcmFnZSI6InB1YmxpY19zdG9yZSJ9?signature=b537a8cc5a2c0f90f1702b2c541db44c3a740a0ec4a96e92ab2d6537f9320e8d",
            "productDescription": ""
        },
        "priceData": {
            "bestPrice": "3.50",
            "price": "3.50",
            "pricePerLitre": 7.0,
            "bestPricePerLitre": 7.0
        },
        "store": {
            "id": "5e6030689cdbf54492018c12",
            "name": "Te Ngae"
        }
    },
    {
        "productData": {
            "name": "V Iced Coffee Guarana Energy 500ml",
            "productId": "v-iced-coffee-guarana-energy-500ml",
            "productShopPage": "https://tengae.store.freshchoice.co.nz/lines/v-iced-coffee-guarana-energy-500ml",
            "productImageURL": "https://dtgxwmigmg3gc.cloudfront.net/imagery/assets/derivations/icon/512/512/true/eyJpZCI6ImM0Zjc4YjRmYWVjMjk0NTJkZTNkYzZjNmY5MzBlMjU2Iiwic3RvcmFnZSI6InB1YmxpY19zdG9yZSJ9?signature=14312b2813aab9c1ad551700ec97cd58a3a7f95bef4d0bd7ae7aa2dcf8fcdc9d",
            "productDescription": ""
        },
        "priceData": {
            "bestPrice": "4.00",
            "price": "4.00"
        },
        "store": {
            "id": "5e6030689cdbf54492018c12",
            "name": "Te Ngae"
        }
    },
    {
        "productData": {
            "name": "V Iced Mocha Guarana Energy 500ml",
            "productId": "v-iced-mocha-guarana-energy-500ml",
            "productShopPage": "https://tengae.store.freshchoice.co.nz/lines/v-iced-mocha-guarana-energy-500ml",
            "productImageURL": "https://dtgxwmigmg3gc.cloudfront.net/imagery/assets/derivations/icon/512/512/true/eyJpZCI6ImNiMDRkODVlZmQ2YjhiZGMxMWU4Zjk5OGEwOTczODg1Iiwic3RvcmFnZSI6InB1YmxpY19zdG9yZSJ9?signature=3e63d4ec34ef65794a07ea00749a785cb88ce90997e6e7d12629c3c0f205de6d",
            "productDescription": ""
        },
        "priceData": {
            "bestPrice": "4.00",
            "price": "4.00"
        },
        "store": {
            "id": "5e6030689cdbf54492018c12",
            "name": "Te Ngae"
        }
    },
    {
        "productData": {
            "name": "V Energy Drink Sugar Free Guarana Bottle 350ml",
            "productId": "v-energy-drink-sugar-free-guarana-bottle-350ml",
            "productShopPage": "https://tengae.store.freshchoice.co.nz/lines/v-energy-drink-sugar-free-guarana-bottle-350ml",
            "productImageURL": "https://dtgxwmigmg3gc.cloudfront.net/imagery/assets/derivations/icon/512/512/true/eyJpZCI6IjQzYmZlOTg1YzY2ZGQ0ZDI1YzUyZDk3MGJhMmJhMGM3Iiwic3RvcmFnZSI6InB1YmxpY19zdG9yZSJ9?signature=7a4bb3eb2264f52495ae9ba8fbf21b5a3e59e12c0d6208cfa1591261da333f55",
            "productDescription": ""
        },
        "priceData": {
            "bestPrice": "2.30",
            "price": "2.30",
            "pricePerLitre": 10.0,
            "bestPricePerLitre": 10.0
        },
        "store": {
            "id": "5e6030689cdbf54492018c12",
            "name": "Te Ngae"
        }
    },
    {
        "productData": {
            "name": "V Raspberry Lemonade Energy Drink 4x275ml",
            "productId": "v-energy-drink-raspberry-lemonade-4-x-275ml-cans",
            "productShopPage": "https://tengae.store.freshchoice.co.nz/lines/v-energy-drink-raspberry-lemonade-4-x-275ml-cans",
            "productImageURL": "https://dtgxwmigmg3gc.cloudfront.net/imagery/assets/derivations/icon/512/512/true/eyJpZCI6IjQ2MzE5NTc1YTNlNDc2YWFlOWFmYzkzYjg5YTIzZmU3Iiwic3RvcmFnZSI6InB1YmxpY19zdG9yZSJ9?signature=9589191fe8e8372f03cc1eafaa844916cfe9f79df0af381c3fcba9ff575f2803",
            "productDescription": ""
        },
        "priceData": {
            "bestPrice": "9.39",
            "price": "9.39",
            "pricePerLitre": 8.5,
            "bestPricePerLitre": 8.5
        },
        "store": {
            "id": "5e6030689cdbf54492018c12",
            "name": "Te Ngae"
        }
    },
    {
        "productData": {
            "name": "V Pure Energy Drink Bottle 330ml",
            "productId": "v-pure-330ml-bottle",
            "productShopPage": "https://tengae.store.freshchoice.co.nz/lines/v-pure-330ml-bottle",
            "productImageURL": "https://dtgxwmigmg3gc.cloudfront.net/imagery/assets/derivations/icon/512/512/true/eyJpZCI6ImFjZmFlNGE1MmQ1ZmNhOTVhN2IyNzdhOGQ3ZTBjNTY0Iiwic3RvcmFnZSI6InB1YmxpY19zdG9yZSJ9?signature=ff03797de044ef70d02854192249a79b3cd819353c7171ef7358378e76bfc089",
            "productDescription": ""
        },
        "priceData": {
            "bestPrice": "3.50",
            "price": "3.50",
            "pricePerLitre": 10.600000000000001,
            "bestPricePerLitre": 10.600000000000001
        },
        "store": {
            "id": "5e6030689cdbf54492018c12",
            "name": "Te Ngae"
        }
    },
    {
        "productData": {
            "name": "Monster Super Fuel Zero Sugar 550ml",
            "productId": "monster-super-fuel-zero-sugar-550ml",
            "productShopPage": "https://tengae.store.freshchoice.co.nz/lines/monster-super-fuel-zero-sugar-550ml",
            "productImageURL": "https://dtgxwmigmg3gc.cloudfront.net/imagery/assets/derivations/icon/512/512/true/eyJpZCI6IjRkOTE3NzhmODIxNDI1ZDJjNDg3Yjc0M2YyMzEyYmYxIiwic3RvcmFnZSI6InB1YmxpY19zdG9yZSJ9?signature=4b9dbd15c40f85466e597873c567f989183b284947e8c8dc4df58667789214a2",
            "productDescription": ""
        },
        "priceData": {
            "bestPrice": "4.00",
            "price": "4.00",
            "pricePerLitre": 7.3,
            "bestPricePerLitre": 7.3
        },
        "store": {
            "id": "5e6030689cdbf54492018c12",
            "name": "Te Ngae"
        }
    },
    {
        "productData": {
            "name": "Monster Mule Ginger Brew 500ml",
            "productId": "monster-mule-ginger-brew-500ml",
            "productShopPage": "https://tengae.store.freshchoice.co.nz/lines/monster-mule-ginger-brew-500ml",
            "productImageURL": "https://dtgxwmigmg3gc.cloudfront.net/imagery/assets/derivations/icon/512/512/true/eyJpZCI6ImM1OTM5MTIyZTRlNmNhNzk0ODFlMDE4ZWVmMWE2Y2ZlIiwic3RvcmFnZSI6InB1YmxpY19zdG9yZSJ9?signature=5d11287f30ef58c148e37382d61c0d83097d5461683a9aa5dd9456941c1f32e5",
            "productDescription": ""
        },
        "priceData": {
            "bestPrice": "3.00",
            "price": "3.00",
            "pricePerLitre": 6.0,
            "bestPricePerLitre": 6.0
        },
        "store": {
            "id": "5e6030689cdbf54492018c12",
            "name": "Te Ngae"
        }
    },
    {
        "productData": {
            "name": "Monster Super Fuel Purple Passion 550ml",
            "productId": "monster-super-fuel-purple-passion-550ml",
            "productShopPage": "https://tengae.store.freshchoice.co.nz/lines/monster-super-fuel-purple-passion-550ml",
            "productImageURL": "https://dtgxwmigmg3gc.cloudfront.net/imagery/assets/derivations/icon/512/512/true/eyJpZCI6IjNkMTY1OTQwMzgyOTZjZjVlMjNlNjBjMDQ3NTE1YWM0Iiwic3RvcmFnZSI6InB1YmxpY19zdG9yZSJ9?signature=4d4ccd77dab941d955a8037242a41833afdc7251d3bd5b5c4b99705770273998",
            "productDescription": ""
        },
        "priceData": {
            "bestPrice": "4.00",
            "price": "4.00",
            "pricePerLitre": 7.3,
            "bestPricePerLitre": 7.3
        },
        "store": {
            "id": "5e6030689cdbf54492018c12",
            "name": "Te Ngae"
        }
    },
    {
        "productData": {
            "name": "Monster Energy Pipeline Punch 500ml",
            "productId": "monster-energy-pipeline-punch-500ml",
            "productShopPage": "https://tengae.store.freshchoice.co.nz/lines/monster-energy-pipeline-punch-500ml",
            "productImageURL": "https://dtgxwmigmg3gc.cloudfront.net/imagery/assets/derivations/icon/512/512/true/eyJpZCI6IjM3ZWY2OTY5OWFlNTJlZTRjNTY1ZmFmYWIwOTIxMjg4Iiwic3RvcmFnZSI6InB1YmxpY19zdG9yZSJ9?signature=79ed6699c35bd716a9d5d9457c39ce62c523edaa4059b6b45d4dcc7caf65cef9",
            "productDescription": ""
        },
        "priceData": {
            "bestPrice": "3.00",
            "price": "3.00",
            "pricePerLitre": 6.0,
            "bestPricePerLitre": 6.0
        },
        "store": {
            "id": "5e6030689cdbf54492018c12",
            "name": "Te Ngae"
        }
    },
    {
        "productData": {
            "name": "Live Plus Energy Drink Citrus Flavour 500ml",
            "productId": "live-plus-persist-500ml",
            "productShopPage": "https://tengae.store.freshchoice.co.nz/lines/live-plus-persist-500ml",
            "productImageURL": "https://dtgxwmigmg3gc.cloudfront.net/imagery/assets/derivations/icon/512/512/true/eyJpZCI6IjFlNWQ5YzI4OWM1N2UzNmYzZmI2NThlMDQzZTI3ZjE4Iiwic3RvcmFnZSI6InB1YmxpY19zdG9yZSJ9?signature=756b17fefe47174b90e7dbec8cd09db27f9f59f4994bc750b71256ae93ba9fa8",
            "productDescription": ""
        },
        "priceData": {
            "bestPrice": "2.00",
            "price": "2.00",
            "pricePerLitre": 4.0,
            "bestPricePerLitre": 4.0
        },
        "store": {
            "id": "5e6030689cdbf54492018c12",
            "name": "Te Ngae"
        }
    },
    {
        "productData": {
            "name": "Live Plus Energy Drink Tart Apple Apple Flavour 500ml",
            "productId": "live-plus-ignite-500ml",
            "productShopPage": "https://tengae.store.freshchoice.co.nz/lines/live-plus-ignite-500ml",
            "productImageURL": "https://dtgxwmigmg3gc.cloudfront.net/imagery/assets/derivations/icon/512/512/true/eyJpZCI6IjViOGViZjhmZTQzYjFlYTMzNDM5YjJjMjg3ZDRmY2YyIiwic3RvcmFnZSI6InB1YmxpY19zdG9yZSJ9?signature=140ae19352cd0dcec7e77f90fa4dfaa9fa17086439f730510afc5d906e1415bf",
            "productDescription": ""
        },
        "priceData": {
            "bestPrice": "2.00",
            "price": "2.00",
            "pricePerLitre": 4.0,
            "bestPricePerLitre": 4.0
        },
        "store": {
            "id": "5e6030689cdbf54492018c12",
            "name": "Te Ngae"
        }
    },
    {
        "productData": {
            "name": "V Guarana Energy Drink Blue Sugarfree 250ml",
            "productId": "v-blue-sugarfree-energy-drink-250ml",
            "productShopPage": "https://tengae.store.freshchoice.co.nz/lines/v-blue-sugarfree-energy-drink-250ml",
            "productImageURL": "https://dtgxwmigmg3gc.cloudfront.net/imagery/assets/derivations/icon/512/512/true/eyJpZCI6IjI3YWJiOTVhYjNhMjEwMDU2MWJhMmRhNTM3YjRhZjVmIiwic3RvcmFnZSI6InB1YmxpY19zdG9yZSJ9?signature=66769306ca1d0ba674603954d338186dc999f6d1839090d49fde9416b3252365",
            "productDescription": ""
        },
        "priceData": {
            "bestPrice": "2.20",
            "price": "2.20",
            "pricePerLitre": 8.8,
            "bestPricePerLitre": 8.8
        },
        "store": {
            "id": "5e6030689cdbf54492018c12",
            "name": "Te Ngae"
        }
    },
    {
        "productData": {
            "name": "Live Plus Energy Drink Original Citrus Flavour 355ml",
            "productId": "live-plus-persist-glass-355ml",
            "productShopPage": "https://tengae.store.freshchoice.co.nz/lines/live-plus-persist-glass-355ml",
            "productImageURL": "https://dtgxwmigmg3gc.cloudfront.net/imagery/assets/derivations/icon/512/512/true/eyJpZCI6ImYzMjZlMTdmMmI5ZGRjZGYzYmFmNzNiMWQzN2Y5NDI4Iiwic3RvcmFnZSI6InB1YmxpY19zdG9yZSJ9?signature=8fa31eb2b309e9c7a293ba2e7a7541e3cdc686b1d3f519044aa97c666ae5f630",
            "productDescription": ""
        },
        "priceData": {
            "bestPrice": "2.80",
            "price": "2.80",
            "pricePerLitre": 7.9,
            "bestPricePerLitre": 7.9
        },
        "store": {
            "id": "5e6030689cdbf54492018c12",
            "name": "Te Ngae"
        }
    },
    {
        "productData": {
            "name": "Live Plus Energy Drink Original Citrus Flavour 6 x 250ml",
            "productId": "live-plus-persist-250ml-6pack",
            "productShopPage": "https://tengae.store.freshchoice.co.nz/lines/live-plus-persist-250ml-6pack",
            "productImageURL": "https://dtgxwmigmg3gc.cloudfront.net/imagery/assets/derivations/icon/512/512/true/eyJpZCI6IjNmODNiNGI4MzI4MzJmNzhjZmJhNDA1OGUyZWFlM2ZhIiwic3RvcmFnZSI6InB1YmxpY19zdG9yZSJ9?signature=0257f943d0c41562773e51cbd42327ad911228832e33494e9c30381e20305337",
            "productDescription": ""
        },
        "priceData": {
            "bestPrice": "7.70",
            "price": "7.70",
            "pricePerLitre": 5.1,
            "bestPricePerLitre": 5.1
        },
        "store": {
            "id": "5e6030689cdbf54492018c12",
            "name": "Te Ngae"
        }
    },
    {
        "productData": {
            "name": "Rockstar Original Energy Drink 500ml",
            "productId": "rockstar-original-energy-drink-500ml",
            "productShopPage": "https://tengae.store.freshchoice.co.nz/lines/rockstar-original-energy-drink-500ml",
            "productImageURL": "https://dtgxwmigmg3gc.cloudfront.net/imagery/assets/derivations/icon/512/512/true/eyJpZCI6IjA1ZmRmMjE1MTQ0Zjk0YjgzMDFlNzEyMjQ5OWMzZjNjIiwic3RvcmFnZSI6InB1YmxpY19zdG9yZSJ9?signature=d3b539814d47e6a54c00fa8c8b73164ccb677a65cf673f3532132f7f04c657f5",
            "productDescription": ""
        },
        "priceData": {
            "bestPrice": "2.00",
            "price": "2.00",
            "pricePerLitre": 4.0,
            "bestPricePerLitre": 4.0
        },
        "store": {
            "id": "5e6030689cdbf54492018c12",
            "name": "Te Ngae"
        }
    },
    {
        "productData": {
            "name": "Rockstar Punched Energy Guava 500ml",
            "productId": "rockstar-punched-energy-guava-500ml",
            "productShopPage": "https://tengae.store.freshchoice.co.nz/lines/rockstar-punched-energy-guava-500ml",
            "productImageURL": "https://dtgxwmigmg3gc.cloudfront.net/imagery/assets/derivations/icon/512/512/true/eyJpZCI6IjBmNGEyNjU2MGQwM2Y4OGI4MWE3ZTMyODUzYTRlN2QyIiwic3RvcmFnZSI6InB1YmxpY19zdG9yZSJ9?signature=fab45ac774e74d87cf7a79de075f47290676fd6d4afcf212198c745670d5ce29",
            "productDescription": ""
        },
        "priceData": {
            "bestPrice": "2.00",
            "price": "2.00",
            "pricePerLitre": 4.0,
            "bestPricePerLitre": 4.0
        },
        "store": {
            "id": "5e6030689cdbf54492018c12",
            "name": "Te Ngae"
        }
    },
    {
        "productData": {
            "name": "Rockstar Punched Watermelon Freeze Energy Drink 500ml",
            "productId": "rockstar-punched-watermelon-freeze-energy-drink-500ml",
            "productShopPage": "https://tengae.store.freshchoice.co.nz/lines/rockstar-punched-watermelon-freeze-energy-drink-500ml",
            "productImageURL": "https://dtgxwmigmg3gc.cloudfront.net/imagery/assets/derivations/icon/512/512/true/eyJpZCI6IjlhMzZkN2M2YmNhYzgwZGNlNzQ1NjBkOTA5NGU3MzQ2Iiwic3RvcmFnZSI6InB1YmxpY19zdG9yZSJ9?signature=09f452e46dbf31dd8b35e72b6651c800dd4e8856d7322f55db022f54e5cc9867",
            "productDescription": ""
        },
        "priceData": {
            "bestPrice": "2.00",
            "price": "2.00",
            "pricePerLitre": 4.0,
            "bestPricePerLitre": 4.0
        },
        "store": {
            "id": "5e6030689cdbf54492018c12",
            "name": "Te Ngae"
        }
    },
    {
        "productData": {
            "name": "Monster Energy Drink Ultra Rosa 500ml",
            "productId": "monster-energy-drink-ultra-rosa-500ml",
            "productShopPage": "https://waimauku.store.freshchoice.co.nz/lines/monster-energy-drink-ultra-rosa-500ml",
            "productImageURL": "https://dtgxwmigmg3gc.cloudfront.net/imagery/assets/derivations/icon/512/512/true/eyJpZCI6IjZjYzFjMzcwYzM4Mzk4N2MyOTUzNWIyMTFjZTJlYjgxIiwic3RvcmFnZSI6InB1YmxpY19zdG9yZSJ9?signature=9cd08284785f9b24647ecc7d1dc08214d9d00318cc809bebdef1921d6b78bb95",
            "productDescription": ""
        },
        "priceData": {
            "bestPrice": "3.00",
            "price": "3.00",
            "pricePerLitre": 6.0,
            "bestPricePerLitre": 6.0
        },
        "store": {
            "id": "5e736e0d60b75a139404c695",
            "name": "Waimauku"
        }
    },
    {
        "productData": {
            "name": "Monster Energy Pipeline Punch 500ml",
            "productId": "monster-energy-p-line-pnch-500ml",
            "productShopPage": "https://waimauku.store.freshchoice.co.nz/lines/monster-energy-p-line-pnch-500ml",
            "productImageURL": "https://dtgxwmigmg3gc.cloudfront.net/imagery/assets/derivations/icon/512/512/true/eyJpZCI6IjM3ZWY2OTY5OWFlNTJlZTRjNTY1ZmFmYWIwOTIxMjg4Iiwic3RvcmFnZSI6InB1YmxpY19zdG9yZSJ9?signature=79ed6699c35bd716a9d5d9457c39ce62c523edaa4059b6b45d4dcc7caf65cef9",
            "productDescription": ""
        },
        "priceData": {
            "bestPrice": "3.00",
            "price": "3.00",
            "pricePerLitre": 6.0,
            "bestPricePerLitre": 6.0
        },
        "store": {
            "id": "5e736e0d60b75a139404c695",
            "name": "Waimauku"
        }
    },
    {
        "productData": {
            "name": "Mother Tropical Blast 500ml",
            "productId": "mother-tropical-blast-500ml",
            "productShopPage": "https://waimauku.store.freshchoice.co.nz/lines/mother-tropical-blast-500ml",
            "productImageURL": "https://dtgxwmigmg3gc.cloudfront.net/imagery/assets/derivations/icon/512/512/true/eyJpZCI6ImEyZmM1OTUwNDhlODM5YTRhMjQ2MTI1OGEyYzNlZWZhIiwic3RvcmFnZSI6InB1YmxpY19zdG9yZSJ9?signature=6c9470ee4067e8ec32b58eeac9d628404d3986058a9b1cdef46014d1bee50944",
            "productDescription": ""
        },
        "priceData": {
            "bestPrice": "2.00",
            "price": "2.00",
            "pricePerLitre": 4.0,
            "bestPricePerLitre": 4.0
        },
        "store": {
            "id": "5e736e0d60b75a139404c695",
            "name": "Waimauku"
        }
    },
    {
        "productData": {
            "name": "Mother Epic Swell Energy Drink Twisted Apple 500ml",
            "productId": "mother-epic-swell-energy-drink-twisted-apple-500ml",
            "productShopPage": "https://waimauku.store.freshchoice.co.nz/lines/mother-epic-swell-energy-drink-twisted-apple-500ml",
            "productImageURL": "https://dtgxwmigmg3gc.cloudfront.net/imagery/assets/derivations/icon/512/512/true/eyJpZCI6ImE2ZjYxOGNhNjUyYzMxNzRhNjg2MDBhMGVjZmQ3MmJkIiwic3RvcmFnZSI6InB1YmxpY19zdG9yZSJ9?signature=954f74f8aba0fb24cb2a5248b1e93fe8a62fb8c7f902abbb08b7aed24bc44c80",
            "productDescription": ""
        },
        "priceData": {
            "bestPrice": "2.00",
            "price": "2.00",
            "pricePerLitre": 4.0,
            "bestPricePerLitre": 4.0
        },
        "store": {
            "id": "5e736e0d60b75a139404c695",
            "name": "Waimauku"
        }
    },
    {
        "productData": {
            "name": "V Blue Sugarfree Energy Drink 500ml",
            "productId": "v-blue-sugarfree-energy-drink-500ml",
            "productShopPage": "https://waimauku.store.freshchoice.co.nz/lines/v-blue-sugarfree-energy-drink-500ml",
            "productImageURL": "https://dtgxwmigmg3gc.cloudfront.net/imagery/assets/derivations/icon/512/512/true/eyJpZCI6ImVmYjQyOWRmM2JjZjc3NTY1ZDIwMTEyNTY0MDdmZjA1Iiwic3RvcmFnZSI6InB1YmxpY19zdG9yZSJ9?signature=2911d59474d8305039a3be3bef0f887c38d9ab84596314b13cc4b150101175ab",
            "productDescription": ""
        },
        "priceData": {
            "bestPrice": "3.50",
            "price": "3.50",
            "pricePerLitre": 7.0,
            "bestPricePerLitre": 7.0
        },
        "store": {
            "id": "5e736e0d60b75a139404c695",
            "name": "Waimauku"
        }
    },
    {
        "productData": {
            "name": "V Energy Drink Sugar Free Guarana 275ml 4 Pack",
            "productId": "v-energy-drink-sugar-free-guarana-275ml-4-pack",
            "productShopPage": "https://waimauku.store.freshchoice.co.nz/lines/v-energy-drink-sugar-free-guarana-275ml-4-pack",
            "productImageURL": "https://dtgxwmigmg3gc.cloudfront.net/imagery/assets/derivations/icon/512/512/true/eyJpZCI6IjdiYzk4MzAyN2RlNTU0MjQ4NDZkZTEzOTYzMDhmZWY0Iiwic3RvcmFnZSI6InB1YmxpY19zdG9yZSJ9?signature=6fe2c0378a010de1a1a8a9b1ea9c06d97cf3e6fef4a86c66b9cdd5f4bab7bcd6",
            "productDescription": ""
        },
        "priceData": {
            "bestPrice": "9.39",
            "price": "9.39",
            "pricePerLitre": 8.5,
            "bestPricePerLitre": 8.5
        },
        "store": {
            "id": "5e736e0d60b75a139404c695",
            "name": "Waimauku"
        }
    },
    {
        "productData": {
            "name": "Monster Super Fuel Zero Sugar 550ml",
            "productId": "monster-super-fuel-zero-sugar-550ml",
            "productShopPage": "https://waimauku.store.freshchoice.co.nz/lines/monster-super-fuel-zero-sugar-550ml",
            "productImageURL": "https://dtgxwmigmg3gc.cloudfront.net/imagery/assets/derivations/icon/512/512/true/eyJpZCI6IjRkOTE3NzhmODIxNDI1ZDJjNDg3Yjc0M2YyMzEyYmYxIiwic3RvcmFnZSI6InB1YmxpY19zdG9yZSJ9?signature=4b9dbd15c40f85466e597873c567f989183b284947e8c8dc4df58667789214a2",
            "productDescription": ""
        },
        "priceData": {
            "bestPrice": "4.00",
            "price": "4.00",
            "pricePerLitre": 7.3,
            "bestPricePerLitre": 7.3
        },
        "store": {
            "id": "5e736e0d60b75a139404c695",
            "name": "Waimauku"
        }
    },
    {
        "productData": {
            "name": "Monster Mule Ginger Brew 500ml",
            "productId": "monster-mule-ginger-brew-500ml",
            "productShopPage": "https://waimauku.store.freshchoice.co.nz/lines/monster-mule-ginger-brew-500ml",
            "productImageURL": "https://dtgxwmigmg3gc.cloudfront.net/imagery/assets/derivations/icon/512/512/true/eyJpZCI6ImM1OTM5MTIyZTRlNmNhNzk0ODFlMDE4ZWVmMWE2Y2ZlIiwic3RvcmFnZSI6InB1YmxpY19zdG9yZSJ9?signature=5d11287f30ef58c148e37382d61c0d83097d5461683a9aa5dd9456941c1f32e5",
            "productDescription": ""
        },
        "priceData": {
            "bestPrice": "3.00",
            "price": "3.00",
            "pricePerLitre": 6.0,
            "bestPricePerLitre": 6.0
        },
        "store": {
            "id": "5e736e0d60b75a139404c695",
            "name": "Waimauku"
        }
    },
    {
        "productData": {
            "name": "Monster Super Fuel Purple Passion 550ml",
            "productId": "monster-super-fuel-purple-passion-550ml",
            "productShopPage": "https://waimauku.store.freshchoice.co.nz/lines/monster-super-fuel-purple-passion-550ml",
            "productImageURL": "https://dtgxwmigmg3gc.cloudfront.net/imagery/assets/derivations/icon/512/512/true/eyJpZCI6IjNkMTY1OTQwMzgyOTZjZjVlMjNlNjBjMDQ3NTE1YWM0Iiwic3RvcmFnZSI6InB1YmxpY19zdG9yZSJ9?signature=4d4ccd77dab941d955a8037242a41833afdc7251d3bd5b5c4b99705770273998",
            "productDescription": ""
        },
        "priceData": {
            "bestPrice": "4.00",
            "price": "4.00",
            "pricePerLitre": 7.3,
            "bestPricePerLitre": 7.3
        },
        "store": {
            "id": "5e736e0d60b75a139404c695",
            "name": "Waimauku"
        }
    },
    {
        "productData": {
            "name": "Live Plus Energy Drink Ignite 500ml",
            "productId": "live-plus-ignite-500ml",
            "productShopPage": "https://waimauku.store.freshchoice.co.nz/lines/live-plus-ignite-500ml",
            "productImageURL": "https://dtgxwmigmg3gc.cloudfront.net/imagery/assets/derivations/icon/512/512/true/eyJpZCI6IjFkZThlMTA5NjUyNTgxZDc2ZDhiOWIxNjljYmVlOWVlIiwic3RvcmFnZSI6InB1YmxpY19zdG9yZSJ9?signature=5f73a57660afbef58a992f8c1d00558e127ddc20b4879ea1a95f2f74f8de2c57",
            "productDescription": ""
        },
        "priceData": {
            "bestPrice": "2.00",
            "price": "2.00",
            "pricePerLitre": 4.0,
            "bestPricePerLitre": 4.0
        },
        "store": {
            "id": "5e736e0d60b75a139404c695",
            "name": "Waimauku"
        }
    },
    {
        "productData": {
            "name": "V Guarana Energy Drink Blue Sugarfree 250ml",
            "productId": "v-blue-sugarfree-energy-drink-250ml",
            "productShopPage": "https://waimauku.store.freshchoice.co.nz/lines/v-blue-sugarfree-energy-drink-250ml",
            "productImageURL": "https://dtgxwmigmg3gc.cloudfront.net/imagery/assets/derivations/icon/512/512/true/eyJpZCI6IjI3YWJiOTVhYjNhMjEwMDU2MWJhMmRhNTM3YjRhZjVmIiwic3RvcmFnZSI6InB1YmxpY19zdG9yZSJ9?signature=66769306ca1d0ba674603954d338186dc999f6d1839090d49fde9416b3252365",
            "productDescription": ""
        },
        "priceData": {
            "bestPrice": "2.20",
            "price": "2.20",
            "pricePerLitre": 8.8,
            "bestPricePerLitre": 8.8
        },
        "store": {
            "id": "5e736e0d60b75a139404c695",
            "name": "Waimauku"
        }
    },
    {
        "productData": {
            "name": "Monster Energy Ultra Paradise 500ml",
            "productId": "monster-energy-drink-ultra-paradise-500ml",
            "productShopPage": "https://barrington.store.freshchoice.co.nz/lines/monster-energy-drink-ultra-paradise-500ml",
            "productImageURL": "https://dtgxwmigmg3gc.cloudfront.net/imagery/assets/derivations/icon/512/512/true/eyJpZCI6ImZiZDRkZTQxNzA0M2FiYTUyMjMwZWI0NTcyZGNmYTE1Iiwic3RvcmFnZSI6InB1YmxpY19zdG9yZSJ9?signature=8a439bf26b71114289dfea1720ed331b1e4784c534deade29db8ac38b1cc7c1a",
            "productDescription": ""
        },
        "priceData": {
            "bestPrice": "3.00",
            "price": "3.00",
            "pricePerLitre": 6.0,
            "bestPricePerLitre": 6.0
        },
        "store": {
            "id": "5817bdf5777a4256e504a7a2",
            "name": "Barrington"
        }
    },
    {
        "productData": {
            "name": "Monster Energy Drink Can Green 500ml",
            "productId": "monster-energy-green-500ml",
            "productShopPage": "https://barrington.store.freshchoice.co.nz/lines/monster-energy-green-500ml",
            "productImageURL": "https://dtgxwmigmg3gc.cloudfront.net/imagery/assets/derivations/icon/512/512/true/eyJpZCI6ImU3ZjNiNjJiNzI4Y2M0MTIxMjhiNjQ2ZmQ2OTQzMGEzIiwic3RvcmFnZSI6InB1YmxpY19zdG9yZSJ9?signature=637eac56411f57a79f345ea693f1418330d5742c3a04caddb460696dba06da06",
            "productDescription": ""
        },
        "priceData": {
            "bestPrice": "3.00",
            "price": "3.00",
            "pricePerLitre": 6.0,
            "bestPricePerLitre": 6.0
        },
        "store": {
            "id": "5817bdf5777a4256e504a7a2",
            "name": "Barrington"
        }
    },
    {
        "productData": {
            "name": "Monster Energy Drink Ultra Rosa 500ml",
            "productId": "monster-energy-drink-ultra-rosa-500ml",
            "productShopPage": "https://barrington.store.freshchoice.co.nz/lines/monster-energy-drink-ultra-rosa-500ml",
            "productImageURL": "https://dtgxwmigmg3gc.cloudfront.net/imagery/assets/derivations/icon/512/512/true/eyJpZCI6IjZjYzFjMzcwYzM4Mzk4N2MyOTUzNWIyMTFjZTJlYjgxIiwic3RvcmFnZSI6InB1YmxpY19zdG9yZSJ9?signature=9cd08284785f9b24647ecc7d1dc08214d9d00318cc809bebdef1921d6b78bb95",
            "productDescription": ""
        },
        "priceData": {
            "bestPrice": "3.00",
            "price": "3.00",
            "pricePerLitre": 6.0,
            "bestPricePerLitre": 6.0
        },
        "store": {
            "id": "5817bdf5777a4256e504a7a2",
            "name": "Barrington"
        }
    },
    {
        "productData": {
            "name": "Mother Energy Drink Passion 500ml",
            "productId": "mother-energy-drink-passion-500ml",
            "productShopPage": "https://barrington.store.freshchoice.co.nz/lines/mother-energy-drink-passion-500ml",
            "productImageURL": "https://dtgxwmigmg3gc.cloudfront.net/imagery/assets/derivations/icon/512/512/true/eyJpZCI6ImQwODE2YTc4ZjBmNGU4NTU5Mzg1YjkxZmI5YjIzZjM0Iiwic3RvcmFnZSI6InB1YmxpY19zdG9yZSJ9?signature=713c495fef96a6427b917f0c7c7e855a963749ac5c1bf7dfd71e24ae08ea3123",
            "productDescription": ""
        },
        "priceData": {
            "bestPrice": "2.00",
            "price": "2.00",
            "pricePerLitre": 6.0,
            "bestPricePerLitre": 6.0
        },
        "store": {
            "id": "5817bdf5777a4256e504a7a2",
            "name": "Barrington"
        }
    },
    {
        "productData": {
            "name": "Mother Tropical Blast 500ml",
            "productId": "mother-tropical-blast-500ml",
            "productShopPage": "https://barrington.store.freshchoice.co.nz/lines/mother-tropical-blast-500ml",
            "productImageURL": "https://dtgxwmigmg3gc.cloudfront.net/imagery/assets/derivations/icon/512/512/true/eyJpZCI6ImEyZmM1OTUwNDhlODM5YTRhMjQ2MTI1OGEyYzNlZWZhIiwic3RvcmFnZSI6InB1YmxpY19zdG9yZSJ9?signature=6c9470ee4067e8ec32b58eeac9d628404d3986058a9b1cdef46014d1bee50944",
            "productDescription": ""
        },
        "priceData": {
            "bestPrice": "2.00",
            "price": "2.00",
            "pricePerLitre": 6.0,
            "bestPricePerLitre": 6.0
        },
        "store": {
            "id": "5817bdf5777a4256e504a7a2",
            "name": "Barrington"
        }
    },
    {
        "productData": {
            "name": "Mother Epic Swell Energy Drink Twisted Apple 500ml",
            "productId": "mother-epic-swell-energy-drink-twisted-apple-500ml",
            "productShopPage": "https://barrington.store.freshchoice.co.nz/lines/mother-epic-swell-energy-drink-twisted-apple-500ml",
            "productImageURL": "https://dtgxwmigmg3gc.cloudfront.net/imagery/assets/derivations/icon/512/512/true/eyJpZCI6ImE2ZjYxOGNhNjUyYzMxNzRhNjg2MDBhMGVjZmQ3MmJkIiwic3RvcmFnZSI6InB1YmxpY19zdG9yZSJ9?signature=954f74f8aba0fb24cb2a5248b1e93fe8a62fb8c7f902abbb08b7aed24bc44c80",
            "productDescription": ""
        },
        "priceData": {
            "bestPrice": "2.00",
            "price": "2.00",
            "pricePerLitre": 6.0,
            "bestPricePerLitre": 6.0
        },
        "store": {
            "id": "5817bdf5777a4256e504a7a2",
            "name": "Barrington"
        }
    },
    {
        "productData": {
            "name": "V Energy Drink 710ml Can",
            "productId": "v-energy-drink-710ml-can",
            "productShopPage": "https://barrington.store.freshchoice.co.nz/lines/v-energy-drink-710ml-can",
            "productImageURL": "https://dtgxwmigmg3gc.cloudfront.net/imagery/assets/derivations/icon/512/512/true/eyJpZCI6ImU1Mjg5NDIyNDI0MzhlNGM0N2IxY2FmMmExOWQ0OGI0Iiwic3RvcmFnZSI6InB1YmxpY19zdG9yZSJ9?signature=875386458f8ad66eb59967a1ca6ad24a19d1592f97a894e439af7d9be1852340",
            "productDescription": ""
        },
        "priceData": {
            "bestPrice": "3.99",
            "price": "3.99",
            "pricePerLitre": 5.6000000000000005,
            "bestPricePerLitre": 5.6000000000000005
        },
        "store": {
            "id": "5817bdf5777a4256e504a7a2",
            "name": "Barrington"
        }
    },
    {
        "productData": {
            "name": "V Energy Drink Raspberry Lemonade 350ml",
            "productId": "v-energy-drink-raspberry-lemonade-350ml",
            "productShopPage": "https://barrington.store.freshchoice.co.nz/lines/v-energy-drink-raspberry-lemonade-350ml",
            "productImageURL": "https://dtgxwmigmg3gc.cloudfront.net/imagery/assets/derivations/icon/512/512/true/eyJpZCI6IjliNWMwMGJkN2IxYWRhY2UxNzU5NzY1ZTI4MjUzZDgyIiwic3RvcmFnZSI6InB1YmxpY19zdG9yZSJ9?signature=1813e587f3636e394a15aa9e19234f9343024a6880220b0dda0a5d69b1f1c010",
            "productDescription": ""
        },
        "priceData": {
            "bestPrice": "2.30",
            "price": "2.30",
            "pricePerLitre": 10.0,
            "bestPricePerLitre": 10.0
        },
        "store": {
            "id": "5817bdf5777a4256e504a7a2",
            "name": "Barrington"
        }
    },
    {
        "productData": {
            "name": "V Blue Sugarfree Energy Drink 500ml",
            "productId": "v-blue-sugarfree-energy-drink-500ml",
            "productShopPage": "https://barrington.store.freshchoice.co.nz/lines/v-blue-sugarfree-energy-drink-500ml",
            "productImageURL": "https://dtgxwmigmg3gc.cloudfront.net/imagery/assets/derivations/icon/512/512/true/eyJpZCI6ImVmYjQyOWRmM2JjZjc3NTY1ZDIwMTEyNTY0MDdmZjA1Iiwic3RvcmFnZSI6InB1YmxpY19zdG9yZSJ9?signature=2911d59474d8305039a3be3bef0f887c38d9ab84596314b13cc4b150101175ab",
            "productDescription": ""
        },
        "priceData": {
            "bestPrice": "3.50",
            "price": "3.50",
            "pricePerLitre": 7.0,
            "bestPricePerLitre": 7.0
        },
        "store": {
            "id": "5817bdf5777a4256e504a7a2",
            "name": "Barrington"
        }
    },
    {
        "productData": {
            "name": "V Raspberry Lemonade Energy Drink 500ml",
            "productId": "v-energy-drink-raspberry-lemonade-500ml-can",
            "productShopPage": "https://barrington.store.freshchoice.co.nz/lines/v-energy-drink-raspberry-lemonade-500ml-can",
            "productImageURL": "https://dtgxwmigmg3gc.cloudfront.net/imagery/assets/derivations/icon/512/512/true/eyJpZCI6ImE3N2Y5NzBmY2FhOWZhYmZiOTc3MmYyMzE4MGRiOTcxIiwic3RvcmFnZSI6InB1YmxpY19zdG9yZSJ9?signature=2bb7890fe6d7b0c0c6a522be31c78077be0aa570ca4c8aa5549ccf80761262dc",
            "productDescription": ""
        },
        "priceData": {
            "bestPrice": "3.50",
            "price": "3.50",
            "pricePerLitre": 7.0,
            "bestPricePerLitre": 7.0
        },
        "store": {
            "id": "5817bdf5777a4256e504a7a2",
            "name": "Barrington"
        }
    },
    {
        "productData": {
            "name": "V Blue Energy Drink Blue Guarana Can 500ml",
            "productId": "v-blue-energy-drink-blue-guarana-can-500ml",
            "productShopPage": "https://barrington.store.freshchoice.co.nz/lines/v-blue-energy-drink-blue-guarana-can-500ml",
            "productImageURL": "https://dtgxwmigmg3gc.cloudfront.net/imagery/assets/derivations/icon/512/512/true/eyJpZCI6ImFmYjEyYjVjYTU2YWI5ZDJhMTVmNGY2MDg2NWFlNzgxIiwic3RvcmFnZSI6InB1YmxpY19zdG9yZSJ9?signature=b537a8cc5a2c0f90f1702b2c541db44c3a740a0ec4a96e92ab2d6537f9320e8d",
            "productDescription": ""
        },
        "priceData": {
            "bestPrice": "3.50",
            "price": "3.50",
            "pricePerLitre": 7.0,
            "bestPricePerLitre": 7.0
        },
        "store": {
            "id": "5817bdf5777a4256e504a7a2",
            "name": "Barrington"
        }
    },
    {
        "productData": {
            "name": "V Iced Mocha Guarana Energy 500ml",
            "productId": "v-iced-mocha-guarana-energy-500ml",
            "productShopPage": "https://barrington.store.freshchoice.co.nz/lines/v-iced-mocha-guarana-energy-500ml",
            "productImageURL": "https://dtgxwmigmg3gc.cloudfront.net/imagery/assets/derivations/icon/512/512/true/eyJpZCI6ImNiMDRkODVlZmQ2YjhiZGMxMWU4Zjk5OGEwOTczODg1Iiwic3RvcmFnZSI6InB1YmxpY19zdG9yZSJ9?signature=3e63d4ec34ef65794a07ea00749a785cb88ce90997e6e7d12629c3c0f205de6d",
            "productDescription": ""
        },
        "priceData": {
            "bestPrice": "4.00",
            "price": "4.00"
        },
        "store": {
            "id": "5817bdf5777a4256e504a7a2",
            "name": "Barrington"
        }
    },
    {
        "productData": {
            "name": "Monster Mule Ginger Brew 500ml",
            "productId": "monster-mule-ginger-brew-500ml",
            "productShopPage": "https://barrington.store.freshchoice.co.nz/lines/monster-mule-ginger-brew-500ml",
            "productImageURL": "https://dtgxwmigmg3gc.cloudfront.net/imagery/assets/derivations/icon/512/512/true/eyJpZCI6ImM1OTM5MTIyZTRlNmNhNzk0ODFlMDE4ZWVmMWE2Y2ZlIiwic3RvcmFnZSI6InB1YmxpY19zdG9yZSJ9?signature=5d11287f30ef58c148e37382d61c0d83097d5461683a9aa5dd9456941c1f32e5",
            "productDescription": ""
        },
        "priceData": {
            "bestPrice": "3.00",
            "price": "3.00",
            "pricePerLitre": 6.0,
            "bestPricePerLitre": 6.0
        },
        "store": {
            "id": "5817bdf5777a4256e504a7a2",
            "name": "Barrington"
        }
    },
    {
        "productData": {
            "name": "Mother Energy Drink Cans 6x250ml",
            "productId": "mother-energy-can-250ml-6-pack",
            "productShopPage": "https://barrington.store.freshchoice.co.nz/lines/mother-energy-can-250ml-6-pack",
            "productImageURL": "https://dtgxwmigmg3gc.cloudfront.net/imagery/assets/derivations/icon/512/512/true/eyJpZCI6IjEyOGFhMmU0Y2VkYTU4ZWFkZmVhOWUwZjdlNTZhOTA4Iiwic3RvcmFnZSI6InB1YmxpY19zdG9yZSJ9?signature=5db1908f64527cf28fa7bf3266a83ab854a07ca50453511f7d414d8e6d5c10fb",
            "productDescription": ""
        },
        "priceData": {
            "bestPrice": "7.70",
            "price": "7.70",
            "pricePerLitre": 5.1,
            "bestPricePerLitre": 5.1
        },
        "store": {
            "id": "5817bdf5777a4256e504a7a2",
            "name": "Barrington"
        }
    },
    {
        "productData": {
            "name": "Monster Energy Pipeline Punch 500ml",
            "productId": "monster-energy-pipeline-punch-500ml",
            "productShopPage": "https://barrington.store.freshchoice.co.nz/lines/monster-energy-pipeline-punch-500ml",
            "productImageURL": "https://dtgxwmigmg3gc.cloudfront.net/imagery/assets/derivations/icon/512/512/true/eyJpZCI6IjM3ZWY2OTY5OWFlNTJlZTRjNTY1ZmFmYWIwOTIxMjg4Iiwic3RvcmFnZSI6InB1YmxpY19zdG9yZSJ9?signature=79ed6699c35bd716a9d5d9457c39ce62c523edaa4059b6b45d4dcc7caf65cef9",
            "productDescription": ""
        },
        "priceData": {
            "bestPrice": "3.00",
            "price": "3.00",
            "pricePerLitre": 6.0,
            "bestPricePerLitre": 6.0
        },
        "store": {
            "id": "5817bdf5777a4256e504a7a2",
            "name": "Barrington"
        }
    },
    {
        "productData": {
            "name": "Live Plus Energy Drink Citrus Flavour 500ml",
            "productId": "live-plus-persist-500ml",
            "productShopPage": "https://barrington.store.freshchoice.co.nz/lines/live-plus-persist-500ml",
            "productImageURL": "https://dtgxwmigmg3gc.cloudfront.net/imagery/assets/derivations/icon/512/512/true/eyJpZCI6IjFlNWQ5YzI4OWM1N2UzNmYzZmI2NThlMDQzZTI3ZjE4Iiwic3RvcmFnZSI6InB1YmxpY19zdG9yZSJ9?signature=756b17fefe47174b90e7dbec8cd09db27f9f59f4994bc750b71256ae93ba9fa8",
            "productDescription": ""
        },
        "priceData": {
            "bestPrice": "2.00",
            "price": "2.00",
            "pricePerLitre": 6.0,
            "bestPricePerLitre": 6.0
        },
        "store": {
            "id": "5817bdf5777a4256e504a7a2",
            "name": "Barrington"
        }
    },
    {
        "productData": {
            "name": "Live Plus Energy Drink Tart Apple Apple Flavour 500ml",
            "productId": "live-plus-ignite-500ml",
            "productShopPage": "https://barrington.store.freshchoice.co.nz/lines/live-plus-ignite-500ml",
            "productImageURL": "https://dtgxwmigmg3gc.cloudfront.net/imagery/assets/derivations/icon/512/512/true/eyJpZCI6IjViOGViZjhmZTQzYjFlYTMzNDM5YjJjMjg3ZDRmY2YyIiwic3RvcmFnZSI6InB1YmxpY19zdG9yZSJ9?signature=140ae19352cd0dcec7e77f90fa4dfaa9fa17086439f730510afc5d906e1415bf",
            "productDescription": ""
        },
        "priceData": {
            "bestPrice": "2.00",
            "price": "2.00",
            "pricePerLitre": 6.0,
            "bestPricePerLitre": 6.0
        },
        "store": {
            "id": "5817bdf5777a4256e504a7a2",
            "name": "Barrington"
        }
    },
    {
        "productData": {
            "name": "V Guarana Energy Drink Blue Sugarfree 250ml",
            "productId": "v-blue-sugarfree-energy-drink-250ml",
            "productShopPage": "https://barrington.store.freshchoice.co.nz/lines/v-blue-sugarfree-energy-drink-250ml",
            "productImageURL": "https://dtgxwmigmg3gc.cloudfront.net/imagery/assets/derivations/icon/512/512/true/eyJpZCI6IjI3YWJiOTVhYjNhMjEwMDU2MWJhMmRhNTM3YjRhZjVmIiwic3RvcmFnZSI6InB1YmxpY19zdG9yZSJ9?signature=66769306ca1d0ba674603954d338186dc999f6d1839090d49fde9416b3252365",
            "productDescription": ""
        },
        "priceData": {
            "bestPrice": "2.60",
            "price": "2.60",
            "pricePerLitre": 10.4,
            "bestPricePerLitre": 10.4
        },
        "store": {
            "id": "5817bdf5777a4256e504a7a2",
            "name": "Barrington"
        }
    },
    {
        "productData": {
            "name": "Live Plus Energy Drink Original Citrus Flavour 355ml",
            "productId": "live-plus-persist-glass-355ml",
            "productShopPage": "https://barrington.store.freshchoice.co.nz/lines/live-plus-persist-glass-355ml",
            "productImageURL": "https://dtgxwmigmg3gc.cloudfront.net/imagery/assets/derivations/icon/512/512/true/eyJpZCI6ImYzMjZlMTdmMmI5ZGRjZGYzYmFmNzNiMWQzN2Y5NDI4Iiwic3RvcmFnZSI6InB1YmxpY19zdG9yZSJ9?signature=8fa31eb2b309e9c7a293ba2e7a7541e3cdc686b1d3f519044aa97c666ae5f630",
            "productDescription": ""
        },
        "priceData": {
            "bestPrice": "2.89",
            "price": "2.89",
            "pricePerLitre": 8.100000000000001,
            "bestPricePerLitre": 8.100000000000001
        },
        "store": {
            "id": "5817bdf5777a4256e504a7a2",
            "name": "Barrington"
        }
    },
    {
        "productData": {
            "name": "Live Plus Energy Drink Original Citrus Flavour 6 x 250ml",
            "productId": "live-plus-persist-250ml-6pack",
            "productShopPage": "https://barrington.store.freshchoice.co.nz/lines/live-plus-persist-250ml-6pack",
            "productImageURL": "https://dtgxwmigmg3gc.cloudfront.net/imagery/assets/derivations/icon/512/512/true/eyJpZCI6IjNmODNiNGI4MzI4MzJmNzhjZmJhNDA1OGUyZWFlM2ZhIiwic3RvcmFnZSI6InB1YmxpY19zdG9yZSJ9?signature=0257f943d0c41562773e51cbd42327ad911228832e33494e9c30381e20305337",
            "productDescription": ""
        },
        "priceData": {
            "bestPrice": "7.70",
            "price": "7.70",
            "pricePerLitre": 5.1,
            "bestPricePerLitre": 5.1
        },
        "store": {
            "id": "5817bdf5777a4256e504a7a2",
            "name": "Barrington"
        }
    },
    {
        "productData": {
            "name": "Monster Energy Import 550ml",
            "productId": "monster-energy-import-550ml",
            "productShopPage": "https://citymarket.store.freshchoice.co.nz/lines/monster-energy-import-550ml",
            "productImageURL": "https://dtgxwmigmg3gc.cloudfront.net/imagery/assets/derivations/icon/512/512/true/eyJpZCI6IjExYzliZTgxY2M3MTNjMDQzM2NmZGQ2ZWE1NjI3MTA0Iiwic3RvcmFnZSI6InB1YmxpY19zdG9yZSJ9?signature=e09322a0a00112a858095e689d2e825f79d154fd3e8577005948dde9d51afb47",
            "productDescription": ""
        },
        "priceData": {
            "bestPrice": "4.00",
            "price": "4.00",
            "pricePerLitre": 7.3,
            "bestPricePerLitre": 7.3
        },
        "store": {
            "id": "595ef52252ba0b437e0040db",
            "name": "City Market, Christchurch"
        }
    },
    {
        "productData": {
            "name": "Monster Energy Pipeline Punch 500ml",
            "productId": "monster-energy-p-line-pnch-500ml",
            "productShopPage": "https://citymarket.store.freshchoice.co.nz/lines/monster-energy-p-line-pnch-500ml",
            "productImageURL": "https://dtgxwmigmg3gc.cloudfront.net/imagery/assets/derivations/icon/512/512/true/eyJpZCI6IjM3ZWY2OTY5OWFlNTJlZTRjNTY1ZmFmYWIwOTIxMjg4Iiwic3RvcmFnZSI6InB1YmxpY19zdG9yZSJ9?signature=79ed6699c35bd716a9d5d9457c39ce62c523edaa4059b6b45d4dcc7caf65cef9",
            "productDescription": ""
        },
        "priceData": {
            "bestPrice": "3.00",
            "price": "3.00",
            "pricePerLitre": 6.0,
            "bestPricePerLitre": 6.0
        },
        "store": {
            "id": "595ef52252ba0b437e0040db",
            "name": "City Market, Christchurch"
        }
    },
    {
        "productData": {
            "name": "Mother Tropical Blast 500ml",
            "productId": "mother-tropical-blast-500ml",
            "productShopPage": "https://citymarket.store.freshchoice.co.nz/lines/mother-tropical-blast-500ml",
            "productImageURL": "https://dtgxwmigmg3gc.cloudfront.net/imagery/assets/derivations/icon/512/512/true/eyJpZCI6ImEyZmM1OTUwNDhlODM5YTRhMjQ2MTI1OGEyYzNlZWZhIiwic3RvcmFnZSI6InB1YmxpY19zdG9yZSJ9?signature=6c9470ee4067e8ec32b58eeac9d628404d3986058a9b1cdef46014d1bee50944",
            "productDescription": ""
        },
        "priceData": {
            "bestPrice": "2.20",
            "price": "2.20",
            "pricePerLitre": 4.4,
            "bestPricePerLitre": 4.4
        },
        "store": {
            "id": "595ef52252ba0b437e0040db",
            "name": "City Market, Christchurch"
        }
    },
    {
        "productData": {
            "name": "Mother Energy Drink Cans 6x250ml",
            "productId": "mother-energy-can-250ml-6-pack",
            "productShopPage": "https://citymarket.store.freshchoice.co.nz/lines/mother-energy-can-250ml-6-pack",
            "productImageURL": "https://dtgxwmigmg3gc.cloudfront.net/imagery/assets/derivations/icon/512/512/true/eyJpZCI6IjEyOGFhMmU0Y2VkYTU4ZWFkZmVhOWUwZjdlNTZhOTA4Iiwic3RvcmFnZSI6InB1YmxpY19zdG9yZSJ9?signature=5db1908f64527cf28fa7bf3266a83ab854a07ca50453511f7d414d8e6d5c10fb",
            "productDescription": ""
        },
        "priceData": {
            "bestPrice": "7.70",
            "price": "7.70",
            "pricePerLitre": 5.1,
            "bestPricePerLitre": 5.1
        },
        "store": {
            "id": "595ef52252ba0b437e0040db",
            "name": "City Market, Christchurch"
        }
    },
    {
        "productData": {
            "name": "Live Plus Energy Drink Original Citrus Flavour 6 x 250ml",
            "productId": "live-plus-persist-250ml-6pack",
            "productShopPage": "https://citymarket.store.freshchoice.co.nz/lines/live-plus-persist-250ml-6pack",
            "productImageURL": "https://dtgxwmigmg3gc.cloudfront.net/imagery/assets/derivations/icon/512/512/true/eyJpZCI6IjNmODNiNGI4MzI4MzJmNzhjZmJhNDA1OGUyZWFlM2ZhIiwic3RvcmFnZSI6InB1YmxpY19zdG9yZSJ9?signature=0257f943d0c41562773e51cbd42327ad911228832e33494e9c30381e20305337",
            "productDescription": ""
        },
        "priceData": {
            "bestPrice": "8.00",
            "price": "8.00",
            "pricePerLitre": 5.300000000000001,
            "bestPricePerLitre": 5.300000000000001
        },
        "store": {
            "id": "595ef52252ba0b437e0040db",
            "name": "City Market, Christchurch"
        }
    },
    {
        "productData": {
            "name": "Rockstar Energy Drink Blueberry Can 500ml",
            "productId": "rockstar-energy-drink-xdurance-blueberry-can-500ml",
            "productShopPage": "https://citymarket.store.freshchoice.co.nz/lines/rockstar-energy-drink-xdurance-blueberry-can-500ml",
            "productImageURL": "https://dtgxwmigmg3gc.cloudfront.net/imagery/assets/derivations/icon/512/512/true/eyJpZCI6IjY1MTQ4NjBlZDIwNjhlNzI5ZmRhZGMxOTM0ODQyYWU3Iiwic3RvcmFnZSI6InB1YmxpY19zdG9yZSJ9?signature=1eec52fc35535ecd0973dd7428b24690138b0ff6988229d86ccc26bfb1bbfd24",
            "productDescription": ""
        },
        "priceData": {
            "bestPrice": "2.20",
            "price": "2.20",
            "pricePerLitre": 4.4,
            "bestPricePerLitre": 4.4
        },
        "store": {
            "id": "595ef52252ba0b437e0040db",
            "name": "City Market, Christchurch"
        }
    },
    {
        "productData": {
            "name": "Monster Energy Drink Ultra Rosa 500ml",
            "productId": "monster-energy-drink-ultra-rosa-500ml",
            "productShopPage": "https://cromwell.store.freshchoice.co.nz/lines/monster-energy-drink-ultra-rosa-500ml",
            "productImageURL": "https://dtgxwmigmg3gc.cloudfront.net/imagery/assets/derivations/icon/512/512/true/eyJpZCI6IjZjYzFjMzcwYzM4Mzk4N2MyOTUzNWIyMTFjZTJlYjgxIiwic3RvcmFnZSI6InB1YmxpY19zdG9yZSJ9?signature=9cd08284785f9b24647ecc7d1dc08214d9d00318cc809bebdef1921d6b78bb95",
            "productDescription": ""
        },
        "priceData": {
            "bestPrice": "3.00",
            "price": "3.00",
            "pricePerLitre": 6.0,
            "bestPricePerLitre": 6.0
        },
        "store": {
            "id": "5a08e79952ba0b09c500c535",
            "name": "Cromwell"
        }
    },
    {
        "productData": {
            "name": "Mother Energy Drink Berry 500ml",
            "productId": "mother-energy-drink-berry-500ml",
            "productShopPage": "https://cromwell.store.freshchoice.co.nz/lines/mother-energy-drink-berry-500ml",
            "productImageURL": "https://dtgxwmigmg3gc.cloudfront.net/imagery/assets/derivations/icon/512/512/true/eyJpZCI6ImRhYTJlNjUzNzRjZjViNjI0ZDljNzUzNDA3YmE0ZDFkIiwic3RvcmFnZSI6InB1YmxpY19zdG9yZSJ9?signature=d9ffb465d71d599811c2ff7a788845bfe297eb3624ad7866a89cf0b3ece073f0",
            "productDescription": ""
        },
        "priceData": {
            "bestPrice": "2.00",
            "price": "2.00",
            "pricePerLitre": 4.0,
            "bestPricePerLitre": 4.0
        },
        "store": {
            "id": "5a08e79952ba0b09c500c535",
            "name": "Cromwell"
        }
    },
    {
        "productData": {
            "name": "Mother Energy Drink Black 500ml",
            "productId": "mother-energy-drink-black-500ml",
            "productShopPage": "https://cromwell.store.freshchoice.co.nz/lines/mother-energy-drink-black-500ml",
            "productImageURL": "https://dtgxwmigmg3gc.cloudfront.net/imagery/assets/derivations/icon/512/512/true/eyJpZCI6ImYyMzA5MjhkYjg3ODFhYmYzZDU3ZjE1YjNmYzU2MWFjIiwic3RvcmFnZSI6InB1YmxpY19zdG9yZSJ9?signature=d3dbddb83d3d457075cd5d8936bef0c5b48fce4fa3fe725995d8b6d57219ceb5",
            "productDescription": ""
        },
        "priceData": {
            "bestPrice": "2.00",
            "price": "2.00",
            "pricePerLitre": 6.0,
            "bestPricePerLitre": 6.0
        },
        "store": {
            "id": "5a08e79952ba0b09c500c535",
            "name": "Cromwell"
        }
    },
    {
        "productData": {
            "name": "Mother Energy Drink Passion 500ml",
            "productId": "mother-energy-drink-passion-500ml",
            "productShopPage": "https://cromwell.store.freshchoice.co.nz/lines/mother-energy-drink-passion-500ml",
            "productImageURL": "https://dtgxwmigmg3gc.cloudfront.net/imagery/assets/derivations/icon/512/512/true/eyJpZCI6ImQwODE2YTc4ZjBmNGU4NTU5Mzg1YjkxZmI5YjIzZjM0Iiwic3RvcmFnZSI6InB1YmxpY19zdG9yZSJ9?signature=713c495fef96a6427b917f0c7c7e855a963749ac5c1bf7dfd71e24ae08ea3123",
            "productDescription": ""
        },
        "priceData": {
            "bestPrice": "2.00",
            "price": "2.00",
            "pricePerLitre": 4.0,
            "bestPricePerLitre": 4.0
        },
        "store": {
            "id": "5a08e79952ba0b09c500c535",
            "name": "Cromwell"
        }
    },
    {
        "productData": {
            "name": "Mother Tropical Blast 500ml",
            "productId": "mother-tropical-blast-500ml",
            "productShopPage": "https://cromwell.store.freshchoice.co.nz/lines/mother-tropical-blast-500ml",
            "productImageURL": "https://dtgxwmigmg3gc.cloudfront.net/imagery/assets/derivations/icon/512/512/true/eyJpZCI6ImEyZmM1OTUwNDhlODM5YTRhMjQ2MTI1OGEyYzNlZWZhIiwic3RvcmFnZSI6InB1YmxpY19zdG9yZSJ9?signature=6c9470ee4067e8ec32b58eeac9d628404d3986058a9b1cdef46014d1bee50944",
            "productDescription": ""
        },
        "priceData": {
            "bestPrice": "2.00",
            "price": "2.00",
            "pricePerLitre": 4.0,
            "bestPricePerLitre": 4.0
        },
        "store": {
            "id": "5a08e79952ba0b09c500c535",
            "name": "Cromwell"
        }
    },
    {
        "productData": {
            "name": "V Energy Drink Raspberry Lemonade 350ml",
            "productId": "v-energy-drink-raspberry-lemonade-350ml",
            "productShopPage": "https://cromwell.store.freshchoice.co.nz/lines/v-energy-drink-raspberry-lemonade-350ml",
            "productImageURL": "https://dtgxwmigmg3gc.cloudfront.net/imagery/assets/derivations/icon/512/512/true/eyJpZCI6IjliNWMwMGJkN2IxYWRhY2UxNzU5NzY1ZTI4MjUzZDgyIiwic3RvcmFnZSI6InB1YmxpY19zdG9yZSJ9?signature=1813e587f3636e394a15aa9e19234f9343024a6880220b0dda0a5d69b1f1c010",
            "productDescription": ""
        },
        "priceData": {
            "bestPrice": "2.30",
            "price": "2.30",
            "pricePerLitre": 10.0,
            "bestPricePerLitre": 10.0
        },
        "store": {
            "id": "5a08e79952ba0b09c500c535",
            "name": "Cromwell"
        }
    },
    {
        "productData": {
            "name": "V Blue Sugarfree Energy Drink 500ml",
            "productId": "v-blue-sugarfree-energy-drink-500ml",
            "productShopPage": "https://cromwell.store.freshchoice.co.nz/lines/v-blue-sugarfree-energy-drink-500ml",
            "productImageURL": "https://dtgxwmigmg3gc.cloudfront.net/imagery/assets/derivations/icon/512/512/true/eyJpZCI6ImVmYjQyOWRmM2JjZjc3NTY1ZDIwMTEyNTY0MDdmZjA1Iiwic3RvcmFnZSI6InB1YmxpY19zdG9yZSJ9?signature=2911d59474d8305039a3be3bef0f887c38d9ab84596314b13cc4b150101175ab",
            "productDescription": ""
        },
        "priceData": {
            "bestPrice": "3.50",
            "price": "3.50",
            "pricePerLitre": 7.0,
            "bestPricePerLitre": 7.0
        },
        "store": {
            "id": "5a08e79952ba0b09c500c535",
            "name": "Cromwell"
        }
    },
    {
        "productData": {
            "name": "V Raspberry Lemonade Energy Drink 500ml",
            "productId": "v-energy-drink-raspberry-lemonade-500ml-can",
            "productShopPage": "https://cromwell.store.freshchoice.co.nz/lines/v-energy-drink-raspberry-lemonade-500ml-can",
            "productImageURL": "https://dtgxwmigmg3gc.cloudfront.net/imagery/assets/derivations/icon/512/512/true/eyJpZCI6ImE3N2Y5NzBmY2FhOWZhYmZiOTc3MmYyMzE4MGRiOTcxIiwic3RvcmFnZSI6InB1YmxpY19zdG9yZSJ9?signature=2bb7890fe6d7b0c0c6a522be31c78077be0aa570ca4c8aa5549ccf80761262dc",
            "productDescription": ""
        },
        "priceData": {
            "bestPrice": "3.50",
            "price": "3.50",
            "pricePerLitre": 7.0,
            "bestPricePerLitre": 7.0
        },
        "store": {
            "id": "5a08e79952ba0b09c500c535",
            "name": "Cromwell"
        }
    },
    {
        "productData": {
            "name": "V Sugarfree Energy Drink Berry Twist 350ml",
            "productId": "v-sugarfree-energy-drink-berry-twist-350ml",
            "productShopPage": "https://cromwell.store.freshchoice.co.nz/lines/v-sugarfree-energy-drink-berry-twist-350ml",
            "productImageURL": "https://dtgxwmigmg3gc.cloudfront.net/imagery/assets/derivations/icon/512/512/true/eyJpZCI6IjMxY2RlOWU3MTE1YTA4ZGRhYzFiODM0NjQ4NDFmOTM5Iiwic3RvcmFnZSI6InB1YmxpY19zdG9yZSJ9?signature=055982afa93dd6614e2f3de353af4c76a52ab79cac4e2b4660a75933fb1bc9a4",
            "productDescription": ""
        },
        "priceData": {
            "bestPrice": "2.30",
            "price": "2.30",
            "pricePerLitre": 10.0,
            "bestPricePerLitre": 10.0
        },
        "store": {
            "id": "5a08e79952ba0b09c500c535",
            "name": "Cromwell"
        }
    },
    {
        "productData": {
            "name": "V Iced Coffee Guarana Energy 500ml",
            "productId": "v-iced-coffee-guarana-energy-500ml",
            "productShopPage": "https://cromwell.store.freshchoice.co.nz/lines/v-iced-coffee-guarana-energy-500ml",
            "productImageURL": "https://dtgxwmigmg3gc.cloudfront.net/imagery/assets/derivations/icon/512/512/true/eyJpZCI6ImM0Zjc4YjRmYWVjMjk0NTJkZTNkYzZjNmY5MzBlMjU2Iiwic3RvcmFnZSI6InB1YmxpY19zdG9yZSJ9?signature=14312b2813aab9c1ad551700ec97cd58a3a7f95bef4d0bd7ae7aa2dcf8fcdc9d",
            "productDescription": ""
        },
        "priceData": {
            "bestPrice": "4.20",
            "price": "4.20"
        },
        "store": {
            "id": "5a08e79952ba0b09c500c535",
            "name": "Cromwell"
        }
    },
    {
        "productData": {
            "name": "V Iced Mocha Guarana Energy 500ml",
            "productId": "v-iced-mocha-guarana-energy-500ml",
            "productShopPage": "https://cromwell.store.freshchoice.co.nz/lines/v-iced-mocha-guarana-energy-500ml",
            "productImageURL": "https://dtgxwmigmg3gc.cloudfront.net/imagery/assets/derivations/icon/512/512/true/eyJpZCI6ImNiMDRkODVlZmQ2YjhiZGMxMWU4Zjk5OGEwOTczODg1Iiwic3RvcmFnZSI6InB1YmxpY19zdG9yZSJ9?signature=3e63d4ec34ef65794a07ea00749a785cb88ce90997e6e7d12629c3c0f205de6d",
            "productDescription": ""
        },
        "priceData": {
            "bestPrice": "4.20",
            "price": "4.20"
        },
        "store": {
            "id": "5a08e79952ba0b09c500c535",
            "name": "Cromwell"
        }
    },
    {
        "productData": {
            "name": "V Pure Energy Drink 250ml",
            "productId": "v-pure-energy-drink-250ml",
            "productShopPage": "https://cromwell.store.freshchoice.co.nz/lines/v-pure-energy-drink-250ml",
            "productImageURL": "https://dtgxwmigmg3gc.cloudfront.net/imagery/assets/derivations/icon/512/512/true/eyJpZCI6Ijk3N2I4MDM5OTQxMjFjYjI5MjRmODdmOTJkM2Q2OWIxIiwic3RvcmFnZSI6InB1YmxpY19zdG9yZSJ9?signature=b74ae9543645865e1c2414381c96a37f8a53629edb30e9b6a59f54f59ba09cfb",
            "productDescription": ""
        },
        "priceData": {
            "bestPrice": "2.20",
            "price": "2.20",
            "pricePerLitre": 8.8,
            "bestPricePerLitre": 8.8
        },
        "store": {
            "id": "5a08e79952ba0b09c500c535",
            "name": "Cromwell"
        }
    },
    {
        "productData": {
            "name": "V Iced Chocolate Guarana Energy 500ml",
            "productId": "v-iced-chocolate-guarana-energy-500ml",
            "productShopPage": "https://cromwell.store.freshchoice.co.nz/lines/v-iced-chocolate-guarana-energy-500ml",
            "productImageURL": "https://dtgxwmigmg3gc.cloudfront.net/imagery/assets/derivations/icon/512/512/true/eyJpZCI6ImJhNzg2NDUyYzVlMGRiOTNhMGM3NjY1ZWIyNzIzNzBlIiwic3RvcmFnZSI6InB1YmxpY19zdG9yZSJ9?signature=86bcf9f7a4dbdc8f99c44e8c3a30ce7ca86025bce78792c31ce0fbc589f7f311",
            "productDescription": ""
        },
        "priceData": {
            "bestPrice": "4.20",
            "price": "4.20"
        },
        "store": {
            "id": "5a08e79952ba0b09c500c535",
            "name": "Cromwell"
        }
    },
    {
        "productData": {
            "name": "V Pure Energy Drink Bottle 330ml",
            "productId": "v-pure-330ml-bottle",
            "productShopPage": "https://cromwell.store.freshchoice.co.nz/lines/v-pure-330ml-bottle",
            "productImageURL": "https://dtgxwmigmg3gc.cloudfront.net/imagery/assets/derivations/icon/512/512/true/eyJpZCI6ImFjZmFlNGE1MmQ1ZmNhOTVhN2IyNzdhOGQ3ZTBjNTY0Iiwic3RvcmFnZSI6InB1YmxpY19zdG9yZSJ9?signature=ff03797de044ef70d02854192249a79b3cd819353c7171ef7358378e76bfc089",
            "productDescription": ""
        },
        "priceData": {
            "bestPrice": "3.50",
            "price": "3.50",
            "pricePerLitre": 10.600000000000001,
            "bestPricePerLitre": 10.600000000000001
        },
        "store": {
            "id": "5a08e79952ba0b09c500c535",
            "name": "Cromwell"
        }
    },
    {
        "productData": {
            "name": "Monster Super Fuel Zero Sugar 550ml",
            "productId": "monster-super-fuel-zero-sugar-550ml",
            "productShopPage": "https://cromwell.store.freshchoice.co.nz/lines/monster-super-fuel-zero-sugar-550ml",
            "productImageURL": "https://dtgxwmigmg3gc.cloudfront.net/imagery/assets/derivations/icon/512/512/true/eyJpZCI6IjRkOTE3NzhmODIxNDI1ZDJjNDg3Yjc0M2YyMzEyYmYxIiwic3RvcmFnZSI6InB1YmxpY19zdG9yZSJ9?signature=4b9dbd15c40f85466e597873c567f989183b284947e8c8dc4df58667789214a2",
            "productDescription": ""
        },
        "priceData": {
            "bestPrice": "4.00",
            "price": "4.00",
            "pricePerLitre": 7.3,
            "bestPricePerLitre": 7.3
        },
        "store": {
            "id": "5a08e79952ba0b09c500c535",
            "name": "Cromwell"
        }
    },
    {
        "productData": {
            "name": "Monster Mule Ginger Brew 500ml",
            "productId": "monster-mule-ginger-brew-500ml",
            "productShopPage": "https://cromwell.store.freshchoice.co.nz/lines/monster-mule-ginger-brew-500ml",
            "productImageURL": "https://dtgxwmigmg3gc.cloudfront.net/imagery/assets/derivations/icon/512/512/true/eyJpZCI6ImM1OTM5MTIyZTRlNmNhNzk0ODFlMDE4ZWVmMWE2Y2ZlIiwic3RvcmFnZSI6InB1YmxpY19zdG9yZSJ9?signature=5d11287f30ef58c148e37382d61c0d83097d5461683a9aa5dd9456941c1f32e5",
            "productDescription": ""
        },
        "priceData": {
            "bestPrice": "3.00",
            "price": "3.00",
            "pricePerLitre": 6.0,
            "bestPricePerLitre": 6.0
        },
        "store": {
            "id": "5a08e79952ba0b09c500c535",
            "name": "Cromwell"
        }
    },
    {
        "productData": {
            "name": "Monster Super Fuel Purple Passion 550ml",
            "productId": "monster-super-fuel-purple-passion-550ml",
            "productShopPage": "https://cromwell.store.freshchoice.co.nz/lines/monster-super-fuel-purple-passion-550ml",
            "productImageURL": "https://dtgxwmigmg3gc.cloudfront.net/imagery/assets/derivations/icon/512/512/true/eyJpZCI6IjNkMTY1OTQwMzgyOTZjZjVlMjNlNjBjMDQ3NTE1YWM0Iiwic3RvcmFnZSI6InB1YmxpY19zdG9yZSJ9?signature=4d4ccd77dab941d955a8037242a41833afdc7251d3bd5b5c4b99705770273998",
            "productDescription": ""
        },
        "priceData": {
            "bestPrice": "4.00",
            "price": "4.00",
            "pricePerLitre": 7.3,
            "bestPricePerLitre": 7.3
        },
        "store": {
            "id": "5a08e79952ba0b09c500c535",
            "name": "Cromwell"
        }
    },
    {
        "productData": {
            "name": "Live Plus Energy Drink Citrus Flavour 500ml",
            "productId": "live-plus-persist-500ml",
            "productShopPage": "https://cromwell.store.freshchoice.co.nz/lines/live-plus-persist-500ml",
            "productImageURL": "https://dtgxwmigmg3gc.cloudfront.net/imagery/assets/derivations/icon/512/512/true/eyJpZCI6IjFlNWQ5YzI4OWM1N2UzNmYzZmI2NThlMDQzZTI3ZjE4Iiwic3RvcmFnZSI6InB1YmxpY19zdG9yZSJ9?signature=756b17fefe47174b90e7dbec8cd09db27f9f59f4994bc750b71256ae93ba9fa8",
            "productDescription": ""
        },
        "priceData": {
            "bestPrice": "2.00",
            "price": "2.00",
            "pricePerLitre": 4.0,
            "bestPricePerLitre": 4.0
        },
        "store": {
            "id": "5a08e79952ba0b09c500c535",
            "name": "Cromwell"
        }
    },
    {
        "productData": {
            "name": "V Guarana Energy Drink Blue Sugarfree 250ml",
            "productId": "v-blue-sugarfree-energy-drink-250ml",
            "productShopPage": "https://cromwell.store.freshchoice.co.nz/lines/v-blue-sugarfree-energy-drink-250ml",
            "productImageURL": "https://dtgxwmigmg3gc.cloudfront.net/imagery/assets/derivations/icon/512/512/true/eyJpZCI6IjI3YWJiOTVhYjNhMjEwMDU2MWJhMmRhNTM3YjRhZjVmIiwic3RvcmFnZSI6InB1YmxpY19zdG9yZSJ9?signature=66769306ca1d0ba674603954d338186dc999f6d1839090d49fde9416b3252365",
            "productDescription": ""
        },
        "priceData": {
            "bestPrice": "2.20",
            "price": "2.20",
            "pricePerLitre": 8.8,
            "bestPricePerLitre": 8.8
        },
        "store": {
            "id": "5a08e79952ba0b09c500c535",
            "name": "Cromwell"
        }
    },
    {
        "productData": {
            "name": "Rockstar Energy Drink Blueberry Can 500ml",
            "productId": "rockstar-energy-drink-xdurance-blueberry-can-500ml",
            "productShopPage": "https://cromwell.store.freshchoice.co.nz/lines/rockstar-energy-drink-xdurance-blueberry-can-500ml",
            "productImageURL": "https://dtgxwmigmg3gc.cloudfront.net/imagery/assets/derivations/icon/512/512/true/eyJpZCI6IjY1MTQ4NjBlZDIwNjhlNzI5ZmRhZGMxOTM0ODQyYWU3Iiwic3RvcmFnZSI6InB1YmxpY19zdG9yZSJ9?signature=1eec52fc35535ecd0973dd7428b24690138b0ff6988229d86ccc26bfb1bbfd24",
            "productDescription": ""
        },
        "priceData": {
            "bestPrice": "2.00",
            "price": "2.00",
            "pricePerLitre": 4.0,
            "bestPricePerLitre": 4.0
        },
        "store": {
            "id": "5a08e79952ba0b09c500c535",
            "name": "Cromwell"
        }
    },
    {
        "productData": {
            "name": "Mother Kicked Apple 500ml",
            "productId": "mother-kicked-apple-500ml",
            "productShopPage": "https://edgeware.store.freshchoice.co.nz/lines/mother-kicked-apple-500ml",
            "productImageURL": "https://dtgxwmigmg3gc.cloudfront.net/imagery/assets/derivations/icon/512/512/true/eyJpZCI6IjNhZTlkYjkwYTM4MDFjMGEwYjUwYThhMDAwYjkyZjM0Iiwic3RvcmFnZSI6InB1YmxpY19zdG9yZSJ9?signature=c1a1db0a5d7b074c388cf08560fd44a4a2b6127821554198e54eeea8474325f6",
            "productDescription": ""
        },
        "priceData": {
            "bestPrice": "2.00",
            "price": "2.00",
            "pricePerLitre": 4.0,
            "bestPricePerLitre": 4.0
        },
        "store": {
            "id": "5e792dfe04015f1aa1072ad3",
            "name": "Edgeware"
        }
    },
    {
        "productData": {
            "name": "Monster Energy Ultra Paradise 500ml",
            "productId": "monster-energy-drink-ultra-paradise-500ml",
            "productShopPage": "https://edgeware.store.freshchoice.co.nz/lines/monster-energy-drink-ultra-paradise-500ml",
            "productImageURL": "https://dtgxwmigmg3gc.cloudfront.net/imagery/assets/derivations/icon/512/512/true/eyJpZCI6ImZiZDRkZTQxNzA0M2FiYTUyMjMwZWI0NTcyZGNmYTE1Iiwic3RvcmFnZSI6InB1YmxpY19zdG9yZSJ9?signature=8a439bf26b71114289dfea1720ed331b1e4784c534deade29db8ac38b1cc7c1a",
            "productDescription": ""
        },
        "priceData": {
            "bestPrice": "3.00",
            "price": "3.00",
            "pricePerLitre": 6.0,
            "bestPricePerLitre": 6.0
        },
        "store": {
            "id": "5e792dfe04015f1aa1072ad3",
            "name": "Edgeware"
        }
    },
    {
        "productData": {
            "name": "Monster Energy Ultra Zero 500ml",
            "productId": "monster-energy-ultra-zero-500ml",
            "productShopPage": "https://edgeware.store.freshchoice.co.nz/lines/monster-energy-ultra-zero-500ml",
            "productImageURL": "https://dtgxwmigmg3gc.cloudfront.net/imagery/assets/derivations/icon/512/512/true/eyJpZCI6IjdhN2FhYTUwZWU2NTYwYjBiNGY1NThhMTgwNmVlODI3Iiwic3RvcmFnZSI6InB1YmxpY19zdG9yZSJ9?signature=7907c49ba7d043175a426f84a71776de7dd51fa5c249237063aca9cb098abdbe",
            "productDescription": ""
        },
        "priceData": {
            "bestPrice": "3.00",
            "price": "3.00",
            "pricePerLitre": 6.0,
            "bestPricePerLitre": 6.0
        },
        "store": {
            "id": "5e792dfe04015f1aa1072ad3",
            "name": "Edgeware"
        }
    },
    {
        "productData": {
            "name": "Monster Energy Drink Can Green 500ml",
            "productId": "monster-energy-green-500ml",
            "productShopPage": "https://edgeware.store.freshchoice.co.nz/lines/monster-energy-green-500ml",
            "productImageURL": "https://dtgxwmigmg3gc.cloudfront.net/imagery/assets/derivations/icon/512/512/true/eyJpZCI6ImU3ZjNiNjJiNzI4Y2M0MTIxMjhiNjQ2ZmQ2OTQzMGEzIiwic3RvcmFnZSI6InB1YmxpY19zdG9yZSJ9?signature=637eac56411f57a79f345ea693f1418330d5742c3a04caddb460696dba06da06",
            "productDescription": ""
        },
        "priceData": {
            "bestPrice": "3.00",
            "price": "3.00",
            "pricePerLitre": 6.0,
            "bestPricePerLitre": 6.0
        },
        "store": {
            "id": "5e792dfe04015f1aa1072ad3",
            "name": "Edgeware"
        }
    },
    {
        "productData": {
            "name": "Monster Energy Drink Ultra Rosa 500ml",
            "productId": "monster-energy-drink-ultra-rosa-500ml",
            "productShopPage": "https://edgeware.store.freshchoice.co.nz/lines/monster-energy-drink-ultra-rosa-500ml",
            "productImageURL": "https://dtgxwmigmg3gc.cloudfront.net/imagery/assets/derivations/icon/512/512/true/eyJpZCI6IjZjYzFjMzcwYzM4Mzk4N2MyOTUzNWIyMTFjZTJlYjgxIiwic3RvcmFnZSI6InB1YmxpY19zdG9yZSJ9?signature=9cd08284785f9b24647ecc7d1dc08214d9d00318cc809bebdef1921d6b78bb95",
            "productDescription": ""
        },
        "priceData": {
            "bestPrice": "3.00",
            "price": "3.00",
            "pricePerLitre": 6.0,
            "bestPricePerLitre": 6.0
        },
        "store": {
            "id": "5e792dfe04015f1aa1072ad3",
            "name": "Edgeware"
        }
    },
    {
        "productData": {
            "name": "Mother Energy Drink Berry 500ml",
            "productId": "mother-energy-drink-berry-500ml",
            "productShopPage": "https://edgeware.store.freshchoice.co.nz/lines/mother-energy-drink-berry-500ml",
            "productImageURL": "https://dtgxwmigmg3gc.cloudfront.net/imagery/assets/derivations/icon/512/512/true/eyJpZCI6ImRhYTJlNjUzNzRjZjViNjI0ZDljNzUzNDA3YmE0ZDFkIiwic3RvcmFnZSI6InB1YmxpY19zdG9yZSJ9?signature=d9ffb465d71d599811c2ff7a788845bfe297eb3624ad7866a89cf0b3ece073f0",
            "productDescription": ""
        },
        "priceData": {
            "bestPrice": "2.00",
            "price": "2.00",
            "pricePerLitre": 4.0,
            "bestPricePerLitre": 4.0
        },
        "store": {
            "id": "5e792dfe04015f1aa1072ad3",
            "name": "Edgeware"
        }
    },
    {
        "productData": {
            "name": "Mother Energy Drink Black 500ml",
            "productId": "mother-energy-drink-black-500ml",
            "productShopPage": "https://edgeware.store.freshchoice.co.nz/lines/mother-energy-drink-black-500ml",
            "productImageURL": "https://dtgxwmigmg3gc.cloudfront.net/imagery/assets/derivations/icon/512/512/true/eyJpZCI6ImYyMzA5MjhkYjg3ODFhYmYzZDU3ZjE1YjNmYzU2MWFjIiwic3RvcmFnZSI6InB1YmxpY19zdG9yZSJ9?signature=d3dbddb83d3d457075cd5d8936bef0c5b48fce4fa3fe725995d8b6d57219ceb5",
            "productDescription": ""
        },
        "priceData": {
            "bestPrice": "2.00",
            "price": "2.00",
            "pricePerLitre": 4.0,
            "bestPricePerLitre": 4.0
        },
        "store": {
            "id": "5e792dfe04015f1aa1072ad3",
            "name": "Edgeware"
        }
    },
    {
        "productData": {
            "name": "Mother Tropical Blast 500ml",
            "productId": "mother-tropical-blast-500ml",
            "productShopPage": "https://edgeware.store.freshchoice.co.nz/lines/mother-tropical-blast-500ml",
            "productImageURL": "https://dtgxwmigmg3gc.cloudfront.net/imagery/assets/derivations/icon/512/512/true/eyJpZCI6ImEyZmM1OTUwNDhlODM5YTRhMjQ2MTI1OGEyYzNlZWZhIiwic3RvcmFnZSI6InB1YmxpY19zdG9yZSJ9?signature=6c9470ee4067e8ec32b58eeac9d628404d3986058a9b1cdef46014d1bee50944",
            "productDescription": ""
        },
        "priceData": {
            "bestPrice": "2.00",
            "price": "2.00",
            "pricePerLitre": 4.0,
            "bestPricePerLitre": 4.0
        },
        "store": {
            "id": "5e792dfe04015f1aa1072ad3",
            "name": "Edgeware"
        }
    },
    {
        "productData": {
            "name": "Mother Epic Swell Energy Drink Twisted Apple 500ml",
            "productId": "mother-epic-swell-energy-drink-twisted-apple-500ml",
            "productShopPage": "https://edgeware.store.freshchoice.co.nz/lines/mother-epic-swell-energy-drink-twisted-apple-500ml",
            "productImageURL": "https://dtgxwmigmg3gc.cloudfront.net/imagery/assets/derivations/icon/512/512/true/eyJpZCI6ImE2ZjYxOGNhNjUyYzMxNzRhNjg2MDBhMGVjZmQ3MmJkIiwic3RvcmFnZSI6InB1YmxpY19zdG9yZSJ9?signature=954f74f8aba0fb24cb2a5248b1e93fe8a62fb8c7f902abbb08b7aed24bc44c80",
            "productDescription": ""
        },
        "priceData": {
            "bestPrice": "2.00",
            "price": "2.00",
            "pricePerLitre": 4.0,
            "bestPricePerLitre": 4.0
        },
        "store": {
            "id": "5e792dfe04015f1aa1072ad3",
            "name": "Edgeware"
        }
    },
    {
        "productData": {
            "name": "Monster Energy Juice Mango Loco 500ml",
            "productId": "monster-energy-juice-mango-loco-500ml-can",
            "productShopPage": "https://edgeware.store.freshchoice.co.nz/lines/monster-energy-juice-mango-loco-500ml-can",
            "productImageURL": "https://dtgxwmigmg3gc.cloudfront.net/imagery/assets/derivations/icon/512/512/true/eyJpZCI6ImUyNmIyNzdlMzJkOTg5NjI4YWYxYzg2MTU2MjI0ZjgzIiwic3RvcmFnZSI6InB1YmxpY19zdG9yZSJ9?signature=db65ff44183396e60e8f4c13003417fb1277f7685b136cf223d7701f7e945faf",
            "productDescription": ""
        },
        "priceData": {
            "bestPrice": "3.00",
            "price": "3.00",
            "pricePerLitre": 6.0,
            "bestPricePerLitre": 6.0
        },
        "store": {
            "id": "5e792dfe04015f1aa1072ad3",
            "name": "Edgeware"
        }
    },
    {
        "productData": {
            "name": "V Energy Drink Guarana 500ml",
            "productId": "v-energy-drink-guarana-500ml",
            "productShopPage": "https://edgeware.store.freshchoice.co.nz/lines/v-energy-drink-guarana-500ml",
            "productImageURL": "https://dtgxwmigmg3gc.cloudfront.net/imagery/assets/derivations/icon/512/512/true/eyJpZCI6IjgzZDAxMjhiMzg4NmEwZmE4YTE2ZjY2NWIzNmM2NzI2Iiwic3RvcmFnZSI6InB1YmxpY19zdG9yZSJ9?signature=f55ecc561066291a4e74a967db35ea2355f881bd1708bf400fd790032384ae4f",
            "productDescription": ""
        },
        "priceData": {
            "bestPrice": "3.80",
            "price": "3.80",
            "pricePerLitre": 7.6,
            "bestPricePerLitre": 7.6
        },
        "store": {
            "id": "5e792dfe04015f1aa1072ad3",
            "name": "Edgeware"
        }
    },
    {
        "productData": {
            "name": "V Energy Drink Sugar Free Guarana 250ml",
            "productId": "v-energy-drink-sugar-free-guarana-250ml",
            "productShopPage": "https://edgeware.store.freshchoice.co.nz/lines/v-energy-drink-sugar-free-guarana-250ml",
            "productImageURL": "https://dtgxwmigmg3gc.cloudfront.net/imagery/assets/derivations/icon/512/512/true/eyJpZCI6ImZiNzM1NmU4NTMyZDllODlkZTljZmNlOGY2MzQ5NGQwIiwic3RvcmFnZSI6InB1YmxpY19zdG9yZSJ9?signature=72b0ce0a48ca796717c115fe5e8b4564501470f63bf80ae865d26e9d131a2b8c",
            "productDescription": ""
        },
        "priceData": {
            "bestPrice": "2.20",
            "price": "2.20",
            "pricePerLitre": 8.8,
            "bestPricePerLitre": 8.8
        },
        "store": {
            "id": "5e792dfe04015f1aa1072ad3",
            "name": "Edgeware"
        }
    },
    {
        "productData": {
            "name": "V Energy Drink Blue Guarana Spritzed 350ml",
            "productId": "v-blue-energy-drink-blue-guarana-spritzed-350ml",
            "productShopPage": "https://edgeware.store.freshchoice.co.nz/lines/v-blue-energy-drink-blue-guarana-spritzed-350ml",
            "productImageURL": "https://dtgxwmigmg3gc.cloudfront.net/imagery/assets/derivations/icon/512/512/true/eyJpZCI6ImY2OTRlZGI4NjdlNWMzZDM5NzgzMDQ0ODFkMzUxZGZiIiwic3RvcmFnZSI6InB1YmxpY19zdG9yZSJ9?signature=591b3079cb9c2407a29b3bc348eaf42dc1d34daba5c9d7aba65be654725b6719",
            "productDescription": ""
        },
        "priceData": {
            "bestPrice": "2.30",
            "price": "2.30",
            "pricePerLitre": 10.0,
            "bestPricePerLitre": 10.0
        },
        "store": {
            "id": "5e792dfe04015f1aa1072ad3",
            "name": "Edgeware"
        }
    },
    {
        "productData": {
            "name": "V Energy Drink Green Guarana 350ml",
            "productId": "v-energy-drink-green-guarana-350ml",
            "productShopPage": "https://edgeware.store.freshchoice.co.nz/lines/v-energy-drink-green-guarana-350ml",
            "productImageURL": "https://dtgxwmigmg3gc.cloudfront.net/imagery/assets/derivations/icon/512/512/true/eyJpZCI6IjRiNjY4ZjYxOTQ2ODYyN2MzM2NiZWMyNGUyNmIyODk4Iiwic3RvcmFnZSI6InB1YmxpY19zdG9yZSJ9?signature=4cded9cb42349eef45a593461f311b1bb7fa881295733879671ad9fe9887d30c",
            "productDescription": ""
        },
        "priceData": {
            "bestPrice": "2.30",
            "price": "2.30",
            "pricePerLitre": 10.0,
            "bestPricePerLitre": 10.0
        },
        "store": {
            "id": "5e792dfe04015f1aa1072ad3",
            "name": "Edgeware"
        }
    },
    {
        "productData": {
            "name": "V Energy Drink Guarana Can 250ml",
            "productId": "v-energy-drink-guarana-can-250ml",
            "productShopPage": "https://edgeware.store.freshchoice.co.nz/lines/v-energy-drink-guarana-can-250ml",
            "productImageURL": "https://dtgxwmigmg3gc.cloudfront.net/imagery/assets/derivations/icon/512/512/true/eyJpZCI6Ijc3Nzk1NjE2ZDhhNmFiMThhYzEzODYzOTg2ZmNkNzgwIiwic3RvcmFnZSI6InB1YmxpY19zdG9yZSJ9?signature=f5de1854d43e19cc62bff86893d4a55615cd916f8425a4dccd170b52eba81255",
            "productDescription": ""
        },
        "priceData": {
            "bestPrice": "2.20",
            "price": "2.20",
            "pricePerLitre": 8.8,
            "bestPricePerLitre": 8.8
        },
        "store": {
            "id": "5e792dfe04015f1aa1072ad3",
            "name": "Edgeware"
        }
    },
    {
        "productData": {
            "name": "V Energy Drink Guarana Can 500ml",
            "productId": "v-energy-drink-guarana-can-500ml",
            "productShopPage": "https://edgeware.store.freshchoice.co.nz/lines/v-energy-drink-guarana-can-500ml",
            "productImageURL": "https://dtgxwmigmg3gc.cloudfront.net/imagery/assets/derivations/icon/512/512/true/eyJpZCI6ImI0NjgzNGZjNDRkMjU0MjgzYzJjZGNhMzA2NWIxYjA5Iiwic3RvcmFnZSI6InB1YmxpY19zdG9yZSJ9?signature=265e8273409849423466e7623cbbdf8352940707b8830803eec391e8f32c9c5f",
            "productDescription": ""
        },
        "priceData": {
            "bestPrice": "3.50",
            "price": "3.50",
            "pricePerLitre": 7.0,
            "bestPricePerLitre": 7.0
        },
        "store": {
            "id": "5e792dfe04015f1aa1072ad3",
            "name": "Edgeware"
        }
    },
    {
        "productData": {
            "name": "V Energy Drink Sugar Free Guarana 500ml",
            "productId": "v-energy-drink-sugar-free-guarana-500ml",
            "productShopPage": "https://edgeware.store.freshchoice.co.nz/lines/v-energy-drink-sugar-free-guarana-500ml",
            "productImageURL": "https://dtgxwmigmg3gc.cloudfront.net/imagery/assets/derivations/icon/512/512/true/eyJpZCI6Ijg4MGExMDYxOTY4NTJiYzM1ZTExMmU2MGE2OWYxNDE3Iiwic3RvcmFnZSI6InB1YmxpY19zdG9yZSJ9?signature=b0536d25b9da8158705e24c88e21fabbf85c1dabc19f18108c386e956ffd7045",
            "productDescription": ""
        },
        "priceData": {
            "bestPrice": "3.50",
            "price": "3.50",
            "pricePerLitre": 7.0,
            "bestPricePerLitre": 7.0
        },
        "store": {
            "id": "5e792dfe04015f1aa1072ad3",
            "name": "Edgeware"
        }
    },
    {
        "productData": {
            "name": "V Blue Sugarfree Energy Drink 500ml",
            "productId": "v-blue-sugarfree-energy-drink-500ml",
            "productShopPage": "https://edgeware.store.freshchoice.co.nz/lines/v-blue-sugarfree-energy-drink-500ml",
            "productImageURL": "https://dtgxwmigmg3gc.cloudfront.net/imagery/assets/derivations/icon/512/512/true/eyJpZCI6ImVmYjQyOWRmM2JjZjc3NTY1ZDIwMTEyNTY0MDdmZjA1Iiwic3RvcmFnZSI6InB1YmxpY19zdG9yZSJ9?signature=2911d59474d8305039a3be3bef0f887c38d9ab84596314b13cc4b150101175ab",
            "productDescription": ""
        },
        "priceData": {
            "bestPrice": "3.50",
            "price": "3.50",
            "pricePerLitre": 7.0,
            "bestPricePerLitre": 7.0
        },
        "store": {
            "id": "5e792dfe04015f1aa1072ad3",
            "name": "Edgeware"
        }
    },
    {
        "productData": {
            "name": "V Blue Energy Drink Blue Guarana Can 250ml",
            "productId": "v-blue-energy-drink-blue-guarana-can-250ml",
            "productShopPage": "https://edgeware.store.freshchoice.co.nz/lines/v-blue-energy-drink-blue-guarana-can-250ml",
            "productImageURL": "https://dtgxwmigmg3gc.cloudfront.net/imagery/assets/derivations/icon/512/512/true/eyJpZCI6IjBmZjQwNDEyZWQ2ZDk4YTg3YWQ2ZDUyMWZlNjM1YzJkIiwic3RvcmFnZSI6InB1YmxpY19zdG9yZSJ9?signature=8f745abe5614ec47b3d7a07f1a34ba529184a87b2a696211ba5a0f9f29c86bf0",
            "productDescription": ""
        },
        "priceData": {
            "bestPrice": "2.20",
            "price": "2.20",
            "pricePerLitre": 8.8,
            "bestPricePerLitre": 8.8
        },
        "store": {
            "id": "5e792dfe04015f1aa1072ad3",
            "name": "Edgeware"
        }
    },
    {
        "productData": {
            "name": "V Blue Energy Drink Blue Guarana Can 500ml",
            "productId": "v-blue-energy-drink-blue-guarana-can-500ml",
            "productShopPage": "https://edgeware.store.freshchoice.co.nz/lines/v-blue-energy-drink-blue-guarana-can-500ml",
            "productImageURL": "https://dtgxwmigmg3gc.cloudfront.net/imagery/assets/derivations/icon/512/512/true/eyJpZCI6ImFmYjEyYjVjYTU2YWI5ZDJhMTVmNGY2MDg2NWFlNzgxIiwic3RvcmFnZSI6InB1YmxpY19zdG9yZSJ9?signature=b537a8cc5a2c0f90f1702b2c541db44c3a740a0ec4a96e92ab2d6537f9320e8d",
            "productDescription": ""
        },
        "priceData": {
            "bestPrice": "3.50",
            "price": "3.50",
            "pricePerLitre": 7.0,
            "bestPricePerLitre": 7.0
        },
        "store": {
            "id": "5e792dfe04015f1aa1072ad3",
            "name": "Edgeware"
        }
    },
    {
        "productData": {
            "name": "V Energy Drink Sugar Free Guarana Bottle 350ml",
            "productId": "v-energy-drink-sugar-free-guarana-bottle-350ml",
            "productShopPage": "https://edgeware.store.freshchoice.co.nz/lines/v-energy-drink-sugar-free-guarana-bottle-350ml",
            "productImageURL": "https://dtgxwmigmg3gc.cloudfront.net/imagery/assets/derivations/icon/512/512/true/eyJpZCI6IjQzYmZlOTg1YzY2ZGQ0ZDI1YzUyZDk3MGJhMmJhMGM3Iiwic3RvcmFnZSI6InB1YmxpY19zdG9yZSJ9?signature=7a4bb3eb2264f52495ae9ba8fbf21b5a3e59e12c0d6208cfa1591261da333f55",
            "productDescription": ""
        },
        "priceData": {
            "bestPrice": "2.30",
            "price": "2.30",
            "pricePerLitre": 10.0,
            "bestPricePerLitre": 10.0
        },
        "store": {
            "id": "5e792dfe04015f1aa1072ad3",
            "name": "Edgeware"
        }
    },
    {
        "productData": {
            "name": "Monster Super Fuel Zero Sugar 550ml",
            "productId": "monster-super-fuel-zero-sugar-550ml",
            "productShopPage": "https://edgeware.store.freshchoice.co.nz/lines/monster-super-fuel-zero-sugar-550ml",
            "productImageURL": "https://dtgxwmigmg3gc.cloudfront.net/imagery/assets/derivations/icon/512/512/true/eyJpZCI6IjRkOTE3NzhmODIxNDI1ZDJjNDg3Yjc0M2YyMzEyYmYxIiwic3RvcmFnZSI6InB1YmxpY19zdG9yZSJ9?signature=4b9dbd15c40f85466e597873c567f989183b284947e8c8dc4df58667789214a2",
            "productDescription": ""
        },
        "priceData": {
            "bestPrice": "4.00",
            "price": "4.00",
            "pricePerLitre": 7.3,
            "bestPricePerLitre": 7.3
        },
        "store": {
            "id": "5e792dfe04015f1aa1072ad3",
            "name": "Edgeware"
        }
    },
    {
        "productData": {
            "name": "Monster Mule Ginger Brew 500ml",
            "productId": "monster-mule-ginger-brew-500ml",
            "productShopPage": "https://edgeware.store.freshchoice.co.nz/lines/monster-mule-ginger-brew-500ml",
            "productImageURL": "https://dtgxwmigmg3gc.cloudfront.net/imagery/assets/derivations/icon/512/512/true/eyJpZCI6ImM1OTM5MTIyZTRlNmNhNzk0ODFlMDE4ZWVmMWE2Y2ZlIiwic3RvcmFnZSI6InB1YmxpY19zdG9yZSJ9?signature=5d11287f30ef58c148e37382d61c0d83097d5461683a9aa5dd9456941c1f32e5",
            "productDescription": ""
        },
        "priceData": {
            "bestPrice": "3.00",
            "price": "3.00",
            "pricePerLitre": 6.0,
            "bestPricePerLitre": 6.0
        },
        "store": {
            "id": "5e792dfe04015f1aa1072ad3",
            "name": "Edgeware"
        }
    },
    {
        "productData": {
            "name": "Monster Super Fuel Purple Passion 550ml",
            "productId": "monster-super-fuel-purple-passion-550ml",
            "productShopPage": "https://edgeware.store.freshchoice.co.nz/lines/monster-super-fuel-purple-passion-550ml",
            "productImageURL": "https://dtgxwmigmg3gc.cloudfront.net/imagery/assets/derivations/icon/512/512/true/eyJpZCI6IjNkMTY1OTQwMzgyOTZjZjVlMjNlNjBjMDQ3NTE1YWM0Iiwic3RvcmFnZSI6InB1YmxpY19zdG9yZSJ9?signature=4d4ccd77dab941d955a8037242a41833afdc7251d3bd5b5c4b99705770273998",
            "productDescription": ""
        },
        "priceData": {
            "bestPrice": "4.00",
            "price": "4.00",
            "pricePerLitre": 7.3,
            "bestPricePerLitre": 7.3
        },
        "store": {
            "id": "5e792dfe04015f1aa1072ad3",
            "name": "Edgeware"
        }
    },
    {
        "productData": {
            "name": "Monster Energy Pipeline Punch 500ml",
            "productId": "monster-energy-pipeline-punch-500ml",
            "productShopPage": "https://edgeware.store.freshchoice.co.nz/lines/monster-energy-pipeline-punch-500ml",
            "productImageURL": "https://dtgxwmigmg3gc.cloudfront.net/imagery/assets/derivations/icon/512/512/true/eyJpZCI6IjM3ZWY2OTY5OWFlNTJlZTRjNTY1ZmFmYWIwOTIxMjg4Iiwic3RvcmFnZSI6InB1YmxpY19zdG9yZSJ9?signature=79ed6699c35bd716a9d5d9457c39ce62c523edaa4059b6b45d4dcc7caf65cef9",
            "productDescription": ""
        },
        "priceData": {
            "bestPrice": "3.00",
            "price": "3.00",
            "pricePerLitre": 6.0,
            "bestPricePerLitre": 6.0
        },
        "store": {
            "id": "5e792dfe04015f1aa1072ad3",
            "name": "Edgeware"
        }
    },
    {
        "productData": {
            "name": "Live Plus Energy Drink Citrus Flavour 500ml",
            "productId": "live-plus-persist-500ml",
            "productShopPage": "https://edgeware.store.freshchoice.co.nz/lines/live-plus-persist-500ml",
            "productImageURL": "https://dtgxwmigmg3gc.cloudfront.net/imagery/assets/derivations/icon/512/512/true/eyJpZCI6IjFlNWQ5YzI4OWM1N2UzNmYzZmI2NThlMDQzZTI3ZjE4Iiwic3RvcmFnZSI6InB1YmxpY19zdG9yZSJ9?signature=756b17fefe47174b90e7dbec8cd09db27f9f59f4994bc750b71256ae93ba9fa8",
            "productDescription": ""
        },
        "priceData": {
            "bestPrice": "2.00",
            "price": "2.00",
            "pricePerLitre": 6.0,
            "bestPricePerLitre": 6.0
        },
        "store": {
            "id": "5e792dfe04015f1aa1072ad3",
            "name": "Edgeware"
        }
    },
    {
        "productData": {
            "name": "Live Plus Energy Drink Original Citrus Flavour 355ml",
            "productId": "live-plus-persist-glass-355ml",
            "productShopPage": "https://edgeware.store.freshchoice.co.nz/lines/live-plus-persist-glass-355ml",
            "productImageURL": "https://dtgxwmigmg3gc.cloudfront.net/imagery/assets/derivations/icon/512/512/true/eyJpZCI6ImYzMjZlMTdmMmI5ZGRjZGYzYmFmNzNiMWQzN2Y5NDI4Iiwic3RvcmFnZSI6InB1YmxpY19zdG9yZSJ9?signature=8fa31eb2b309e9c7a293ba2e7a7541e3cdc686b1d3f519044aa97c666ae5f630",
            "productDescription": ""
        },
        "priceData": {
            "bestPrice": "2.80",
            "price": "2.80",
            "pricePerLitre": 7.9,
            "bestPricePerLitre": 7.9
        },
        "store": {
            "id": "5e792dfe04015f1aa1072ad3",
            "name": "Edgeware"
        }
    },
    {
        "productData": {
            "name": "Live Plus Energy Drink Original Citrus Flavour 6 x 250ml",
            "productId": "live-plus-persist-250ml-6pack",
            "productShopPage": "https://edgeware.store.freshchoice.co.nz/lines/live-plus-persist-250ml-6pack",
            "productImageURL": "https://dtgxwmigmg3gc.cloudfront.net/imagery/assets/derivations/icon/512/512/true/eyJpZCI6IjNmODNiNGI4MzI4MzJmNzhjZmJhNDA1OGUyZWFlM2ZhIiwic3RvcmFnZSI6InB1YmxpY19zdG9yZSJ9?signature=0257f943d0c41562773e51cbd42327ad911228832e33494e9c30381e20305337",
            "productDescription": ""
        },
        "priceData": {
            "bestPrice": "7.70",
            "price": "7.70",
            "pricePerLitre": 5.1,
            "bestPricePerLitre": 5.1
        },
        "store": {
            "id": "5e792dfe04015f1aa1072ad3",
            "name": "Edgeware"
        }
    },
    {
        "productData": {
            "name": "Monster Energy Drink Ultra Rosa 500ml",
            "productId": "monster-energy-drink-ultra-rosa-500ml",
            "productShopPage": "https://geraldine.store.freshchoice.co.nz/lines/monster-energy-drink-ultra-rosa-500ml",
            "productImageURL": "https://dtgxwmigmg3gc.cloudfront.net/imagery/assets/derivations/icon/512/512/true/eyJpZCI6IjZjYzFjMzcwYzM4Mzk4N2MyOTUzNWIyMTFjZTJlYjgxIiwic3RvcmFnZSI6InB1YmxpY19zdG9yZSJ9?signature=9cd08284785f9b24647ecc7d1dc08214d9d00318cc809bebdef1921d6b78bb95",
            "productDescription": ""
        },
        "priceData": {
            "bestPrice": "3.00",
            "price": "3.00",
            "pricePerLitre": 6.0,
            "bestPricePerLitre": 6.0
        },
        "store": {
            "id": "58f6f3e452ba0b28d1013dbf",
            "name": "Geraldine"
        }
    },
    {
        "productData": {
            "name": "Mother Energy Drink Berry 500ml",
            "productId": "mother-energy-drink-berry-500ml",
            "productShopPage": "https://geraldine.store.freshchoice.co.nz/lines/mother-energy-drink-berry-500ml",
            "productImageURL": "https://dtgxwmigmg3gc.cloudfront.net/imagery/assets/derivations/icon/512/512/true/eyJpZCI6ImRhYTJlNjUzNzRjZjViNjI0ZDljNzUzNDA3YmE0ZDFkIiwic3RvcmFnZSI6InB1YmxpY19zdG9yZSJ9?signature=d9ffb465d71d599811c2ff7a788845bfe297eb3624ad7866a89cf0b3ece073f0",
            "productDescription": ""
        },
        "priceData": {
            "bestPrice": "2.00",
            "price": "2.00",
            "pricePerLitre": 4.0,
            "bestPricePerLitre": 4.0
        },
        "store": {
            "id": "58f6f3e452ba0b28d1013dbf",
            "name": "Geraldine"
        }
    },
    {
        "productData": {
            "name": "Mother Energy Drink Black 500ml",
            "productId": "mother-energy-drink-black-500ml",
            "productShopPage": "https://geraldine.store.freshchoice.co.nz/lines/mother-energy-drink-black-500ml",
            "productImageURL": "https://dtgxwmigmg3gc.cloudfront.net/imagery/assets/derivations/icon/512/512/true/eyJpZCI6ImYyMzA5MjhkYjg3ODFhYmYzZDU3ZjE1YjNmYzU2MWFjIiwic3RvcmFnZSI6InB1YmxpY19zdG9yZSJ9?signature=d3dbddb83d3d457075cd5d8936bef0c5b48fce4fa3fe725995d8b6d57219ceb5",
            "productDescription": ""
        },
        "priceData": {
            "bestPrice": "2.00",
            "price": "2.00",
            "pricePerLitre": 4.0,
            "bestPricePerLitre": 4.0
        },
        "store": {
            "id": "58f6f3e452ba0b28d1013dbf",
            "name": "Geraldine"
        }
    },
    {
        "productData": {
            "name": "Mother Tropical Blast 500ml",
            "productId": "mother-tropical-blast-500ml",
            "productShopPage": "https://geraldine.store.freshchoice.co.nz/lines/mother-tropical-blast-500ml",
            "productImageURL": "https://dtgxwmigmg3gc.cloudfront.net/imagery/assets/derivations/icon/512/512/true/eyJpZCI6ImEyZmM1OTUwNDhlODM5YTRhMjQ2MTI1OGEyYzNlZWZhIiwic3RvcmFnZSI6InB1YmxpY19zdG9yZSJ9?signature=6c9470ee4067e8ec32b58eeac9d628404d3986058a9b1cdef46014d1bee50944",
            "productDescription": ""
        },
        "priceData": {
            "bestPrice": "2.00",
            "price": "2.00",
            "pricePerLitre": 4.0,
            "bestPricePerLitre": 4.0
        },
        "store": {
            "id": "58f6f3e452ba0b28d1013dbf",
            "name": "Geraldine"
        }
    },
    {
        "productData": {
            "name": "Mother Epic Swell Energy Drink Twisted Apple 500ml",
            "productId": "mother-epic-swell-energy-drink-twisted-apple-500ml",
            "productShopPage": "https://geraldine.store.freshchoice.co.nz/lines/mother-epic-swell-energy-drink-twisted-apple-500ml",
            "productImageURL": "https://dtgxwmigmg3gc.cloudfront.net/imagery/assets/derivations/icon/512/512/true/eyJpZCI6ImE2ZjYxOGNhNjUyYzMxNzRhNjg2MDBhMGVjZmQ3MmJkIiwic3RvcmFnZSI6InB1YmxpY19zdG9yZSJ9?signature=954f74f8aba0fb24cb2a5248b1e93fe8a62fb8c7f902abbb08b7aed24bc44c80",
            "productDescription": ""
        },
        "priceData": {
            "bestPrice": "2.00",
            "price": "2.00",
            "pricePerLitre": 4.0,
            "bestPricePerLitre": 4.0
        },
        "store": {
            "id": "58f6f3e452ba0b28d1013dbf",
            "name": "Geraldine"
        }
    },
    {
        "productData": {
            "name": "V Energy Drink Guarana 500ml",
            "productId": "v-energy-drink-guarana-500ml",
            "productShopPage": "https://geraldine.store.freshchoice.co.nz/lines/v-energy-drink-guarana-500ml",
            "productImageURL": "https://dtgxwmigmg3gc.cloudfront.net/imagery/assets/derivations/icon/512/512/true/eyJpZCI6IjgzZDAxMjhiMzg4NmEwZmE4YTE2ZjY2NWIzNmM2NzI2Iiwic3RvcmFnZSI6InB1YmxpY19zdG9yZSJ9?signature=f55ecc561066291a4e74a967db35ea2355f881bd1708bf400fd790032384ae4f",
            "productDescription": ""
        },
        "priceData": {
            "bestPrice": "3.80",
            "price": "3.80",
            "pricePerLitre": 7.6,
            "bestPricePerLitre": 7.6
        },
        "store": {
            "id": "58f6f3e452ba0b28d1013dbf",
            "name": "Geraldine"
        }
    },
    {
        "productData": {
            "name": "V Energy Drink Sugarfree 500ml",
            "productId": "v-energy-drink-sugarfree-500ml",
            "productShopPage": "https://geraldine.store.freshchoice.co.nz/lines/v-energy-drink-sugarfree-500ml",
            "productImageURL": "https://dtgxwmigmg3gc.cloudfront.net/imagery/assets/derivations/icon/512/512/true/eyJpZCI6ImVkZTAxNTNmMDI1NmU1NDZjNWQ5MTc3MjE3ZTQ3YTQ0Iiwic3RvcmFnZSI6InB1YmxpY19zdG9yZSJ9?signature=abcf72d9faa9ee3044eaa3b7ee0bf9b4fd8f582379018d8727f2234b7d3f3c85",
            "productDescription": ""
        },
        "priceData": {
            "bestPrice": "3.80",
            "price": "3.80",
            "pricePerLitre": 7.6,
            "bestPricePerLitre": 7.6
        },
        "store": {
            "id": "58f6f3e452ba0b28d1013dbf",
            "name": "Geraldine"
        }
    },
    {
        "productData": {
            "name": "V Energy Drink Blue Guarana Spritzed 350ml",
            "productId": "v-blue-energy-drink-blue-guarana-spritzed-350ml",
            "productShopPage": "https://geraldine.store.freshchoice.co.nz/lines/v-blue-energy-drink-blue-guarana-spritzed-350ml",
            "productImageURL": "https://dtgxwmigmg3gc.cloudfront.net/imagery/assets/derivations/icon/512/512/true/eyJpZCI6ImY2OTRlZGI4NjdlNWMzZDM5NzgzMDQ0ODFkMzUxZGZiIiwic3RvcmFnZSI6InB1YmxpY19zdG9yZSJ9?signature=591b3079cb9c2407a29b3bc348eaf42dc1d34daba5c9d7aba65be654725b6719",
            "productDescription": ""
        },
        "priceData": {
            "bestPrice": "2.30",
            "price": "2.30",
            "pricePerLitre": 10.0,
            "bestPricePerLitre": 10.0
        },
        "store": {
            "id": "58f6f3e452ba0b28d1013dbf",
            "name": "Geraldine"
        }
    },
    {
        "productData": {
            "name": "V Energy Drink Green Guarana 350ml",
            "productId": "v-energy-drink-green-guarana-350ml",
            "productShopPage": "https://geraldine.store.freshchoice.co.nz/lines/v-energy-drink-green-guarana-350ml",
            "productImageURL": "https://dtgxwmigmg3gc.cloudfront.net/imagery/assets/derivations/icon/512/512/true/eyJpZCI6IjRiNjY4ZjYxOTQ2ODYyN2MzM2NiZWMyNGUyNmIyODk4Iiwic3RvcmFnZSI6InB1YmxpY19zdG9yZSJ9?signature=4cded9cb42349eef45a593461f311b1bb7fa881295733879671ad9fe9887d30c",
            "productDescription": ""
        },
        "priceData": {
            "bestPrice": "2.30",
            "price": "2.30",
            "pricePerLitre": 10.0,
            "bestPricePerLitre": 10.0
        },
        "store": {
            "id": "58f6f3e452ba0b28d1013dbf",
            "name": "Geraldine"
        }
    },
    {
        "productData": {
            "name": "V Energy Drink Guarana Can 250ml",
            "productId": "v-energy-drink-guarana-can-250ml",
            "productShopPage": "https://geraldine.store.freshchoice.co.nz/lines/v-energy-drink-guarana-can-250ml",
            "productImageURL": "https://dtgxwmigmg3gc.cloudfront.net/imagery/assets/derivations/icon/512/512/true/eyJpZCI6Ijc3Nzk1NjE2ZDhhNmFiMThhYzEzODYzOTg2ZmNkNzgwIiwic3RvcmFnZSI6InB1YmxpY19zdG9yZSJ9?signature=f5de1854d43e19cc62bff86893d4a55615cd916f8425a4dccd170b52eba81255",
            "productDescription": ""
        },
        "priceData": {
            "bestPrice": "2.20",
            "price": "2.20",
            "pricePerLitre": 8.8,
            "bestPricePerLitre": 8.8
        },
        "store": {
            "id": "58f6f3e452ba0b28d1013dbf",
            "name": "Geraldine"
        }
    },
    {
        "productData": {
            "name": "V Energy Drink Guarana Can 500ml",
            "productId": "v-energy-drink-guarana-can-500ml",
            "productShopPage": "https://geraldine.store.freshchoice.co.nz/lines/v-energy-drink-guarana-can-500ml",
            "productImageURL": "https://dtgxwmigmg3gc.cloudfront.net/imagery/assets/derivations/icon/512/512/true/eyJpZCI6ImI0NjgzNGZjNDRkMjU0MjgzYzJjZGNhMzA2NWIxYjA5Iiwic3RvcmFnZSI6InB1YmxpY19zdG9yZSJ9?signature=265e8273409849423466e7623cbbdf8352940707b8830803eec391e8f32c9c5f",
            "productDescription": ""
        },
        "priceData": {
            "bestPrice": "3.50",
            "price": "3.50",
            "pricePerLitre": 7.0,
            "bestPricePerLitre": 7.0
        },
        "store": {
            "id": "58f6f3e452ba0b28d1013dbf",
            "name": "Geraldine"
        }
    },
    {
        "productData": {
            "name": "V Blue Energy Drink Bottle 500ml",
            "productId": "v-blue-energy-drink-bottle-500ml",
            "productShopPage": "https://geraldine.store.freshchoice.co.nz/lines/v-blue-energy-drink-bottle-500ml",
            "productImageURL": "https://dtgxwmigmg3gc.cloudfront.net/imagery/assets/derivations/icon/512/512/true/eyJpZCI6IjgyYWYxYWY4MGI4MzUxODhiYmVhZGVhM2U2NzY0MzI5Iiwic3RvcmFnZSI6InB1YmxpY19zdG9yZSJ9?signature=7e70fc576864a528a1431734d680cbf177a11b419a692dbfd34800c31b8944ec",
            "productDescription": ""
        },
        "priceData": {
            "bestPrice": "3.80",
            "price": "3.80",
            "pricePerLitre": 7.6,
            "bestPricePerLitre": 7.6
        },
        "store": {
            "id": "58f6f3e452ba0b28d1013dbf",
            "name": "Geraldine"
        }
    },
    {
        "productData": {
            "name": "V Blue Sugarfree Energy Drink 500ml",
            "productId": "v-blue-sugarfree-energy-drink-500ml",
            "productShopPage": "https://geraldine.store.freshchoice.co.nz/lines/v-blue-sugarfree-energy-drink-500ml",
            "productImageURL": "https://dtgxwmigmg3gc.cloudfront.net/imagery/assets/derivations/icon/512/512/true/eyJpZCI6ImVmYjQyOWRmM2JjZjc3NTY1ZDIwMTEyNTY0MDdmZjA1Iiwic3RvcmFnZSI6InB1YmxpY19zdG9yZSJ9?signature=2911d59474d8305039a3be3bef0f887c38d9ab84596314b13cc4b150101175ab",
            "productDescription": ""
        },
        "priceData": {
            "bestPrice": "3.50",
            "price": "3.50",
            "pricePerLitre": 7.0,
            "bestPricePerLitre": 7.0
        },
        "store": {
            "id": "58f6f3e452ba0b28d1013dbf",
            "name": "Geraldine"
        }
    },
    {
        "productData": {
            "name": "V Blue Energy Drink Blue Guarana Can 250ml",
            "productId": "v-blue-energy-drink-blue-guarana-can-250ml",
            "productShopPage": "https://geraldine.store.freshchoice.co.nz/lines/v-blue-energy-drink-blue-guarana-can-250ml",
            "productImageURL": "https://dtgxwmigmg3gc.cloudfront.net/imagery/assets/derivations/icon/512/512/true/eyJpZCI6IjBmZjQwNDEyZWQ2ZDk4YTg3YWQ2ZDUyMWZlNjM1YzJkIiwic3RvcmFnZSI6InB1YmxpY19zdG9yZSJ9?signature=8f745abe5614ec47b3d7a07f1a34ba529184a87b2a696211ba5a0f9f29c86bf0",
            "productDescription": ""
        },
        "priceData": {
            "bestPrice": "2.20",
            "price": "2.20",
            "pricePerLitre": 8.8,
            "bestPricePerLitre": 8.8
        },
        "store": {
            "id": "58f6f3e452ba0b28d1013dbf",
            "name": "Geraldine"
        }
    },
    {
        "productData": {
            "name": "V Blue Energy Drink Blue Guarana Can 500ml",
            "productId": "v-blue-energy-drink-blue-guarana-can-500ml",
            "productShopPage": "https://geraldine.store.freshchoice.co.nz/lines/v-blue-energy-drink-blue-guarana-can-500ml",
            "productImageURL": "https://dtgxwmigmg3gc.cloudfront.net/imagery/assets/derivations/icon/512/512/true/eyJpZCI6ImFmYjEyYjVjYTU2YWI5ZDJhMTVmNGY2MDg2NWFlNzgxIiwic3RvcmFnZSI6InB1YmxpY19zdG9yZSJ9?signature=b537a8cc5a2c0f90f1702b2c541db44c3a740a0ec4a96e92ab2d6537f9320e8d",
            "productDescription": ""
        },
        "priceData": {
            "bestPrice": "3.50",
            "price": "3.50",
            "pricePerLitre": 7.0,
            "bestPricePerLitre": 7.0
        },
        "store": {
            "id": "58f6f3e452ba0b28d1013dbf",
            "name": "Geraldine"
        }
    },
    {
        "productData": {
            "name": "Monster Super Fuel Zero Sugar 550ml",
            "productId": "monster-super-fuel-zero-sugar-550ml",
            "productShopPage": "https://geraldine.store.freshchoice.co.nz/lines/monster-super-fuel-zero-sugar-550ml",
            "productImageURL": "https://dtgxwmigmg3gc.cloudfront.net/imagery/assets/derivations/icon/512/512/true/eyJpZCI6IjRkOTE3NzhmODIxNDI1ZDJjNDg3Yjc0M2YyMzEyYmYxIiwic3RvcmFnZSI6InB1YmxpY19zdG9yZSJ9?signature=4b9dbd15c40f85466e597873c567f989183b284947e8c8dc4df58667789214a2",
            "productDescription": ""
        },
        "priceData": {
            "bestPrice": "4.00",
            "price": "4.00",
            "pricePerLitre": 7.3,
            "bestPricePerLitre": 7.3
        },
        "store": {
            "id": "58f6f3e452ba0b28d1013dbf",
            "name": "Geraldine"
        }
    },
    {
        "productData": {
            "name": "Monster Mule Ginger Brew 500ml",
            "productId": "monster-mule-ginger-brew-500ml",
            "productShopPage": "https://geraldine.store.freshchoice.co.nz/lines/monster-mule-ginger-brew-500ml",
            "productImageURL": "https://dtgxwmigmg3gc.cloudfront.net/imagery/assets/derivations/icon/512/512/true/eyJpZCI6ImM1OTM5MTIyZTRlNmNhNzk0ODFlMDE4ZWVmMWE2Y2ZlIiwic3RvcmFnZSI6InB1YmxpY19zdG9yZSJ9?signature=5d11287f30ef58c148e37382d61c0d83097d5461683a9aa5dd9456941c1f32e5",
            "productDescription": ""
        },
        "priceData": {
            "bestPrice": "3.00",
            "price": "3.00",
            "pricePerLitre": 6.0,
            "bestPricePerLitre": 6.0
        },
        "store": {
            "id": "58f6f3e452ba0b28d1013dbf",
            "name": "Geraldine"
        }
    },
    {
        "productData": {
            "name": "Monster Super Fuel Purple Passion 550ml",
            "productId": "monster-super-fuel-purple-passion-550ml",
            "productShopPage": "https://geraldine.store.freshchoice.co.nz/lines/monster-super-fuel-purple-passion-550ml",
            "productImageURL": "https://dtgxwmigmg3gc.cloudfront.net/imagery/assets/derivations/icon/512/512/true/eyJpZCI6IjNkMTY1OTQwMzgyOTZjZjVlMjNlNjBjMDQ3NTE1YWM0Iiwic3RvcmFnZSI6InB1YmxpY19zdG9yZSJ9?signature=4d4ccd77dab941d955a8037242a41833afdc7251d3bd5b5c4b99705770273998",
            "productDescription": ""
        },
        "priceData": {
            "bestPrice": "4.00",
            "price": "4.00",
            "pricePerLitre": 7.3,
            "bestPricePerLitre": 7.3
        },
        "store": {
            "id": "58f6f3e452ba0b28d1013dbf",
            "name": "Geraldine"
        }
    },
    {
        "productData": {
            "name": "Monster Energy Pipeline Punch 500ml",
            "productId": "monster-energy-pipeline-punch-500ml",
            "productShopPage": "https://geraldine.store.freshchoice.co.nz/lines/monster-energy-pipeline-punch-500ml",
            "productImageURL": "https://dtgxwmigmg3gc.cloudfront.net/imagery/assets/derivations/icon/512/512/true/eyJpZCI6IjM3ZWY2OTY5OWFlNTJlZTRjNTY1ZmFmYWIwOTIxMjg4Iiwic3RvcmFnZSI6InB1YmxpY19zdG9yZSJ9?signature=79ed6699c35bd716a9d5d9457c39ce62c523edaa4059b6b45d4dcc7caf65cef9",
            "productDescription": ""
        },
        "priceData": {
            "bestPrice": "3.00",
            "price": "3.00",
            "pricePerLitre": 6.0,
            "bestPricePerLitre": 6.0
        },
        "store": {
            "id": "58f6f3e452ba0b28d1013dbf",
            "name": "Geraldine"
        }
    },
    {
        "productData": {
            "name": "Live Plus Energy Drink Citrus Flavour 500ml",
            "productId": "live-plus-persist-500ml",
            "productShopPage": "https://geraldine.store.freshchoice.co.nz/lines/live-plus-persist-500ml",
            "productImageURL": "https://dtgxwmigmg3gc.cloudfront.net/imagery/assets/derivations/icon/512/512/true/eyJpZCI6IjFlNWQ5YzI4OWM1N2UzNmYzZmI2NThlMDQzZTI3ZjE4Iiwic3RvcmFnZSI6InB1YmxpY19zdG9yZSJ9?signature=756b17fefe47174b90e7dbec8cd09db27f9f59f4994bc750b71256ae93ba9fa8",
            "productDescription": ""
        },
        "priceData": {
            "bestPrice": "2.00",
            "price": "2.00",
            "pricePerLitre": 4.0,
            "bestPricePerLitre": 4.0
        },
        "store": {
            "id": "58f6f3e452ba0b28d1013dbf",
            "name": "Geraldine"
        }
    },
    {
        "productData": {
            "name": "Live Plus Energy Drink Tart Apple Apple Flavour 500ml",
            "productId": "live-plus-ignite-500ml",
            "productShopPage": "https://geraldine.store.freshchoice.co.nz/lines/live-plus-ignite-500ml",
            "productImageURL": "https://dtgxwmigmg3gc.cloudfront.net/imagery/assets/derivations/icon/512/512/true/eyJpZCI6IjViOGViZjhmZTQzYjFlYTMzNDM5YjJjMjg3ZDRmY2YyIiwic3RvcmFnZSI6InB1YmxpY19zdG9yZSJ9?signature=140ae19352cd0dcec7e77f90fa4dfaa9fa17086439f730510afc5d906e1415bf",
            "productDescription": ""
        },
        "priceData": {
            "bestPrice": "2.00",
            "price": "2.00",
            "pricePerLitre": 4.0,
            "bestPricePerLitre": 4.0
        },
        "store": {
            "id": "58f6f3e452ba0b28d1013dbf",
            "name": "Geraldine"
        }
    },
    {
        "productData": {
            "name": "V Guarana Energy Drink Blue Sugarfree 250ml",
            "productId": "v-blue-sugarfree-energy-drink-250ml",
            "productShopPage": "https://geraldine.store.freshchoice.co.nz/lines/v-blue-sugarfree-energy-drink-250ml",
            "productImageURL": "https://dtgxwmigmg3gc.cloudfront.net/imagery/assets/derivations/icon/512/512/true/eyJpZCI6IjI3YWJiOTVhYjNhMjEwMDU2MWJhMmRhNTM3YjRhZjVmIiwic3RvcmFnZSI6InB1YmxpY19zdG9yZSJ9?signature=66769306ca1d0ba674603954d338186dc999f6d1839090d49fde9416b3252365",
            "productDescription": ""
        },
        "priceData": {
            "bestPrice": "2.20",
            "price": "2.20",
            "pricePerLitre": 8.8,
            "bestPricePerLitre": 8.8
        },
        "store": {
            "id": "58f6f3e452ba0b28d1013dbf",
            "name": "Geraldine"
        }
    },
    {
        "productData": {
            "name": "Live Plus Energy Drink Original Citrus Flavour 355ml",
            "productId": "live-plus-persist-glass-355ml",
            "productShopPage": "https://geraldine.store.freshchoice.co.nz/lines/live-plus-persist-glass-355ml",
            "productImageURL": "https://dtgxwmigmg3gc.cloudfront.net/imagery/assets/derivations/icon/512/512/true/eyJpZCI6ImYzMjZlMTdmMmI5ZGRjZGYzYmFmNzNiMWQzN2Y5NDI4Iiwic3RvcmFnZSI6InB1YmxpY19zdG9yZSJ9?signature=8fa31eb2b309e9c7a293ba2e7a7541e3cdc686b1d3f519044aa97c666ae5f630",
            "productDescription": ""
        },
        "priceData": {
            "bestPrice": "2.80",
            "price": "2.80",
            "pricePerLitre": 7.9,
            "bestPricePerLitre": 7.9
        },
        "store": {
            "id": "58f6f3e452ba0b28d1013dbf",
            "name": "Geraldine"
        }
    },
    {
        "productData": {
            "name": "Live Plus Energy Drink Original Citrus Flavour 6 x 250ml",
            "productId": "live-plus-persist-250ml-6pack",
            "productShopPage": "https://geraldine.store.freshchoice.co.nz/lines/live-plus-persist-250ml-6pack",
            "productImageURL": "https://dtgxwmigmg3gc.cloudfront.net/imagery/assets/derivations/icon/512/512/true/eyJpZCI6IjNmODNiNGI4MzI4MzJmNzhjZmJhNDA1OGUyZWFlM2ZhIiwic3RvcmFnZSI6InB1YmxpY19zdG9yZSJ9?signature=0257f943d0c41562773e51cbd42327ad911228832e33494e9c30381e20305337",
            "productDescription": ""
        },
        "priceData": {
            "bestPrice": "7.70",
            "price": "7.70",
            "pricePerLitre": 5.1,
            "bestPricePerLitre": 5.1
        },
        "store": {
            "id": "58f6f3e452ba0b28d1013dbf",
            "name": "Geraldine"
        }
    },
    {
        "productData": {
            "name": "Rockstar Punched Energy Guava 500ml",
            "productId": "rockstar-punched-energy-guava-500ml",
            "productShopPage": "https://geraldine.store.freshchoice.co.nz/lines/rockstar-punched-energy-guava-500ml",
            "productImageURL": "https://dtgxwmigmg3gc.cloudfront.net/imagery/assets/derivations/icon/512/512/true/eyJpZCI6IjBmNGEyNjU2MGQwM2Y4OGI4MWE3ZTMyODUzYTRlN2QyIiwic3RvcmFnZSI6InB1YmxpY19zdG9yZSJ9?signature=fab45ac774e74d87cf7a79de075f47290676fd6d4afcf212198c745670d5ce29",
            "productDescription": ""
        },
        "priceData": {
            "bestPrice": "2.00",
            "price": "2.00",
            "pricePerLitre": 4.0,
            "bestPricePerLitre": 4.0
        },
        "store": {
            "id": "58f6f3e452ba0b28d1013dbf",
            "name": "Geraldine"
        }
    },
    {
        "productData": {
            "name": "Rockstar Punched Watermelon Freeze Energy Drink 500ml",
            "productId": "rockstar-punched-watermelon-freeze-energy-drink-500ml",
            "productShopPage": "https://geraldine.store.freshchoice.co.nz/lines/rockstar-punched-watermelon-freeze-energy-drink-500ml",
            "productImageURL": "https://dtgxwmigmg3gc.cloudfront.net/imagery/assets/derivations/icon/512/512/true/eyJpZCI6IjlhMzZkN2M2YmNhYzgwZGNlNzQ1NjBkOTA5NGU3MzQ2Iiwic3RvcmFnZSI6InB1YmxpY19zdG9yZSJ9?signature=09f452e46dbf31dd8b35e72b6651c800dd4e8856d7322f55db022f54e5cc9867",
            "productDescription": ""
        },
        "priceData": {
            "bestPrice": "2.00",
            "price": "2.00",
            "pricePerLitre": 4.0,
            "bestPricePerLitre": 4.0
        },
        "store": {
            "id": "58f6f3e452ba0b28d1013dbf",
            "name": "Geraldine"
        }
    },
    {
        "productData": {
            "name": "Monster Energy Drink Can Green 500ml",
            "productId": "monster-energy-green-500ml",
            "productShopPage": "https://greenisland.store.freshchoice.co.nz/lines/monster-energy-green-500ml",
            "productImageURL": "https://dtgxwmigmg3gc.cloudfront.net/imagery/assets/derivations/icon/512/512/true/eyJpZCI6ImU3ZjNiNjJiNzI4Y2M0MTIxMjhiNjQ2ZmQ2OTQzMGEzIiwic3RvcmFnZSI6InB1YmxpY19zdG9yZSJ9?signature=637eac56411f57a79f345ea693f1418330d5742c3a04caddb460696dba06da06",
            "productDescription": ""
        },
        "priceData": {
            "bestPrice": "3.00",
            "price": "3.00",
            "pricePerLitre": 6.0,
            "bestPricePerLitre": 6.0
        },
        "store": {
            "id": "5c6624262faaf35db50bbe03",
            "name": "Green Island"
        }
    },
    {
        "productData": {
            "name": "Monster Energy Drink Ultra Rosa 500ml",
            "productId": "monster-energy-drink-ultra-rosa-500ml",
            "productShopPage": "https://greenisland.store.freshchoice.co.nz/lines/monster-energy-drink-ultra-rosa-500ml",
            "productImageURL": "https://dtgxwmigmg3gc.cloudfront.net/imagery/assets/derivations/icon/512/512/true/eyJpZCI6IjZjYzFjMzcwYzM4Mzk4N2MyOTUzNWIyMTFjZTJlYjgxIiwic3RvcmFnZSI6InB1YmxpY19zdG9yZSJ9?signature=9cd08284785f9b24647ecc7d1dc08214d9d00318cc809bebdef1921d6b78bb95",
            "productDescription": ""
        },
        "priceData": {
            "bestPrice": "3.00",
            "price": "3.00",
            "pricePerLitre": 6.0,
            "bestPricePerLitre": 6.0
        },
        "store": {
            "id": "5c6624262faaf35db50bbe03",
            "name": "Green Island"
        }
    },
    {
        "productData": {
            "name": "Mother Energy Drink Berry 500ml",
            "productId": "mother-energy-drink-berry-500ml",
            "productShopPage": "https://greenisland.store.freshchoice.co.nz/lines/mother-energy-drink-berry-500ml",
            "productImageURL": "https://dtgxwmigmg3gc.cloudfront.net/imagery/assets/derivations/icon/512/512/true/eyJpZCI6ImRhYTJlNjUzNzRjZjViNjI0ZDljNzUzNDA3YmE0ZDFkIiwic3RvcmFnZSI6InB1YmxpY19zdG9yZSJ9?signature=d9ffb465d71d599811c2ff7a788845bfe297eb3624ad7866a89cf0b3ece073f0",
            "productDescription": ""
        },
        "priceData": {
            "bestPrice": "2.00",
            "price": "2.00",
            "pricePerLitre": 6.0,
            "bestPricePerLitre": 6.0
        },
        "store": {
            "id": "5c6624262faaf35db50bbe03",
            "name": "Green Island"
        }
    },
    {
        "productData": {
            "name": "Mother Energy Drink Black 500ml",
            "productId": "mother-energy-drink-black-500ml",
            "productShopPage": "https://greenisland.store.freshchoice.co.nz/lines/mother-energy-drink-black-500ml",
            "productImageURL": "https://dtgxwmigmg3gc.cloudfront.net/imagery/assets/derivations/icon/512/512/true/eyJpZCI6ImYyMzA5MjhkYjg3ODFhYmYzZDU3ZjE1YjNmYzU2MWFjIiwic3RvcmFnZSI6InB1YmxpY19zdG9yZSJ9?signature=d3dbddb83d3d457075cd5d8936bef0c5b48fce4fa3fe725995d8b6d57219ceb5",
            "productDescription": ""
        },
        "priceData": {
            "bestPrice": "2.00",
            "price": "2.00",
            "pricePerLitre": 6.0,
            "bestPricePerLitre": 6.0
        },
        "store": {
            "id": "5c6624262faaf35db50bbe03",
            "name": "Green Island"
        }
    },
    {
        "productData": {
            "name": "Mother Energy Drink Passion 500ml",
            "productId": "mother-energy-drink-passion-500ml",
            "productShopPage": "https://greenisland.store.freshchoice.co.nz/lines/mother-energy-drink-passion-500ml",
            "productImageURL": "https://dtgxwmigmg3gc.cloudfront.net/imagery/assets/derivations/icon/512/512/true/eyJpZCI6ImQwODE2YTc4ZjBmNGU4NTU5Mzg1YjkxZmI5YjIzZjM0Iiwic3RvcmFnZSI6InB1YmxpY19zdG9yZSJ9?signature=713c495fef96a6427b917f0c7c7e855a963749ac5c1bf7dfd71e24ae08ea3123",
            "productDescription": ""
        },
        "priceData": {
            "bestPrice": "2.00",
            "price": "2.00",
            "pricePerLitre": 6.0,
            "bestPricePerLitre": 6.0
        },
        "store": {
            "id": "5c6624262faaf35db50bbe03",
            "name": "Green Island"
        }
    },
    {
        "productData": {
            "name": "Mother Tropical Blast 500ml",
            "productId": "mother-tropical-blast-500ml",
            "productShopPage": "https://greenisland.store.freshchoice.co.nz/lines/mother-tropical-blast-500ml",
            "productImageURL": "https://dtgxwmigmg3gc.cloudfront.net/imagery/assets/derivations/icon/512/512/true/eyJpZCI6ImEyZmM1OTUwNDhlODM5YTRhMjQ2MTI1OGEyYzNlZWZhIiwic3RvcmFnZSI6InB1YmxpY19zdG9yZSJ9?signature=6c9470ee4067e8ec32b58eeac9d628404d3986058a9b1cdef46014d1bee50944",
            "productDescription": ""
        },
        "priceData": {
            "bestPrice": "2.00",
            "price": "2.00",
            "pricePerLitre": 6.0,
            "bestPricePerLitre": 6.0
        },
        "store": {
            "id": "5c6624262faaf35db50bbe03",
            "name": "Green Island"
        }
    },
    {
        "productData": {
            "name": "Mother Epic Swell Energy Drink Twisted Apple 500ml",
            "productId": "mother-epic-swell-energy-drink-twisted-apple-500ml",
            "productShopPage": "https://greenisland.store.freshchoice.co.nz/lines/mother-epic-swell-energy-drink-twisted-apple-500ml",
            "productImageURL": "https://dtgxwmigmg3gc.cloudfront.net/imagery/assets/derivations/icon/512/512/true/eyJpZCI6ImE2ZjYxOGNhNjUyYzMxNzRhNjg2MDBhMGVjZmQ3MmJkIiwic3RvcmFnZSI6InB1YmxpY19zdG9yZSJ9?signature=954f74f8aba0fb24cb2a5248b1e93fe8a62fb8c7f902abbb08b7aed24bc44c80",
            "productDescription": ""
        },
        "priceData": {
            "bestPrice": "2.00",
            "price": "2.00",
            "pricePerLitre": 4.0,
            "bestPricePerLitre": 4.0
        },
        "store": {
            "id": "5c6624262faaf35db50bbe03",
            "name": "Green Island"
        }
    },
    {
        "productData": {
            "name": "V Energy Drink Guarana 500ml",
            "productId": "v-energy-drink-guarana-500ml",
            "productShopPage": "https://greenisland.store.freshchoice.co.nz/lines/v-energy-drink-guarana-500ml",
            "productImageURL": "https://dtgxwmigmg3gc.cloudfront.net/imagery/assets/derivations/icon/512/512/true/eyJpZCI6IjgzZDAxMjhiMzg4NmEwZmE4YTE2ZjY2NWIzNmM2NzI2Iiwic3RvcmFnZSI6InB1YmxpY19zdG9yZSJ9?signature=f55ecc561066291a4e74a967db35ea2355f881bd1708bf400fd790032384ae4f",
            "productDescription": ""
        },
        "priceData": {
            "bestPrice": "3.80",
            "price": "3.80",
            "pricePerLitre": 7.6,
            "bestPricePerLitre": 7.6
        },
        "store": {
            "id": "5c6624262faaf35db50bbe03",
            "name": "Green Island"
        }
    },
    {
        "productData": {
            "name": "V Energy Drink Sugarfree 500ml",
            "productId": "v-energy-drink-sugarfree-500ml",
            "productShopPage": "https://greenisland.store.freshchoice.co.nz/lines/v-energy-drink-sugarfree-500ml",
            "productImageURL": "https://dtgxwmigmg3gc.cloudfront.net/imagery/assets/derivations/icon/512/512/true/eyJpZCI6ImVkZTAxNTNmMDI1NmU1NDZjNWQ5MTc3MjE3ZTQ3YTQ0Iiwic3RvcmFnZSI6InB1YmxpY19zdG9yZSJ9?signature=abcf72d9faa9ee3044eaa3b7ee0bf9b4fd8f582379018d8727f2234b7d3f3c85",
            "productDescription": ""
        },
        "priceData": {
            "bestPrice": "3.80",
            "price": "3.80",
            "pricePerLitre": 7.6,
            "bestPricePerLitre": 7.6
        },
        "store": {
            "id": "5c6624262faaf35db50bbe03",
            "name": "Green Island"
        }
    },
    {
        "productData": {
            "name": "V Energy Drink Blue Guarana Spritzed 350ml",
            "productId": "v-blue-energy-drink-blue-guarana-spritzed-350ml",
            "productShopPage": "https://greenisland.store.freshchoice.co.nz/lines/v-blue-energy-drink-blue-guarana-spritzed-350ml",
            "productImageURL": "https://dtgxwmigmg3gc.cloudfront.net/imagery/assets/derivations/icon/512/512/true/eyJpZCI6ImY2OTRlZGI4NjdlNWMzZDM5NzgzMDQ0ODFkMzUxZGZiIiwic3RvcmFnZSI6InB1YmxpY19zdG9yZSJ9?signature=591b3079cb9c2407a29b3bc348eaf42dc1d34daba5c9d7aba65be654725b6719",
            "productDescription": ""
        },
        "priceData": {
            "bestPrice": "2.30",
            "price": "2.30",
            "pricePerLitre": 10.0,
            "bestPricePerLitre": 10.0
        },
        "store": {
            "id": "5c6624262faaf35db50bbe03",
            "name": "Green Island"
        }
    },
    {
        "productData": {
            "name": "V Energy Drink Green Guarana 350ml",
            "productId": "v-energy-drink-green-guarana-350ml",
            "productShopPage": "https://greenisland.store.freshchoice.co.nz/lines/v-energy-drink-green-guarana-350ml",
            "productImageURL": "https://dtgxwmigmg3gc.cloudfront.net/imagery/assets/derivations/icon/512/512/true/eyJpZCI6IjRiNjY4ZjYxOTQ2ODYyN2MzM2NiZWMyNGUyNmIyODk4Iiwic3RvcmFnZSI6InB1YmxpY19zdG9yZSJ9?signature=4cded9cb42349eef45a593461f311b1bb7fa881295733879671ad9fe9887d30c",
            "productDescription": ""
        },
        "priceData": {
            "bestPrice": "2.30",
            "price": "2.30",
            "pricePerLitre": 10.0,
            "bestPricePerLitre": 10.0
        },
        "store": {
            "id": "5c6624262faaf35db50bbe03",
            "name": "Green Island"
        }
    },
    {
        "productData": {
            "name": "V Energy Drink Guarana Can 250ml",
            "productId": "v-energy-drink-guarana-can-250ml",
            "productShopPage": "https://greenisland.store.freshchoice.co.nz/lines/v-energy-drink-guarana-can-250ml",
            "productImageURL": "https://dtgxwmigmg3gc.cloudfront.net/imagery/assets/derivations/icon/512/512/true/eyJpZCI6Ijc3Nzk1NjE2ZDhhNmFiMThhYzEzODYzOTg2ZmNkNzgwIiwic3RvcmFnZSI6InB1YmxpY19zdG9yZSJ9?signature=f5de1854d43e19cc62bff86893d4a55615cd916f8425a4dccd170b52eba81255",
            "productDescription": ""
        },
        "priceData": {
            "bestPrice": "2.20",
            "price": "2.20",
            "pricePerLitre": 8.8,
            "bestPricePerLitre": 8.8
        },
        "store": {
            "id": "5c6624262faaf35db50bbe03",
            "name": "Green Island"
        }
    },
    {
        "productData": {
            "name": "V Energy Drink Guarana Can 500ml",
            "productId": "v-energy-drink-guarana-can-500ml",
            "productShopPage": "https://greenisland.store.freshchoice.co.nz/lines/v-energy-drink-guarana-can-500ml",
            "productImageURL": "https://dtgxwmigmg3gc.cloudfront.net/imagery/assets/derivations/icon/512/512/true/eyJpZCI6ImI0NjgzNGZjNDRkMjU0MjgzYzJjZGNhMzA2NWIxYjA5Iiwic3RvcmFnZSI6InB1YmxpY19zdG9yZSJ9?signature=265e8273409849423466e7623cbbdf8352940707b8830803eec391e8f32c9c5f",
            "productDescription": ""
        },
        "priceData": {
            "bestPrice": "3.50",
            "price": "3.50",
            "pricePerLitre": 7.0,
            "bestPricePerLitre": 7.0
        },
        "store": {
            "id": "5c6624262faaf35db50bbe03",
            "name": "Green Island"
        }
    },
    {
        "productData": {
            "name": "V Energy Drink Raspberry Lemonade 350ml",
            "productId": "v-energy-drink-raspberry-lemonade-350ml",
            "productShopPage": "https://greenisland.store.freshchoice.co.nz/lines/v-energy-drink-raspberry-lemonade-350ml",
            "productImageURL": "https://dtgxwmigmg3gc.cloudfront.net/imagery/assets/derivations/icon/512/512/true/eyJpZCI6IjliNWMwMGJkN2IxYWRhY2UxNzU5NzY1ZTI4MjUzZDgyIiwic3RvcmFnZSI6InB1YmxpY19zdG9yZSJ9?signature=1813e587f3636e394a15aa9e19234f9343024a6880220b0dda0a5d69b1f1c010",
            "productDescription": ""
        },
        "priceData": {
            "bestPrice": "2.30",
            "price": "2.30",
            "pricePerLitre": 10.0,
            "bestPricePerLitre": 10.0
        },
        "store": {
            "id": "5c6624262faaf35db50bbe03",
            "name": "Green Island"
        }
    },
    {
        "productData": {
            "name": "V Blue Energy Drink Bottle 500ml",
            "productId": "v-blue-energy-drink-bottle-500ml",
            "productShopPage": "https://greenisland.store.freshchoice.co.nz/lines/v-blue-energy-drink-bottle-500ml",
            "productImageURL": "https://dtgxwmigmg3gc.cloudfront.net/imagery/assets/derivations/icon/512/512/true/eyJpZCI6IjgyYWYxYWY4MGI4MzUxODhiYmVhZGVhM2U2NzY0MzI5Iiwic3RvcmFnZSI6InB1YmxpY19zdG9yZSJ9?signature=7e70fc576864a528a1431734d680cbf177a11b419a692dbfd34800c31b8944ec",
            "productDescription": ""
        },
        "priceData": {
            "bestPrice": "3.80",
            "price": "3.80",
            "pricePerLitre": 7.6,
            "bestPricePerLitre": 7.6
        },
        "store": {
            "id": "5c6624262faaf35db50bbe03",
            "name": "Green Island"
        }
    },
    {
        "productData": {
            "name": "V Blue Sugarfree Energy Drink 500ml",
            "productId": "v-blue-sugarfree-energy-drink-500ml",
            "productShopPage": "https://greenisland.store.freshchoice.co.nz/lines/v-blue-sugarfree-energy-drink-500ml",
            "productImageURL": "https://dtgxwmigmg3gc.cloudfront.net/imagery/assets/derivations/icon/512/512/true/eyJpZCI6ImVmYjQyOWRmM2JjZjc3NTY1ZDIwMTEyNTY0MDdmZjA1Iiwic3RvcmFnZSI6InB1YmxpY19zdG9yZSJ9?signature=2911d59474d8305039a3be3bef0f887c38d9ab84596314b13cc4b150101175ab",
            "productDescription": ""
        },
        "priceData": {
            "bestPrice": "3.50",
            "price": "3.50",
            "pricePerLitre": 7.0,
            "bestPricePerLitre": 7.0
        },
        "store": {
            "id": "5c6624262faaf35db50bbe03",
            "name": "Green Island"
        }
    },
    {
        "productData": {
            "name": "V Raspberry Lemonade Energy Drink 500ml",
            "productId": "v-energy-drink-raspberry-lemonade-500ml-can",
            "productShopPage": "https://greenisland.store.freshchoice.co.nz/lines/v-energy-drink-raspberry-lemonade-500ml-can",
            "productImageURL": "https://dtgxwmigmg3gc.cloudfront.net/imagery/assets/derivations/icon/512/512/true/eyJpZCI6ImE3N2Y5NzBmY2FhOWZhYmZiOTc3MmYyMzE4MGRiOTcxIiwic3RvcmFnZSI6InB1YmxpY19zdG9yZSJ9?signature=2bb7890fe6d7b0c0c6a522be31c78077be0aa570ca4c8aa5549ccf80761262dc",
            "productDescription": ""
        },
        "priceData": {
            "bestPrice": "3.50",
            "price": "3.50",
            "pricePerLitre": 7.0,
            "bestPricePerLitre": 7.0
        },
        "store": {
            "id": "5c6624262faaf35db50bbe03",
            "name": "Green Island"
        }
    },
    {
        "productData": {
            "name": "V Blue Energy Drink Blue Guarana Can 250ml",
            "productId": "v-blue-energy-drink-blue-guarana-can-250ml",
            "productShopPage": "https://greenisland.store.freshchoice.co.nz/lines/v-blue-energy-drink-blue-guarana-can-250ml",
            "productImageURL": "https://dtgxwmigmg3gc.cloudfront.net/imagery/assets/derivations/icon/512/512/true/eyJpZCI6IjBmZjQwNDEyZWQ2ZDk4YTg3YWQ2ZDUyMWZlNjM1YzJkIiwic3RvcmFnZSI6InB1YmxpY19zdG9yZSJ9?signature=8f745abe5614ec47b3d7a07f1a34ba529184a87b2a696211ba5a0f9f29c86bf0",
            "productDescription": ""
        },
        "priceData": {
            "bestPrice": "2.20",
            "price": "2.20",
            "pricePerLitre": 8.8,
            "bestPricePerLitre": 8.8
        },
        "store": {
            "id": "5c6624262faaf35db50bbe03",
            "name": "Green Island"
        }
    },
    {
        "productData": {
            "name": "V Blue Energy Drink Blue Guarana Can 500ml",
            "productId": "v-blue-energy-drink-blue-guarana-can-500ml",
            "productShopPage": "https://greenisland.store.freshchoice.co.nz/lines/v-blue-energy-drink-blue-guarana-can-500ml",
            "productImageURL": "https://dtgxwmigmg3gc.cloudfront.net/imagery/assets/derivations/icon/512/512/true/eyJpZCI6ImFmYjEyYjVjYTU2YWI5ZDJhMTVmNGY2MDg2NWFlNzgxIiwic3RvcmFnZSI6InB1YmxpY19zdG9yZSJ9?signature=b537a8cc5a2c0f90f1702b2c541db44c3a740a0ec4a96e92ab2d6537f9320e8d",
            "productDescription": ""
        },
        "priceData": {
            "bestPrice": "3.50",
            "price": "3.50",
            "pricePerLitre": 7.0,
            "bestPricePerLitre": 7.0
        },
        "store": {
            "id": "5c6624262faaf35db50bbe03",
            "name": "Green Island"
        }
    },
    {
        "productData": {
            "name": "Monster Super Fuel Zero Sugar 550ml",
            "productId": "monster-super-fuel-zero-sugar-550ml",
            "productShopPage": "https://greenisland.store.freshchoice.co.nz/lines/monster-super-fuel-zero-sugar-550ml",
            "productImageURL": "https://dtgxwmigmg3gc.cloudfront.net/imagery/assets/derivations/icon/512/512/true/eyJpZCI6IjRkOTE3NzhmODIxNDI1ZDJjNDg3Yjc0M2YyMzEyYmYxIiwic3RvcmFnZSI6InB1YmxpY19zdG9yZSJ9?signature=4b9dbd15c40f85466e597873c567f989183b284947e8c8dc4df58667789214a2",
            "productDescription": ""
        },
        "priceData": {
            "bestPrice": "4.00",
            "price": "4.00",
            "pricePerLitre": 7.3,
            "bestPricePerLitre": 7.3
        },
        "store": {
            "id": "5c6624262faaf35db50bbe03",
            "name": "Green Island"
        }
    },
    {
        "productData": {
            "name": "Monster Mule Ginger Brew 500ml",
            "productId": "monster-mule-ginger-brew-500ml",
            "productShopPage": "https://greenisland.store.freshchoice.co.nz/lines/monster-mule-ginger-brew-500ml",
            "productImageURL": "https://dtgxwmigmg3gc.cloudfront.net/imagery/assets/derivations/icon/512/512/true/eyJpZCI6ImM1OTM5MTIyZTRlNmNhNzk0ODFlMDE4ZWVmMWE2Y2ZlIiwic3RvcmFnZSI6InB1YmxpY19zdG9yZSJ9?signature=5d11287f30ef58c148e37382d61c0d83097d5461683a9aa5dd9456941c1f32e5",
            "productDescription": ""
        },
        "priceData": {
            "bestPrice": "3.00",
            "price": "3.00",
            "pricePerLitre": 6.0,
            "bestPricePerLitre": 6.0
        },
        "store": {
            "id": "5c6624262faaf35db50bbe03",
            "name": "Green Island"
        }
    },
    {
        "productData": {
            "name": "Monster Super Fuel Purple Passion 550ml",
            "productId": "monster-super-fuel-purple-passion-550ml",
            "productShopPage": "https://greenisland.store.freshchoice.co.nz/lines/monster-super-fuel-purple-passion-550ml",
            "productImageURL": "https://dtgxwmigmg3gc.cloudfront.net/imagery/assets/derivations/icon/512/512/true/eyJpZCI6IjNkMTY1OTQwMzgyOTZjZjVlMjNlNjBjMDQ3NTE1YWM0Iiwic3RvcmFnZSI6InB1YmxpY19zdG9yZSJ9?signature=4d4ccd77dab941d955a8037242a41833afdc7251d3bd5b5c4b99705770273998",
            "productDescription": ""
        },
        "priceData": {
            "bestPrice": "4.00",
            "price": "4.00",
            "pricePerLitre": 7.3,
            "bestPricePerLitre": 7.3
        },
        "store": {
            "id": "5c6624262faaf35db50bbe03",
            "name": "Green Island"
        }
    },
    {
        "productData": {
            "name": "Monster Energy Pipeline Punch 500ml",
            "productId": "monster-energy-pipeline-punch-500ml",
            "productShopPage": "https://greenisland.store.freshchoice.co.nz/lines/monster-energy-pipeline-punch-500ml",
            "productImageURL": "https://dtgxwmigmg3gc.cloudfront.net/imagery/assets/derivations/icon/512/512/true/eyJpZCI6IjM3ZWY2OTY5OWFlNTJlZTRjNTY1ZmFmYWIwOTIxMjg4Iiwic3RvcmFnZSI6InB1YmxpY19zdG9yZSJ9?signature=79ed6699c35bd716a9d5d9457c39ce62c523edaa4059b6b45d4dcc7caf65cef9",
            "productDescription": ""
        },
        "priceData": {
            "bestPrice": "3.00",
            "price": "3.00",
            "pricePerLitre": 6.0,
            "bestPricePerLitre": 6.0
        },
        "store": {
            "id": "5c6624262faaf35db50bbe03",
            "name": "Green Island"
        }
    },
    {
        "productData": {
            "name": "Live Plus Energy Drink Citrus Flavour 500ml",
            "productId": "live-plus-persist-500ml",
            "productShopPage": "https://greenisland.store.freshchoice.co.nz/lines/live-plus-persist-500ml",
            "productImageURL": "https://dtgxwmigmg3gc.cloudfront.net/imagery/assets/derivations/icon/512/512/true/eyJpZCI6IjFlNWQ5YzI4OWM1N2UzNmYzZmI2NThlMDQzZTI3ZjE4Iiwic3RvcmFnZSI6InB1YmxpY19zdG9yZSJ9?signature=756b17fefe47174b90e7dbec8cd09db27f9f59f4994bc750b71256ae93ba9fa8",
            "productDescription": ""
        },
        "priceData": {
            "bestPrice": "2.00",
            "price": "2.00",
            "pricePerLitre": 6.0,
            "bestPricePerLitre": 6.0
        },
        "store": {
            "id": "5c6624262faaf35db50bbe03",
            "name": "Green Island"
        }
    },
    {
        "productData": {
            "name": "Live Plus Energy Drink Tart Apple Apple Flavour 500ml",
            "productId": "live-plus-ignite-500ml",
            "productShopPage": "https://greenisland.store.freshchoice.co.nz/lines/live-plus-ignite-500ml",
            "productImageURL": "https://dtgxwmigmg3gc.cloudfront.net/imagery/assets/derivations/icon/512/512/true/eyJpZCI6IjViOGViZjhmZTQzYjFlYTMzNDM5YjJjMjg3ZDRmY2YyIiwic3RvcmFnZSI6InB1YmxpY19zdG9yZSJ9?signature=140ae19352cd0dcec7e77f90fa4dfaa9fa17086439f730510afc5d906e1415bf",
            "productDescription": ""
        },
        "priceData": {
            "bestPrice": "2.00",
            "price": "2.00",
            "pricePerLitre": 6.0,
            "bestPricePerLitre": 6.0
        },
        "store": {
            "id": "5c6624262faaf35db50bbe03",
            "name": "Green Island"
        }
    },
    {
        "productData": {
            "name": "V Guarana Energy Drink Blue Sugarfree 250ml",
            "productId": "v-blue-sugarfree-energy-drink-250ml",
            "productShopPage": "https://greenisland.store.freshchoice.co.nz/lines/v-blue-sugarfree-energy-drink-250ml",
            "productImageURL": "https://dtgxwmigmg3gc.cloudfront.net/imagery/assets/derivations/icon/512/512/true/eyJpZCI6IjI3YWJiOTVhYjNhMjEwMDU2MWJhMmRhNTM3YjRhZjVmIiwic3RvcmFnZSI6InB1YmxpY19zdG9yZSJ9?signature=66769306ca1d0ba674603954d338186dc999f6d1839090d49fde9416b3252365",
            "productDescription": ""
        },
        "priceData": {
            "bestPrice": "2.20",
            "price": "2.20",
            "pricePerLitre": 8.8,
            "bestPricePerLitre": 8.8
        },
        "store": {
            "id": "5c6624262faaf35db50bbe03",
            "name": "Green Island"
        }
    },
    {
        "productData": {
            "name": "Live Plus Energy Drink Original Citrus Flavour 355ml",
            "productId": "live-plus-persist-glass-355ml",
            "productShopPage": "https://greenisland.store.freshchoice.co.nz/lines/live-plus-persist-glass-355ml",
            "productImageURL": "https://dtgxwmigmg3gc.cloudfront.net/imagery/assets/derivations/icon/512/512/true/eyJpZCI6ImYzMjZlMTdmMmI5ZGRjZGYzYmFmNzNiMWQzN2Y5NDI4Iiwic3RvcmFnZSI6InB1YmxpY19zdG9yZSJ9?signature=8fa31eb2b309e9c7a293ba2e7a7541e3cdc686b1d3f519044aa97c666ae5f630",
            "productDescription": ""
        },
        "priceData": {
            "bestPrice": "2.80",
            "price": "2.80",
            "pricePerLitre": 7.9,
            "bestPricePerLitre": 7.9
        },
        "store": {
            "id": "5c6624262faaf35db50bbe03",
            "name": "Green Island"
        }
    },
    {
        "productData": {
            "name": "Live Plus Energy Drink Original Citrus Flavour 6 x 250ml",
            "productId": "live-plus-persist-250ml-6pack",
            "productShopPage": "https://greenisland.store.freshchoice.co.nz/lines/live-plus-persist-250ml-6pack",
            "productImageURL": "https://dtgxwmigmg3gc.cloudfront.net/imagery/assets/derivations/icon/512/512/true/eyJpZCI6IjNmODNiNGI4MzI4MzJmNzhjZmJhNDA1OGUyZWFlM2ZhIiwic3RvcmFnZSI6InB1YmxpY19zdG9yZSJ9?signature=0257f943d0c41562773e51cbd42327ad911228832e33494e9c30381e20305337",
            "productDescription": ""
        },
        "priceData": {
            "bestPrice": "7.70",
            "price": "7.70",
            "pricePerLitre": 5.1,
            "bestPricePerLitre": 5.1
        },
        "store": {
            "id": "5c6624262faaf35db50bbe03",
            "name": "Green Island"
        }
    },
    {
        "productData": {
            "name": "Monster Energy Import 550ml",
            "productId": "monster-energy-import-550ml",
            "productShopPage": "https://merivale.store.freshchoice.co.nz/lines/monster-energy-import-550ml",
            "productImageURL": "https://dtgxwmigmg3gc.cloudfront.net/imagery/assets/derivations/icon/512/512/true/eyJpZCI6IjExYzliZTgxY2M3MTNjMDQzM2NmZGQ2ZWE1NjI3MTA0Iiwic3RvcmFnZSI6InB1YmxpY19zdG9yZSJ9?signature=e09322a0a00112a858095e689d2e825f79d154fd3e8577005948dde9d51afb47",
            "productDescription": ""
        },
        "priceData": {
            "bestPrice": "4.00",
            "price": "4.00",
            "pricePerLitre": 8.0,
            "bestPricePerLitre": 8.0
        },
        "store": {
            "id": "5e324545ec28664e1400e152",
            "name": "Merivale"
        }
    },
    {
        "productData": {
            "name": "Monster Energy Ultra Paradise 500ml",
            "productId": "monster-energy-drink-ultra-paradise-500ml",
            "productShopPage": "https://merivale.store.freshchoice.co.nz/lines/monster-energy-drink-ultra-paradise-500ml",
            "productImageURL": "https://dtgxwmigmg3gc.cloudfront.net/imagery/assets/derivations/icon/512/512/true/eyJpZCI6ImZiZDRkZTQxNzA0M2FiYTUyMjMwZWI0NTcyZGNmYTE1Iiwic3RvcmFnZSI6InB1YmxpY19zdG9yZSJ9?signature=8a439bf26b71114289dfea1720ed331b1e4784c534deade29db8ac38b1cc7c1a",
            "productDescription": ""
        },
        "priceData": {
            "bestPrice": "3.00",
            "price": "3.00",
            "pricePerLitre": 6.0,
            "bestPricePerLitre": 6.0
        },
        "store": {
            "id": "5e324545ec28664e1400e152",
            "name": "Merivale"
        }
    },
    {
        "productData": {
            "name": "Monster Energy Drink Ultra Rosa 500ml",
            "productId": "monster-energy-drink-ultra-rosa-500ml",
            "productShopPage": "https://merivale.store.freshchoice.co.nz/lines/monster-energy-drink-ultra-rosa-500ml",
            "productImageURL": "https://dtgxwmigmg3gc.cloudfront.net/imagery/assets/derivations/icon/512/512/true/eyJpZCI6IjZjYzFjMzcwYzM4Mzk4N2MyOTUzNWIyMTFjZTJlYjgxIiwic3RvcmFnZSI6InB1YmxpY19zdG9yZSJ9?signature=9cd08284785f9b24647ecc7d1dc08214d9d00318cc809bebdef1921d6b78bb95",
            "productDescription": ""
        },
        "priceData": {
            "bestPrice": "3.00",
            "price": "3.00",
            "pricePerLitre": 6.0,
            "bestPricePerLitre": 6.0
        },
        "store": {
            "id": "5e324545ec28664e1400e152",
            "name": "Merivale"
        }
    },
    {
        "productData": {
            "name": "Monster Energy Pipeline Punch 500ml",
            "productId": "monster-energy-p-line-pnch-500ml",
            "productShopPage": "https://merivale.store.freshchoice.co.nz/lines/monster-energy-p-line-pnch-500ml",
            "productImageURL": "https://dtgxwmigmg3gc.cloudfront.net/imagery/assets/derivations/icon/512/512/true/eyJpZCI6IjM3ZWY2OTY5OWFlNTJlZTRjNTY1ZmFmYWIwOTIxMjg4Iiwic3RvcmFnZSI6InB1YmxpY19zdG9yZSJ9?signature=79ed6699c35bd716a9d5d9457c39ce62c523edaa4059b6b45d4dcc7caf65cef9",
            "productDescription": ""
        },
        "priceData": {
            "bestPrice": "3.00",
            "price": "3.00",
            "pricePerLitre": 6.0,
            "bestPricePerLitre": 6.0
        },
        "store": {
            "id": "5e324545ec28664e1400e152",
            "name": "Merivale"
        }
    },
    {
        "productData": {
            "name": "Mother Energy Drink Cans 6x250ml",
            "productId": "mother-energy-drink-6x250ml-cans",
            "productShopPage": "https://merivale.store.freshchoice.co.nz/lines/mother-energy-drink-6x250ml-cans",
            "productImageURL": "https://dtgxwmigmg3gc.cloudfront.net/imagery/assets/derivations/icon/512/512/true/eyJpZCI6IjEyOGFhMmU0Y2VkYTU4ZWFkZmVhOWUwZjdlNTZhOTA4Iiwic3RvcmFnZSI6InB1YmxpY19zdG9yZSJ9?signature=5db1908f64527cf28fa7bf3266a83ab854a07ca50453511f7d414d8e6d5c10fb",
            "productDescription": ""
        },
        "priceData": {
            "bestPrice": "7.70",
            "price": "7.70",
            "pricePerLitre": 5.1,
            "bestPricePerLitre": 5.1
        },
        "store": {
            "id": "5e324545ec28664e1400e152",
            "name": "Merivale"
        }
    },
    {
        "productData": {
            "name": "Mother Energy Drink Passion 500ml",
            "productId": "mother-energy-drink-passion-500ml",
            "productShopPage": "https://merivale.store.freshchoice.co.nz/lines/mother-energy-drink-passion-500ml",
            "productImageURL": "https://dtgxwmigmg3gc.cloudfront.net/imagery/assets/derivations/icon/512/512/true/eyJpZCI6ImQwODE2YTc4ZjBmNGU4NTU5Mzg1YjkxZmI5YjIzZjM0Iiwic3RvcmFnZSI6InB1YmxpY19zdG9yZSJ9?signature=713c495fef96a6427b917f0c7c7e855a963749ac5c1bf7dfd71e24ae08ea3123",
            "productDescription": ""
        },
        "priceData": {
            "bestPrice": "2.00",
            "price": "2.00",
            "pricePerLitre": 4.0,
            "bestPricePerLitre": 4.0
        },
        "store": {
            "id": "5e324545ec28664e1400e152",
            "name": "Merivale"
        }
    },
    {
        "productData": {
            "name": "Mother Tropical Blast 500ml",
            "productId": "mother-tropical-blast-500ml",
            "productShopPage": "https://merivale.store.freshchoice.co.nz/lines/mother-tropical-blast-500ml",
            "productImageURL": "https://dtgxwmigmg3gc.cloudfront.net/imagery/assets/derivations/icon/512/512/true/eyJpZCI6ImEyZmM1OTUwNDhlODM5YTRhMjQ2MTI1OGEyYzNlZWZhIiwic3RvcmFnZSI6InB1YmxpY19zdG9yZSJ9?signature=6c9470ee4067e8ec32b58eeac9d628404d3986058a9b1cdef46014d1bee50944",
            "productDescription": ""
        },
        "priceData": {
            "bestPrice": "2.00",
            "price": "2.00",
            "pricePerLitre": 4.0,
            "bestPricePerLitre": 4.0
        },
        "store": {
            "id": "5e324545ec28664e1400e152",
            "name": "Merivale"
        }
    },
    {
        "productData": {
            "name": "Mother Epic Swell Energy Drink Twisted Apple 500ml",
            "productId": "mother-epic-swell-energy-drink-twisted-apple-500ml",
            "productShopPage": "https://merivale.store.freshchoice.co.nz/lines/mother-epic-swell-energy-drink-twisted-apple-500ml",
            "productImageURL": "https://dtgxwmigmg3gc.cloudfront.net/imagery/assets/derivations/icon/512/512/true/eyJpZCI6ImE2ZjYxOGNhNjUyYzMxNzRhNjg2MDBhMGVjZmQ3MmJkIiwic3RvcmFnZSI6InB1YmxpY19zdG9yZSJ9?signature=954f74f8aba0fb24cb2a5248b1e93fe8a62fb8c7f902abbb08b7aed24bc44c80",
            "productDescription": ""
        },
        "priceData": {
            "bestPrice": "2.00",
            "price": "2.00",
            "pricePerLitre": 4.0,
            "bestPricePerLitre": 4.0
        },
        "store": {
            "id": "5e324545ec28664e1400e152",
            "name": "Merivale"
        }
    },
    {
        "productData": {
            "name": "V Energy Drink Guarana 500ml",
            "productId": "v-energy-drink-guarana-500ml",
            "productShopPage": "https://merivale.store.freshchoice.co.nz/lines/v-energy-drink-guarana-500ml",
            "productImageURL": "https://dtgxwmigmg3gc.cloudfront.net/imagery/assets/derivations/icon/512/512/true/eyJpZCI6IjgzZDAxMjhiMzg4NmEwZmE4YTE2ZjY2NWIzNmM2NzI2Iiwic3RvcmFnZSI6InB1YmxpY19zdG9yZSJ9?signature=f55ecc561066291a4e74a967db35ea2355f881bd1708bf400fd790032384ae4f",
            "productDescription": ""
        },
        "priceData": {
            "bestPrice": "3.80",
            "price": "3.80",
            "pricePerLitre": 7.6,
            "bestPricePerLitre": 7.6
        },
        "store": {
            "id": "5e324545ec28664e1400e152",
            "name": "Merivale"
        }
    },
    {
        "productData": {
            "name": "V Energy Drink Sugarfree 500ml",
            "productId": "v-energy-drink-sugarfree-500ml",
            "productShopPage": "https://merivale.store.freshchoice.co.nz/lines/v-energy-drink-sugarfree-500ml",
            "productImageURL": "https://dtgxwmigmg3gc.cloudfront.net/imagery/assets/derivations/icon/512/512/true/eyJpZCI6ImVkZTAxNTNmMDI1NmU1NDZjNWQ5MTc3MjE3ZTQ3YTQ0Iiwic3RvcmFnZSI6InB1YmxpY19zdG9yZSJ9?signature=abcf72d9faa9ee3044eaa3b7ee0bf9b4fd8f582379018d8727f2234b7d3f3c85",
            "productDescription": ""
        },
        "priceData": {
            "bestPrice": "3.80",
            "price": "3.80",
            "pricePerLitre": 7.6,
            "bestPricePerLitre": 7.6
        },
        "store": {
            "id": "5e324545ec28664e1400e152",
            "name": "Merivale"
        }
    },
    {
        "productData": {
            "name": "V Blue Energy Drink Bottle 500ml",
            "productId": "v-blue-energy-drink-bottle-500ml",
            "productShopPage": "https://merivale.store.freshchoice.co.nz/lines/v-blue-energy-drink-bottle-500ml",
            "productImageURL": "https://dtgxwmigmg3gc.cloudfront.net/imagery/assets/derivations/icon/512/512/true/eyJpZCI6IjgyYWYxYWY4MGI4MzUxODhiYmVhZGVhM2U2NzY0MzI5Iiwic3RvcmFnZSI6InB1YmxpY19zdG9yZSJ9?signature=7e70fc576864a528a1431734d680cbf177a11b419a692dbfd34800c31b8944ec",
            "productDescription": ""
        },
        "priceData": {
            "bestPrice": "3.80",
            "price": "3.80",
            "pricePerLitre": 7.6,
            "bestPricePerLitre": 7.6
        },
        "store": {
            "id": "5e324545ec28664e1400e152",
            "name": "Merivale"
        }
    },
    {
        "productData": {
            "name": "V Blue Sugarfree Energy Drink 500ml",
            "productId": "v-blue-sugarfree-energy-drink-500ml",
            "productShopPage": "https://merivale.store.freshchoice.co.nz/lines/v-blue-sugarfree-energy-drink-500ml",
            "productImageURL": "https://dtgxwmigmg3gc.cloudfront.net/imagery/assets/derivations/icon/512/512/true/eyJpZCI6ImVmYjQyOWRmM2JjZjc3NTY1ZDIwMTEyNTY0MDdmZjA1Iiwic3RvcmFnZSI6InB1YmxpY19zdG9yZSJ9?signature=2911d59474d8305039a3be3bef0f887c38d9ab84596314b13cc4b150101175ab",
            "productDescription": ""
        },
        "priceData": {
            "bestPrice": "3.50",
            "price": "3.50",
            "pricePerLitre": 7.0,
            "bestPricePerLitre": 7.0
        },
        "store": {
            "id": "5e324545ec28664e1400e152",
            "name": "Merivale"
        }
    },
    {
        "productData": {
            "name": "V Raspberry Lemonade Energy Drink 4x275ml",
            "productId": "v-energy-drink-raspberry-lemonade-4-x-275ml-cans",
            "productShopPage": "https://merivale.store.freshchoice.co.nz/lines/v-energy-drink-raspberry-lemonade-4-x-275ml-cans",
            "productImageURL": "https://dtgxwmigmg3gc.cloudfront.net/imagery/assets/derivations/icon/512/512/true/eyJpZCI6IjQ2MzE5NTc1YTNlNDc2YWFlOWFmYzkzYjg5YTIzZmU3Iiwic3RvcmFnZSI6InB1YmxpY19zdG9yZSJ9?signature=9589191fe8e8372f03cc1eafaa844916cfe9f79df0af381c3fcba9ff575f2803",
            "productDescription": ""
        },
        "priceData": {
            "bestPrice": "9.39",
            "price": "9.39",
            "pricePerLitre": 8.5,
            "bestPricePerLitre": 8.5
        },
        "store": {
            "id": "5e324545ec28664e1400e152",
            "name": "Merivale"
        }
    },
    {
        "productData": {
            "name": "Monster Mule Ginger Brew 500ml",
            "productId": "monster-mule-ginger-brew-500ml",
            "productShopPage": "https://merivale.store.freshchoice.co.nz/lines/monster-mule-ginger-brew-500ml",
            "productImageURL": "https://dtgxwmigmg3gc.cloudfront.net/imagery/assets/derivations/icon/512/512/true/eyJpZCI6ImM1OTM5MTIyZTRlNmNhNzk0ODFlMDE4ZWVmMWE2Y2ZlIiwic3RvcmFnZSI6InB1YmxpY19zdG9yZSJ9?signature=5d11287f30ef58c148e37382d61c0d83097d5461683a9aa5dd9456941c1f32e5",
            "productDescription": ""
        },
        "priceData": {
            "bestPrice": "3.00",
            "price": "3.00",
            "pricePerLitre": 6.0,
            "bestPricePerLitre": 6.0
        },
        "store": {
            "id": "5e324545ec28664e1400e152",
            "name": "Merivale"
        }
    },
    {
        "productData": {
            "name": "Live Plus Energy Drink Ignite 500ml",
            "productId": "live-plus-ignite-500ml",
            "productShopPage": "https://merivale.store.freshchoice.co.nz/lines/live-plus-ignite-500ml",
            "productImageURL": "https://dtgxwmigmg3gc.cloudfront.net/imagery/assets/derivations/icon/512/512/true/eyJpZCI6IjFkZThlMTA5NjUyNTgxZDc2ZDhiOWIxNjljYmVlOWVlIiwic3RvcmFnZSI6InB1YmxpY19zdG9yZSJ9?signature=5f73a57660afbef58a992f8c1d00558e127ddc20b4879ea1a95f2f74f8de2c57",
            "productDescription": ""
        },
        "priceData": {
            "bestPrice": "2.00",
            "price": "2.00",
            "pricePerLitre": 4.0,
            "bestPricePerLitre": 4.0
        },
        "store": {
            "id": "5e324545ec28664e1400e152",
            "name": "Merivale"
        }
    },
    {
        "productData": {
            "name": "V Guarana Energy Drink Blue Sugarfree 250ml",
            "productId": "v-blue-sugarfree-energy-drink-250ml",
            "productShopPage": "https://merivale.store.freshchoice.co.nz/lines/v-blue-sugarfree-energy-drink-250ml",
            "productImageURL": "https://dtgxwmigmg3gc.cloudfront.net/imagery/assets/derivations/icon/512/512/true/eyJpZCI6IjI3YWJiOTVhYjNhMjEwMDU2MWJhMmRhNTM3YjRhZjVmIiwic3RvcmFnZSI6InB1YmxpY19zdG9yZSJ9?signature=66769306ca1d0ba674603954d338186dc999f6d1839090d49fde9416b3252365",
            "productDescription": ""
        },
        "priceData": {
            "bestPrice": "2.20",
            "price": "2.20",
            "pricePerLitre": 8.8,
            "bestPricePerLitre": 8.8
        },
        "store": {
            "id": "5e324545ec28664e1400e152",
            "name": "Merivale"
        }
    },
    {
        "productData": {
            "name": "Live Plus Energy Drink Original Citrus Flavour 6 x 250ml",
            "productId": "live-plus-persist-250ml-6pack",
            "productShopPage": "https://merivale.store.freshchoice.co.nz/lines/live-plus-persist-250ml-6pack",
            "productImageURL": "https://dtgxwmigmg3gc.cloudfront.net/imagery/assets/derivations/icon/512/512/true/eyJpZCI6IjNmODNiNGI4MzI4MzJmNzhjZmJhNDA1OGUyZWFlM2ZhIiwic3RvcmFnZSI6InB1YmxpY19zdG9yZSJ9?signature=0257f943d0c41562773e51cbd42327ad911228832e33494e9c30381e20305337",
            "productDescription": ""
        },
        "priceData": {
            "bestPrice": "7.70",
            "price": "7.70",
            "pricePerLitre": 5.1,
            "bestPricePerLitre": 5.1
        },
        "store": {
            "id": "5e324545ec28664e1400e152",
            "name": "Merivale"
        }
    },
    {
        "productData": {
            "name": "Live Plus Live+ Ignite Energy Drink 6 x 250ml Cans",
            "productId": "live-plus-live-ignite-energy-drink-6x250ml-cans",
            "productShopPage": "https://merivale.store.freshchoice.co.nz/lines/live-plus-live-ignite-energy-drink-6x250ml-cans",
            "productImageURL": "https://dtgxwmigmg3gc.cloudfront.net/imagery/assets/derivations/icon/512/512/true/eyJpZCI6Ijk5ZTU3ZDdlN2RjYzc0ZmZlOWY0NGQxMDdkYTI5ZDI5Iiwic3RvcmFnZSI6InB1YmxpY19zdG9yZSJ9?signature=16b8b1fb6c1dbc73b4d1f0110b7542a3259cd273e9b6adea8e6570f5158d8342",
            "productDescription": ""
        },
        "priceData": {
            "bestPrice": "6.00",
            "price": "6.00",
            "pricePerLitre": 4.0,
            "bestPricePerLitre": 4.0
        },
        "store": {
            "id": "5e324545ec28664e1400e152",
            "name": "Merivale"
        }
    },
    {
        "productData": {
            "name": "Monster Energy Drink Ultra Rosa 500ml",
            "productId": "monster-energy-drink-ultra-rosa-500ml",
            "productShopPage": "https://nelsoncity.store.freshchoice.co.nz/lines/monster-energy-drink-ultra-rosa-500ml",
            "productImageURL": "https://dtgxwmigmg3gc.cloudfront.net/imagery/assets/derivations/icon/512/512/true/eyJpZCI6IjZjYzFjMzcwYzM4Mzk4N2MyOTUzNWIyMTFjZTJlYjgxIiwic3RvcmFnZSI6InB1YmxpY19zdG9yZSJ9?signature=9cd08284785f9b24647ecc7d1dc08214d9d00318cc809bebdef1921d6b78bb95",
            "productDescription": ""
        },
        "priceData": {
            "bestPrice": "3.00",
            "price": "3.00",
            "pricePerLitre": 6.0,
            "bestPricePerLitre": 6.0
        },
        "store": {
            "id": "5cf09fe9f068ca26b6037660",
            "name": "Nelson City"
        }
    },
    {
        "productData": {
            "name": "Monster Energy Pipeline Punch 500ml",
            "productId": "monster-energy-p-line-pnch-500ml",
            "productShopPage": "https://nelsoncity.store.freshchoice.co.nz/lines/monster-energy-p-line-pnch-500ml",
            "productImageURL": "https://dtgxwmigmg3gc.cloudfront.net/imagery/assets/derivations/icon/512/512/true/eyJpZCI6IjM3ZWY2OTY5OWFlNTJlZTRjNTY1ZmFmYWIwOTIxMjg4Iiwic3RvcmFnZSI6InB1YmxpY19zdG9yZSJ9?signature=79ed6699c35bd716a9d5d9457c39ce62c523edaa4059b6b45d4dcc7caf65cef9",
            "productDescription": ""
        },
        "priceData": {
            "bestPrice": "3.00",
            "price": "3.00",
            "pricePerLitre": 6.0,
            "bestPricePerLitre": 6.0
        },
        "store": {
            "id": "5cf09fe9f068ca26b6037660",
            "name": "Nelson City"
        }
    },
    {
        "productData": {
            "name": "Mother Tropical Blast 500ml",
            "productId": "mother-tropical-blast-500ml",
            "productShopPage": "https://nelsoncity.store.freshchoice.co.nz/lines/mother-tropical-blast-500ml",
            "productImageURL": "https://dtgxwmigmg3gc.cloudfront.net/imagery/assets/derivations/icon/512/512/true/eyJpZCI6ImEyZmM1OTUwNDhlODM5YTRhMjQ2MTI1OGEyYzNlZWZhIiwic3RvcmFnZSI6InB1YmxpY19zdG9yZSJ9?signature=6c9470ee4067e8ec32b58eeac9d628404d3986058a9b1cdef46014d1bee50944",
            "productDescription": ""
        },
        "priceData": {
            "bestPrice": "2.00",
            "price": "2.00",
            "pricePerLitre": 6.0,
            "bestPricePerLitre": 6.0
        },
        "store": {
            "id": "5cf09fe9f068ca26b6037660",
            "name": "Nelson City"
        }
    },
    {
        "productData": {
            "name": "Mother Epic Swell Energy Drink Twisted Apple 500ml",
            "productId": "mother-epic-swell-energy-drink-twisted-apple-500ml",
            "productShopPage": "https://nelsoncity.store.freshchoice.co.nz/lines/mother-epic-swell-energy-drink-twisted-apple-500ml",
            "productImageURL": "https://dtgxwmigmg3gc.cloudfront.net/imagery/assets/derivations/icon/512/512/true/eyJpZCI6ImE2ZjYxOGNhNjUyYzMxNzRhNjg2MDBhMGVjZmQ3MmJkIiwic3RvcmFnZSI6InB1YmxpY19zdG9yZSJ9?signature=954f74f8aba0fb24cb2a5248b1e93fe8a62fb8c7f902abbb08b7aed24bc44c80",
            "productDescription": ""
        },
        "priceData": {
            "bestPrice": "2.00",
            "price": "2.00",
            "pricePerLitre": 6.0,
            "bestPricePerLitre": 6.0
        },
        "store": {
            "id": "5cf09fe9f068ca26b6037660",
            "name": "Nelson City"
        }
    },
    {
        "productData": {
            "name": "V Blue Energy Drink Bottle 500ml",
            "productId": "v-blue-energy-drink-bottle-500ml",
            "productShopPage": "https://nelsoncity.store.freshchoice.co.nz/lines/v-blue-energy-drink-bottle-500ml",
            "productImageURL": "https://dtgxwmigmg3gc.cloudfront.net/imagery/assets/derivations/icon/512/512/true/eyJpZCI6IjgyYWYxYWY4MGI4MzUxODhiYmVhZGVhM2U2NzY0MzI5Iiwic3RvcmFnZSI6InB1YmxpY19zdG9yZSJ9?signature=7e70fc576864a528a1431734d680cbf177a11b419a692dbfd34800c31b8944ec",
            "productDescription": ""
        },
        "priceData": {
            "bestPrice": "3.80",
            "price": "3.80",
            "pricePerLitre": 7.6,
            "bestPricePerLitre": 7.6
        },
        "store": {
            "id": "5cf09fe9f068ca26b6037660",
            "name": "Nelson City"
        }
    },
    {
        "productData": {
            "name": "V Blue Sugarfree Energy Drink 500ml",
            "productId": "v-blue-sugarfree-energy-drink-500ml",
            "productShopPage": "https://nelsoncity.store.freshchoice.co.nz/lines/v-blue-sugarfree-energy-drink-500ml",
            "productImageURL": "https://dtgxwmigmg3gc.cloudfront.net/imagery/assets/derivations/icon/512/512/true/eyJpZCI6ImVmYjQyOWRmM2JjZjc3NTY1ZDIwMTEyNTY0MDdmZjA1Iiwic3RvcmFnZSI6InB1YmxpY19zdG9yZSJ9?signature=2911d59474d8305039a3be3bef0f887c38d9ab84596314b13cc4b150101175ab",
            "productDescription": ""
        },
        "priceData": {
            "bestPrice": "3.50",
            "price": "3.50",
            "pricePerLitre": 7.0,
            "bestPricePerLitre": 7.0
        },
        "store": {
            "id": "5cf09fe9f068ca26b6037660",
            "name": "Nelson City"
        }
    },
    {
        "productData": {
            "name": "V Raspberry Lemonade Energy Drink 500ml",
            "productId": "v-energy-drink-raspberry-lemonade-500ml-can",
            "productShopPage": "https://nelsoncity.store.freshchoice.co.nz/lines/v-energy-drink-raspberry-lemonade-500ml-can",
            "productImageURL": "https://dtgxwmigmg3gc.cloudfront.net/imagery/assets/derivations/icon/512/512/true/eyJpZCI6ImE3N2Y5NzBmY2FhOWZhYmZiOTc3MmYyMzE4MGRiOTcxIiwic3RvcmFnZSI6InB1YmxpY19zdG9yZSJ9?signature=2bb7890fe6d7b0c0c6a522be31c78077be0aa570ca4c8aa5549ccf80761262dc",
            "productDescription": ""
        },
        "priceData": {
            "bestPrice": "3.50",
            "price": "3.50",
            "pricePerLitre": 7.0,
            "bestPricePerLitre": 7.0
        },
        "store": {
            "id": "5cf09fe9f068ca26b6037660",
            "name": "Nelson City"
        }
    },
    {
        "productData": {
            "name": "V Blue Energy Drink Blue Guarana Can 250ml",
            "productId": "v-blue-energy-drink-blue-guarana-can-250ml",
            "productShopPage": "https://nelsoncity.store.freshchoice.co.nz/lines/v-blue-energy-drink-blue-guarana-can-250ml",
            "productImageURL": "https://dtgxwmigmg3gc.cloudfront.net/imagery/assets/derivations/icon/512/512/true/eyJpZCI6IjBmZjQwNDEyZWQ2ZDk4YTg3YWQ2ZDUyMWZlNjM1YzJkIiwic3RvcmFnZSI6InB1YmxpY19zdG9yZSJ9?signature=8f745abe5614ec47b3d7a07f1a34ba529184a87b2a696211ba5a0f9f29c86bf0",
            "productDescription": ""
        },
        "priceData": {
            "bestPrice": "2.20",
            "price": "2.20",
            "pricePerLitre": 8.8,
            "bestPricePerLitre": 8.8
        },
        "store": {
            "id": "5cf09fe9f068ca26b6037660",
            "name": "Nelson City"
        }
    },
    {
        "productData": {
            "name": "V Guarana Energy Drink Blue Sugarfree 250ml",
            "productId": "v-blue-sugarfree-energy-drink-250ml",
            "productShopPage": "https://nelsoncity.store.freshchoice.co.nz/lines/v-blue-sugarfree-energy-drink-250ml",
            "productImageURL": "https://dtgxwmigmg3gc.cloudfront.net/imagery/assets/derivations/icon/512/512/true/eyJpZCI6IjI3YWJiOTVhYjNhMjEwMDU2MWJhMmRhNTM3YjRhZjVmIiwic3RvcmFnZSI6InB1YmxpY19zdG9yZSJ9?signature=66769306ca1d0ba674603954d338186dc999f6d1839090d49fde9416b3252365",
            "productDescription": ""
        },
        "priceData": {
            "bestPrice": "2.20",
            "price": "2.20",
            "pricePerLitre": 8.8,
            "bestPricePerLitre": 8.8
        },
        "store": {
            "id": "5cf09fe9f068ca26b6037660",
            "name": "Nelson City"
        }
    },
    {
        "productData": {
            "name": "Live Plus Energy Drink Persist 250ml 6 Pack",
            "productId": "live-plus-persist-250ml-6pack",
            "productShopPage": "https://nelsoncity.store.freshchoice.co.nz/lines/live-plus-persist-250ml-6pack",
            "productImageURL": "https://dtgxwmigmg3gc.cloudfront.net/imagery/assets/derivations/icon/512/512/true/eyJpZCI6ImQwMmNjYjNlNjlmNDVkMjU4MTZlOGViNWViYmNjZWUxIiwic3RvcmFnZSI6InB1YmxpY19zdG9yZSJ9?signature=db18f15f0c2b69cd1dfd8176e2b50175beb452ac90bff043b5767ec884897692",
            "productDescription": ""
        },
        "priceData": {
            "bestPrice": "7.70",
            "price": "7.70",
            "pricePerLitre": 5.1,
            "bestPricePerLitre": 5.1
        },
        "store": {
            "id": "5cf09fe9f068ca26b6037660",
            "name": "Nelson City"
        }
    },
    {
        "productData": {
            "name": "Monster Energy Drink Ultra Rosa 500ml",
            "productId": "monster-energy-drink-ultra-rosa-500ml",
            "productShopPage": "https://parklands.store.freshchoice.co.nz/lines/monster-energy-drink-ultra-rosa-500ml",
            "productImageURL": "https://dtgxwmigmg3gc.cloudfront.net/imagery/assets/derivations/icon/512/512/true/eyJpZCI6IjZjYzFjMzcwYzM4Mzk4N2MyOTUzNWIyMTFjZTJlYjgxIiwic3RvcmFnZSI6InB1YmxpY19zdG9yZSJ9?signature=9cd08284785f9b24647ecc7d1dc08214d9d00318cc809bebdef1921d6b78bb95",
            "productDescription": ""
        },
        "priceData": {
            "bestPrice": "3.00",
            "price": "3.00",
            "pricePerLitre": 6.0,
            "bestPricePerLitre": 6.0
        },
        "store": {
            "id": "58ae41d552ba0b1c8c00543e",
            "name": "Parklands"
        }
    },
    {
        "productData": {
            "name": "Monster Energy Pipeline Punch 500ml",
            "productId": "monster-energy-p-line-pnch-500ml",
            "productShopPage": "https://parklands.store.freshchoice.co.nz/lines/monster-energy-p-line-pnch-500ml",
            "productImageURL": "https://dtgxwmigmg3gc.cloudfront.net/imagery/assets/derivations/icon/512/512/true/eyJpZCI6IjM3ZWY2OTY5OWFlNTJlZTRjNTY1ZmFmYWIwOTIxMjg4Iiwic3RvcmFnZSI6InB1YmxpY19zdG9yZSJ9?signature=79ed6699c35bd716a9d5d9457c39ce62c523edaa4059b6b45d4dcc7caf65cef9",
            "productDescription": ""
        },
        "priceData": {
            "bestPrice": "3.00",
            "price": "3.00",
            "pricePerLitre": 6.0,
            "bestPricePerLitre": 6.0
        },
        "store": {
            "id": "58ae41d552ba0b1c8c00543e",
            "name": "Parklands"
        }
    },
    {
        "productData": {
            "name": "Mother Energy Drink Passion 500ml",
            "productId": "mother-energy-drink-passion-500ml",
            "productShopPage": "https://parklands.store.freshchoice.co.nz/lines/mother-energy-drink-passion-500ml",
            "productImageURL": "https://dtgxwmigmg3gc.cloudfront.net/imagery/assets/derivations/icon/512/512/true/eyJpZCI6ImQwODE2YTc4ZjBmNGU4NTU5Mzg1YjkxZmI5YjIzZjM0Iiwic3RvcmFnZSI6InB1YmxpY19zdG9yZSJ9?signature=713c495fef96a6427b917f0c7c7e855a963749ac5c1bf7dfd71e24ae08ea3123",
            "productDescription": ""
        },
        "priceData": {
            "bestPrice": "2.00",
            "price": "2.00",
            "pricePerLitre": 4.0,
            "bestPricePerLitre": 4.0
        },
        "store": {
            "id": "58ae41d552ba0b1c8c00543e",
            "name": "Parklands"
        }
    },
    {
        "productData": {
            "name": "Mother Tropical Blast 500ml",
            "productId": "mother-tropical-blast-500ml",
            "productShopPage": "https://parklands.store.freshchoice.co.nz/lines/mother-tropical-blast-500ml",
            "productImageURL": "https://dtgxwmigmg3gc.cloudfront.net/imagery/assets/derivations/icon/512/512/true/eyJpZCI6ImEyZmM1OTUwNDhlODM5YTRhMjQ2MTI1OGEyYzNlZWZhIiwic3RvcmFnZSI6InB1YmxpY19zdG9yZSJ9?signature=6c9470ee4067e8ec32b58eeac9d628404d3986058a9b1cdef46014d1bee50944",
            "productDescription": ""
        },
        "priceData": {
            "bestPrice": "2.00",
            "price": "2.00",
            "pricePerLitre": 4.0,
            "bestPricePerLitre": 4.0
        },
        "store": {
            "id": "58ae41d552ba0b1c8c00543e",
            "name": "Parklands"
        }
    },
    {
        "productData": {
            "name": "Mother Epic Swell Energy Drink Twisted Apple 500ml",
            "productId": "mother-epic-swell-energy-drink-twisted-apple-500ml",
            "productShopPage": "https://parklands.store.freshchoice.co.nz/lines/mother-epic-swell-energy-drink-twisted-apple-500ml",
            "productImageURL": "https://dtgxwmigmg3gc.cloudfront.net/imagery/assets/derivations/icon/512/512/true/eyJpZCI6ImE2ZjYxOGNhNjUyYzMxNzRhNjg2MDBhMGVjZmQ3MmJkIiwic3RvcmFnZSI6InB1YmxpY19zdG9yZSJ9?signature=954f74f8aba0fb24cb2a5248b1e93fe8a62fb8c7f902abbb08b7aed24bc44c80",
            "productDescription": ""
        },
        "priceData": {
            "bestPrice": "2.00",
            "price": "2.00",
            "pricePerLitre": 4.0,
            "bestPricePerLitre": 4.0
        },
        "store": {
            "id": "58ae41d552ba0b1c8c00543e",
            "name": "Parklands"
        }
    },
    {
        "productData": {
            "name": "V Blue Sugarfree Energy Drink 500ml",
            "productId": "v-blue-sugarfree-energy-drink-500ml",
            "productShopPage": "https://parklands.store.freshchoice.co.nz/lines/v-blue-sugarfree-energy-drink-500ml",
            "productImageURL": "https://dtgxwmigmg3gc.cloudfront.net/imagery/assets/derivations/icon/512/512/true/eyJpZCI6ImVmYjQyOWRmM2JjZjc3NTY1ZDIwMTEyNTY0MDdmZjA1Iiwic3RvcmFnZSI6InB1YmxpY19zdG9yZSJ9?signature=2911d59474d8305039a3be3bef0f887c38d9ab84596314b13cc4b150101175ab",
            "productDescription": ""
        },
        "priceData": {
            "bestPrice": "3.50",
            "price": "3.50",
            "pricePerLitre": 7.0,
            "bestPricePerLitre": 7.0
        },
        "store": {
            "id": "58ae41d552ba0b1c8c00543e",
            "name": "Parklands"
        }
    },
    {
        "productData": {
            "name": "V Pure Energy Drink Bottle 330ml",
            "productId": "v-pure-330ml-bottle",
            "productShopPage": "https://parklands.store.freshchoice.co.nz/lines/v-pure-330ml-bottle",
            "productImageURL": "https://dtgxwmigmg3gc.cloudfront.net/imagery/assets/derivations/icon/512/512/true/eyJpZCI6ImFjZmFlNGE1MmQ1ZmNhOTVhN2IyNzdhOGQ3ZTBjNTY0Iiwic3RvcmFnZSI6InB1YmxpY19zdG9yZSJ9?signature=ff03797de044ef70d02854192249a79b3cd819353c7171ef7358378e76bfc089",
            "productDescription": ""
        },
        "priceData": {
            "bestPrice": "3.50",
            "price": "3.50",
            "pricePerLitre": 10.600000000000001,
            "bestPricePerLitre": 10.600000000000001
        },
        "store": {
            "id": "58ae41d552ba0b1c8c00543e",
            "name": "Parklands"
        }
    },
    {
        "productData": {
            "name": "Monster Mule Ginger Brew 500ml",
            "productId": "monster-mule-ginger-brew-500ml",
            "productShopPage": "https://parklands.store.freshchoice.co.nz/lines/monster-mule-ginger-brew-500ml",
            "productImageURL": "https://dtgxwmigmg3gc.cloudfront.net/imagery/assets/derivations/icon/512/512/true/eyJpZCI6ImM1OTM5MTIyZTRlNmNhNzk0ODFlMDE4ZWVmMWE2Y2ZlIiwic3RvcmFnZSI6InB1YmxpY19zdG9yZSJ9?signature=5d11287f30ef58c148e37382d61c0d83097d5461683a9aa5dd9456941c1f32e5",
            "productDescription": ""
        },
        "priceData": {
            "bestPrice": "3.00",
            "price": "3.00",
            "pricePerLitre": 6.0,
            "bestPricePerLitre": 6.0
        },
        "store": {
            "id": "58ae41d552ba0b1c8c00543e",
            "name": "Parklands"
        }
    },
    {
        "productData": {
            "name": "V Guarana Energy Drink Blue Sugarfree 250ml",
            "productId": "v-blue-sugarfree-energy-drink-250ml",
            "productShopPage": "https://parklands.store.freshchoice.co.nz/lines/v-blue-sugarfree-energy-drink-250ml",
            "productImageURL": "https://dtgxwmigmg3gc.cloudfront.net/imagery/assets/derivations/icon/512/512/true/eyJpZCI6IjI3YWJiOTVhYjNhMjEwMDU2MWJhMmRhNTM3YjRhZjVmIiwic3RvcmFnZSI6InB1YmxpY19zdG9yZSJ9?signature=66769306ca1d0ba674603954d338186dc999f6d1839090d49fde9416b3252365",
            "productDescription": ""
        },
        "priceData": {
            "bestPrice": "2.20",
            "price": "2.20",
            "pricePerLitre": 8.8,
            "bestPricePerLitre": 8.8
        },
        "store": {
            "id": "58ae41d552ba0b1c8c00543e",
            "name": "Parklands"
        }
    },
    {
        "productData": {
            "name": "Monster Energy Ultra Paradise 500ml",
            "productId": "monster-energy-drink-ultra-paradise-500ml",
            "productShopPage": "https://picton.store.freshchoice.co.nz/lines/monster-energy-drink-ultra-paradise-500ml",
            "productImageURL": "https://dtgxwmigmg3gc.cloudfront.net/imagery/assets/derivations/icon/512/512/true/eyJpZCI6ImZiZDRkZTQxNzA0M2FiYTUyMjMwZWI0NTcyZGNmYTE1Iiwic3RvcmFnZSI6InB1YmxpY19zdG9yZSJ9?signature=8a439bf26b71114289dfea1720ed331b1e4784c534deade29db8ac38b1cc7c1a",
            "productDescription": ""
        },
        "priceData": {
            "bestPrice": "3.00",
            "price": "3.00",
            "pricePerLitre": 6.0,
            "bestPricePerLitre": 6.0
        },
        "store": {
            "id": "5c9d598442cdd70547033cba",
            "name": "Picton"
        }
    },
    {
        "productData": {
            "name": "Monster Energy Green 500ml",
            "productId": "monster-energy-green-500ml",
            "productShopPage": "https://picton.store.freshchoice.co.nz/lines/monster-energy-green-500ml",
            "productImageURL": "https://dtgxwmigmg3gc.cloudfront.net/imagery/assets/derivations/icon/512/512/true/eyJpZCI6ImU3ZjNiNjJiNzI4Y2M0MTIxMjhiNjQ2ZmQ2OTQzMGEzIiwic3RvcmFnZSI6InB1YmxpY19zdG9yZSJ9?signature=637eac56411f57a79f345ea693f1418330d5742c3a04caddb460696dba06da06",
            "productDescription": ""
        },
        "priceData": {
            "bestPrice": "3.00",
            "price": "3.00",
            "pricePerLitre": 6.0,
            "bestPricePerLitre": 6.0
        },
        "store": {
            "id": "5c9d598442cdd70547033cba",
            "name": "Picton"
        }
    },
    {
        "productData": {
            "name": "Monster Energy Drink Ultra Rosa 500ml",
            "productId": "monster-energy-drink-ultra-rosa-500ml",
            "productShopPage": "https://picton.store.freshchoice.co.nz/lines/monster-energy-drink-ultra-rosa-500ml",
            "productImageURL": "https://dtgxwmigmg3gc.cloudfront.net/imagery/assets/derivations/icon/512/512/true/eyJpZCI6IjZjYzFjMzcwYzM4Mzk4N2MyOTUzNWIyMTFjZTJlYjgxIiwic3RvcmFnZSI6InB1YmxpY19zdG9yZSJ9?signature=9cd08284785f9b24647ecc7d1dc08214d9d00318cc809bebdef1921d6b78bb95",
            "productDescription": ""
        },
        "priceData": {
            "bestPrice": "3.00",
            "price": "3.00",
            "pricePerLitre": 6.0,
            "bestPricePerLitre": 6.0
        },
        "store": {
            "id": "5c9d598442cdd70547033cba",
            "name": "Picton"
        }
    },
    {
        "productData": {
            "name": "Mother Energy Drink Berry 500ml",
            "productId": "mother-energy-drink-berry-500ml",
            "productShopPage": "https://picton.store.freshchoice.co.nz/lines/mother-energy-drink-berry-500ml",
            "productImageURL": "https://dtgxwmigmg3gc.cloudfront.net/imagery/assets/derivations/icon/512/512/true/eyJpZCI6ImRhYTJlNjUzNzRjZjViNjI0ZDljNzUzNDA3YmE0ZDFkIiwic3RvcmFnZSI6InB1YmxpY19zdG9yZSJ9?signature=d9ffb465d71d599811c2ff7a788845bfe297eb3624ad7866a89cf0b3ece073f0",
            "productDescription": ""
        },
        "priceData": {
            "bestPrice": "2.00",
            "price": "2.00",
            "pricePerLitre": 6.0,
            "bestPricePerLitre": 6.0
        },
        "store": {
            "id": "5c9d598442cdd70547033cba",
            "name": "Picton"
        }
    },
    {
        "productData": {
            "name": "Mother Energy Drink Black 500ml",
            "productId": "mother-energy-drink-black-500ml",
            "productShopPage": "https://picton.store.freshchoice.co.nz/lines/mother-energy-drink-black-500ml",
            "productImageURL": "https://dtgxwmigmg3gc.cloudfront.net/imagery/assets/derivations/icon/512/512/true/eyJpZCI6ImYyMzA5MjhkYjg3ODFhYmYzZDU3ZjE1YjNmYzU2MWFjIiwic3RvcmFnZSI6InB1YmxpY19zdG9yZSJ9?signature=d3dbddb83d3d457075cd5d8936bef0c5b48fce4fa3fe725995d8b6d57219ceb5",
            "productDescription": ""
        },
        "priceData": {
            "bestPrice": "2.00",
            "price": "2.00",
            "pricePerLitre": 6.0,
            "bestPricePerLitre": 6.0
        },
        "store": {
            "id": "5c9d598442cdd70547033cba",
            "name": "Picton"
        }
    },
    {
        "productData": {
            "name": "Mother Energy Drink Cans 6x250ml",
            "productId": "mother-energy-drink-6x250ml-cans",
            "productShopPage": "https://picton.store.freshchoice.co.nz/lines/mother-energy-drink-6x250ml-cans",
            "productImageURL": "https://dtgxwmigmg3gc.cloudfront.net/imagery/assets/derivations/icon/512/512/true/eyJpZCI6IjEyOGFhMmU0Y2VkYTU4ZWFkZmVhOWUwZjdlNTZhOTA4Iiwic3RvcmFnZSI6InB1YmxpY19zdG9yZSJ9?signature=5db1908f64527cf28fa7bf3266a83ab854a07ca50453511f7d414d8e6d5c10fb",
            "productDescription": ""
        },
        "priceData": {
            "bestPrice": "7.70",
            "price": "7.70",
            "pricePerLitre": 5.1,
            "bestPricePerLitre": 5.1
        },
        "store": {
            "id": "5c9d598442cdd70547033cba",
            "name": "Picton"
        }
    },
    {
        "productData": {
            "name": "Mother Energy Drink Passion 500ml",
            "productId": "mother-energy-drink-passion-500ml",
            "productShopPage": "https://picton.store.freshchoice.co.nz/lines/mother-energy-drink-passion-500ml",
            "productImageURL": "https://dtgxwmigmg3gc.cloudfront.net/imagery/assets/derivations/icon/512/512/true/eyJpZCI6ImQwODE2YTc4ZjBmNGU4NTU5Mzg1YjkxZmI5YjIzZjM0Iiwic3RvcmFnZSI6InB1YmxpY19zdG9yZSJ9?signature=713c495fef96a6427b917f0c7c7e855a963749ac5c1bf7dfd71e24ae08ea3123",
            "productDescription": ""
        },
        "priceData": {
            "bestPrice": "2.00",
            "price": "2.00",
            "pricePerLitre": 6.0,
            "bestPricePerLitre": 6.0
        },
        "store": {
            "id": "5c9d598442cdd70547033cba",
            "name": "Picton"
        }
    },
    {
        "productData": {
            "name": "Mother Tropical Blast 500ml",
            "productId": "mother-tropical-blast-500ml",
            "productShopPage": "https://picton.store.freshchoice.co.nz/lines/mother-tropical-blast-500ml",
            "productImageURL": "https://dtgxwmigmg3gc.cloudfront.net/imagery/assets/derivations/icon/512/512/true/eyJpZCI6ImEyZmM1OTUwNDhlODM5YTRhMjQ2MTI1OGEyYzNlZWZhIiwic3RvcmFnZSI6InB1YmxpY19zdG9yZSJ9?signature=6c9470ee4067e8ec32b58eeac9d628404d3986058a9b1cdef46014d1bee50944",
            "productDescription": ""
        },
        "priceData": {
            "bestPrice": "2.00",
            "price": "2.00",
            "pricePerLitre": 6.0,
            "bestPricePerLitre": 6.0
        },
        "store": {
            "id": "5c9d598442cdd70547033cba",
            "name": "Picton"
        }
    },
    {
        "productData": {
            "name": "Mother Epic Swell Energy Drink Twisted Apple 500ml",
            "productId": "mother-epic-swell-energy-drink-twisted-apple-500ml",
            "productShopPage": "https://picton.store.freshchoice.co.nz/lines/mother-epic-swell-energy-drink-twisted-apple-500ml",
            "productImageURL": "https://dtgxwmigmg3gc.cloudfront.net/imagery/assets/derivations/icon/512/512/true/eyJpZCI6ImE2ZjYxOGNhNjUyYzMxNzRhNjg2MDBhMGVjZmQ3MmJkIiwic3RvcmFnZSI6InB1YmxpY19zdG9yZSJ9?signature=954f74f8aba0fb24cb2a5248b1e93fe8a62fb8c7f902abbb08b7aed24bc44c80",
            "productDescription": ""
        },
        "priceData": {
            "bestPrice": "2.00",
            "price": "2.00",
            "pricePerLitre": 6.0,
            "bestPricePerLitre": 6.0
        },
        "store": {
            "id": "5c9d598442cdd70547033cba",
            "name": "Picton"
        }
    },
    {
        "productData": {
            "name": "V Energy Drink Guarana 500ml",
            "productId": "v-energy-drink-guarana-500ml",
            "productShopPage": "https://picton.store.freshchoice.co.nz/lines/v-energy-drink-guarana-500ml",
            "productImageURL": "https://dtgxwmigmg3gc.cloudfront.net/imagery/assets/derivations/icon/512/512/true/eyJpZCI6IjgzZDAxMjhiMzg4NmEwZmE4YTE2ZjY2NWIzNmM2NzI2Iiwic3RvcmFnZSI6InB1YmxpY19zdG9yZSJ9?signature=f55ecc561066291a4e74a967db35ea2355f881bd1708bf400fd790032384ae4f",
            "productDescription": ""
        },
        "priceData": {
            "bestPrice": "3.80",
            "price": "3.80",
            "pricePerLitre": 7.6,
            "bestPricePerLitre": 7.6
        },
        "store": {
            "id": "5c9d598442cdd70547033cba",
            "name": "Picton"
        }
    },
    {
        "productData": {
            "name": "V Energy Drink Sugarfree 500ml",
            "productId": "v-energy-drink-sugarfree-500ml",
            "productShopPage": "https://picton.store.freshchoice.co.nz/lines/v-energy-drink-sugarfree-500ml",
            "productImageURL": "https://dtgxwmigmg3gc.cloudfront.net/imagery/assets/derivations/icon/512/512/true/eyJpZCI6ImVkZTAxNTNmMDI1NmU1NDZjNWQ5MTc3MjE3ZTQ3YTQ0Iiwic3RvcmFnZSI6InB1YmxpY19zdG9yZSJ9?signature=abcf72d9faa9ee3044eaa3b7ee0bf9b4fd8f582379018d8727f2234b7d3f3c85",
            "productDescription": ""
        },
        "priceData": {
            "bestPrice": "3.80",
            "price": "3.80",
            "pricePerLitre": 7.6,
            "bestPricePerLitre": 7.6
        },
        "store": {
            "id": "5c9d598442cdd70547033cba",
            "name": "Picton"
        }
    },
    {
        "productData": {
            "name": "V Energy Drink Blue Guarana Spritzed 350ml",
            "productId": "v-blue-energy-drink-blue-guarana-spritzed-350ml",
            "productShopPage": "https://picton.store.freshchoice.co.nz/lines/v-blue-energy-drink-blue-guarana-spritzed-350ml",
            "productImageURL": "https://dtgxwmigmg3gc.cloudfront.net/imagery/assets/derivations/icon/512/512/true/eyJpZCI6ImY2OTRlZGI4NjdlNWMzZDM5NzgzMDQ0ODFkMzUxZGZiIiwic3RvcmFnZSI6InB1YmxpY19zdG9yZSJ9?signature=591b3079cb9c2407a29b3bc348eaf42dc1d34daba5c9d7aba65be654725b6719",
            "productDescription": ""
        },
        "priceData": {
            "bestPrice": "2.30",
            "price": "2.30",
            "pricePerLitre": 10.0,
            "bestPricePerLitre": 10.0
        },
        "store": {
            "id": "5c9d598442cdd70547033cba",
            "name": "Picton"
        }
    },
    {
        "productData": {
            "name": "V Energy Drink Green Guarana 350ml",
            "productId": "v-energy-drink-green-guarana-350ml",
            "productShopPage": "https://picton.store.freshchoice.co.nz/lines/v-energy-drink-green-guarana-350ml",
            "productImageURL": "https://dtgxwmigmg3gc.cloudfront.net/imagery/assets/derivations/icon/512/512/true/eyJpZCI6IjRiNjY4ZjYxOTQ2ODYyN2MzM2NiZWMyNGUyNmIyODk4Iiwic3RvcmFnZSI6InB1YmxpY19zdG9yZSJ9?signature=4cded9cb42349eef45a593461f311b1bb7fa881295733879671ad9fe9887d30c",
            "productDescription": ""
        },
        "priceData": {
            "bestPrice": "2.30",
            "price": "2.30",
            "pricePerLitre": 10.0,
            "bestPricePerLitre": 10.0
        },
        "store": {
            "id": "5c9d598442cdd70547033cba",
            "name": "Picton"
        }
    },
    {
        "productData": {
            "name": "V Energy Drink Guarana Can 250ml",
            "productId": "v-energy-drink-guarana-can-250ml",
            "productShopPage": "https://picton.store.freshchoice.co.nz/lines/v-energy-drink-guarana-can-250ml",
            "productImageURL": "https://dtgxwmigmg3gc.cloudfront.net/imagery/assets/derivations/icon/512/512/true/eyJpZCI6Ijc3Nzk1NjE2ZDhhNmFiMThhYzEzODYzOTg2ZmNkNzgwIiwic3RvcmFnZSI6InB1YmxpY19zdG9yZSJ9?signature=f5de1854d43e19cc62bff86893d4a55615cd916f8425a4dccd170b52eba81255",
            "productDescription": ""
        },
        "priceData": {
            "bestPrice": "2.20",
            "price": "2.20",
            "pricePerLitre": 8.8,
            "bestPricePerLitre": 8.8
        },
        "store": {
            "id": "5c9d598442cdd70547033cba",
            "name": "Picton"
        }
    },
    {
        "productData": {
            "name": "V Energy Drink Guarana Can 500ml",
            "productId": "v-energy-drink-guarana-can-500ml",
            "productShopPage": "https://picton.store.freshchoice.co.nz/lines/v-energy-drink-guarana-can-500ml",
            "productImageURL": "https://dtgxwmigmg3gc.cloudfront.net/imagery/assets/derivations/icon/512/512/true/eyJpZCI6ImI0NjgzNGZjNDRkMjU0MjgzYzJjZGNhMzA2NWIxYjA5Iiwic3RvcmFnZSI6InB1YmxpY19zdG9yZSJ9?signature=265e8273409849423466e7623cbbdf8352940707b8830803eec391e8f32c9c5f",
            "productDescription": ""
        },
        "priceData": {
            "bestPrice": "3.50",
            "price": "3.50",
            "pricePerLitre": 7.0,
            "bestPricePerLitre": 7.0
        },
        "store": {
            "id": "5c9d598442cdd70547033cba",
            "name": "Picton"
        }
    },
    {
        "productData": {
            "name": "V Blue Energy Drink Bottle 500ml",
            "productId": "v-blue-energy-drink-bottle-500ml",
            "productShopPage": "https://picton.store.freshchoice.co.nz/lines/v-blue-energy-drink-bottle-500ml",
            "productImageURL": "https://dtgxwmigmg3gc.cloudfront.net/imagery/assets/derivations/icon/512/512/true/eyJpZCI6IjgyYWYxYWY4MGI4MzUxODhiYmVhZGVhM2U2NzY0MzI5Iiwic3RvcmFnZSI6InB1YmxpY19zdG9yZSJ9?signature=7e70fc576864a528a1431734d680cbf177a11b419a692dbfd34800c31b8944ec",
            "productDescription": ""
        },
        "priceData": {
            "bestPrice": "3.80",
            "price": "3.80",
            "pricePerLitre": 7.6,
            "bestPricePerLitre": 7.6
        },
        "store": {
            "id": "5c9d598442cdd70547033cba",
            "name": "Picton"
        }
    },
    {
        "productData": {
            "name": "V Blue Sugarfree Energy Drink 500ml",
            "productId": "v-blue-sugarfree-energy-drink-500ml",
            "productShopPage": "https://picton.store.freshchoice.co.nz/lines/v-blue-sugarfree-energy-drink-500ml",
            "productImageURL": "https://dtgxwmigmg3gc.cloudfront.net/imagery/assets/derivations/icon/512/512/true/eyJpZCI6ImVmYjQyOWRmM2JjZjc3NTY1ZDIwMTEyNTY0MDdmZjA1Iiwic3RvcmFnZSI6InB1YmxpY19zdG9yZSJ9?signature=2911d59474d8305039a3be3bef0f887c38d9ab84596314b13cc4b150101175ab",
            "productDescription": ""
        },
        "priceData": {
            "bestPrice": "3.50",
            "price": "3.50",
            "pricePerLitre": 7.0,
            "bestPricePerLitre": 7.0
        },
        "store": {
            "id": "5c9d598442cdd70547033cba",
            "name": "Picton"
        }
    },
    {
        "productData": {
            "name": "V Blue Energy Drink Blue Guarana Can 250ml",
            "productId": "v-blue-energy-drink-blue-guarana-can-250ml",
            "productShopPage": "https://picton.store.freshchoice.co.nz/lines/v-blue-energy-drink-blue-guarana-can-250ml",
            "productImageURL": "https://dtgxwmigmg3gc.cloudfront.net/imagery/assets/derivations/icon/512/512/true/eyJpZCI6IjBmZjQwNDEyZWQ2ZDk4YTg3YWQ2ZDUyMWZlNjM1YzJkIiwic3RvcmFnZSI6InB1YmxpY19zdG9yZSJ9?signature=8f745abe5614ec47b3d7a07f1a34ba529184a87b2a696211ba5a0f9f29c86bf0",
            "productDescription": ""
        },
        "priceData": {
            "bestPrice": "2.20",
            "price": "2.20",
            "pricePerLitre": 8.8,
            "bestPricePerLitre": 8.8
        },
        "store": {
            "id": "5c9d598442cdd70547033cba",
            "name": "Picton"
        }
    },
    {
        "productData": {
            "name": "V Blue Energy Drink Blue Guarana Can 500ml",
            "productId": "v-blue-energy-drink-blue-guarana-can-500ml",
            "productShopPage": "https://picton.store.freshchoice.co.nz/lines/v-blue-energy-drink-blue-guarana-can-500ml",
            "productImageURL": "https://dtgxwmigmg3gc.cloudfront.net/imagery/assets/derivations/icon/512/512/true/eyJpZCI6ImFmYjEyYjVjYTU2YWI5ZDJhMTVmNGY2MDg2NWFlNzgxIiwic3RvcmFnZSI6InB1YmxpY19zdG9yZSJ9?signature=b537a8cc5a2c0f90f1702b2c541db44c3a740a0ec4a96e92ab2d6537f9320e8d",
            "productDescription": ""
        },
        "priceData": {
            "bestPrice": "3.50",
            "price": "3.50",
            "pricePerLitre": 7.0,
            "bestPricePerLitre": 7.0
        },
        "store": {
            "id": "5c9d598442cdd70547033cba",
            "name": "Picton"
        }
    },
    {
        "productData": {
            "name": "V Iced Coffee Guarana Energy 500ml",
            "productId": "v-iced-coffee-guarana-energy-500ml",
            "productShopPage": "https://picton.store.freshchoice.co.nz/lines/v-iced-coffee-guarana-energy-500ml",
            "productImageURL": "https://dtgxwmigmg3gc.cloudfront.net/imagery/assets/derivations/icon/512/512/true/eyJpZCI6ImM0Zjc4YjRmYWVjMjk0NTJkZTNkYzZjNmY5MzBlMjU2Iiwic3RvcmFnZSI6InB1YmxpY19zdG9yZSJ9?signature=14312b2813aab9c1ad551700ec97cd58a3a7f95bef4d0bd7ae7aa2dcf8fcdc9d",
            "productDescription": ""
        },
        "priceData": {
            "bestPrice": "4.00",
            "price": "4.00"
        },
        "store": {
            "id": "5c9d598442cdd70547033cba",
            "name": "Picton"
        }
    },
    {
        "productData": {
            "name": "V Pure Energy Drink Bottle 330ml",
            "productId": "v-pure-330ml-bottle",
            "productShopPage": "https://picton.store.freshchoice.co.nz/lines/v-pure-330ml-bottle",
            "productImageURL": "https://dtgxwmigmg3gc.cloudfront.net/imagery/assets/derivations/icon/512/512/true/eyJpZCI6ImFjZmFlNGE1MmQ1ZmNhOTVhN2IyNzdhOGQ3ZTBjNTY0Iiwic3RvcmFnZSI6InB1YmxpY19zdG9yZSJ9?signature=ff03797de044ef70d02854192249a79b3cd819353c7171ef7358378e76bfc089",
            "productDescription": ""
        },
        "priceData": {
            "bestPrice": "3.50",
            "price": "3.50",
            "pricePerLitre": 10.600000000000001,
            "bestPricePerLitre": 10.600000000000001
        },
        "store": {
            "id": "5c9d598442cdd70547033cba",
            "name": "Picton"
        }
    },
    {
        "productData": {
            "name": "Monster Mule Ginger Brew 500ml",
            "productId": "monster-mule-ginger-brew-500ml",
            "productShopPage": "https://picton.store.freshchoice.co.nz/lines/monster-mule-ginger-brew-500ml",
            "productImageURL": "https://dtgxwmigmg3gc.cloudfront.net/imagery/assets/derivations/icon/512/512/true/eyJpZCI6ImM1OTM5MTIyZTRlNmNhNzk0ODFlMDE4ZWVmMWE2Y2ZlIiwic3RvcmFnZSI6InB1YmxpY19zdG9yZSJ9?signature=5d11287f30ef58c148e37382d61c0d83097d5461683a9aa5dd9456941c1f32e5",
            "productDescription": ""
        },
        "priceData": {
            "bestPrice": "3.00",
            "price": "3.00",
            "pricePerLitre": 6.0,
            "bestPricePerLitre": 6.0
        },
        "store": {
            "id": "5c9d598442cdd70547033cba",
            "name": "Picton"
        }
    },
    {
        "productData": {
            "name": "Monster Energy Pipeline Punch 500ml",
            "productId": "monster-energy-pipeline-punch-500ml",
            "productShopPage": "https://picton.store.freshchoice.co.nz/lines/monster-energy-pipeline-punch-500ml",
            "productImageURL": "https://dtgxwmigmg3gc.cloudfront.net/imagery/assets/derivations/icon/512/512/true/eyJpZCI6IjM3ZWY2OTY5OWFlNTJlZTRjNTY1ZmFmYWIwOTIxMjg4Iiwic3RvcmFnZSI6InB1YmxpY19zdG9yZSJ9?signature=79ed6699c35bd716a9d5d9457c39ce62c523edaa4059b6b45d4dcc7caf65cef9",
            "productDescription": ""
        },
        "priceData": {
            "bestPrice": "3.00",
            "price": "3.00",
            "pricePerLitre": 6.0,
            "bestPricePerLitre": 6.0
        },
        "store": {
            "id": "5c9d598442cdd70547033cba",
            "name": "Picton"
        }
    },
    {
        "productData": {
            "name": "Live Plus Energy Drink Citrus Flavour 500ml",
            "productId": "live-plus-persist-500ml",
            "productShopPage": "https://picton.store.freshchoice.co.nz/lines/live-plus-persist-500ml",
            "productImageURL": "https://dtgxwmigmg3gc.cloudfront.net/imagery/assets/derivations/icon/512/512/true/eyJpZCI6IjFlNWQ5YzI4OWM1N2UzNmYzZmI2NThlMDQzZTI3ZjE4Iiwic3RvcmFnZSI6InB1YmxpY19zdG9yZSJ9?signature=756b17fefe47174b90e7dbec8cd09db27f9f59f4994bc750b71256ae93ba9fa8",
            "productDescription": ""
        },
        "priceData": {
            "bestPrice": "2.00",
            "price": "2.00",
            "pricePerLitre": 6.0,
            "bestPricePerLitre": 6.0
        },
        "store": {
            "id": "5c9d598442cdd70547033cba",
            "name": "Picton"
        }
    },
    {
        "productData": {
            "name": "V Guarana Energy Drink Blue Sugarfree 250ml",
            "productId": "v-blue-sugarfree-energy-drink-250ml",
            "productShopPage": "https://picton.store.freshchoice.co.nz/lines/v-blue-sugarfree-energy-drink-250ml",
            "productImageURL": "https://dtgxwmigmg3gc.cloudfront.net/imagery/assets/derivations/icon/512/512/true/eyJpZCI6IjI3YWJiOTVhYjNhMjEwMDU2MWJhMmRhNTM3YjRhZjVmIiwic3RvcmFnZSI6InB1YmxpY19zdG9yZSJ9?signature=66769306ca1d0ba674603954d338186dc999f6d1839090d49fde9416b3252365",
            "productDescription": ""
        },
        "priceData": {
            "bestPrice": "2.20",
            "price": "2.20",
            "pricePerLitre": 8.8,
            "bestPricePerLitre": 8.8
        },
        "store": {
            "id": "5c9d598442cdd70547033cba",
            "name": "Picton"
        }
    },
    {
        "productData": {
            "name": "Live Plus Energy Drink Original Citrus Flavour 355ml",
            "productId": "live-plus-persist-glass-355ml",
            "productShopPage": "https://picton.store.freshchoice.co.nz/lines/live-plus-persist-glass-355ml",
            "productImageURL": "https://dtgxwmigmg3gc.cloudfront.net/imagery/assets/derivations/icon/512/512/true/eyJpZCI6ImYzMjZlMTdmMmI5ZGRjZGYzYmFmNzNiMWQzN2Y5NDI4Iiwic3RvcmFnZSI6InB1YmxpY19zdG9yZSJ9?signature=8fa31eb2b309e9c7a293ba2e7a7541e3cdc686b1d3f519044aa97c666ae5f630",
            "productDescription": ""
        },
        "priceData": {
            "bestPrice": "2.80",
            "price": "2.80",
            "pricePerLitre": 7.9,
            "bestPricePerLitre": 7.9
        },
        "store": {
            "id": "5c9d598442cdd70547033cba",
            "name": "Picton"
        }
    },
    {
        "productData": {
            "name": "Live Plus Energy Drink Persist Glass 355ml",
            "productId": "live-plus-energy-drink-persist-glass-355ml",
            "productShopPage": "https://picton.store.freshchoice.co.nz/lines/live-plus-energy-drink-persist-glass-355ml",
            "productImageURL": "https://dtgxwmigmg3gc.cloudfront.net/imagery/assets/derivations/icon/512/512/true/eyJpZCI6IjBiMjhiZTQ0NDk1ODBiZWI4NDRkY2JhM2MxZDdhOTMwIiwic3RvcmFnZSI6InB1YmxpY19zdG9yZSJ9?signature=62025738d86469fbbd64cd53b03b4beee6372d1fbd30b8a9c5708ffdafeebf0d",
            "productDescription": ""
        },
        "priceData": {
            "bestPrice": "2.80",
            "price": "2.80",
            "pricePerLitre": 7.9,
            "bestPricePerLitre": 7.9
        },
        "store": {
            "id": "5c9d598442cdd70547033cba",
            "name": "Picton"
        }
    },
    {
        "productData": {
            "name": "Mother Kicked Apple 500ml",
            "productId": "mother-kicked-apple-500ml",
            "productShopPage": "https://prebbleton.store.freshchoice.co.nz/lines/mother-kicked-apple-500ml",
            "productImageURL": "https://dtgxwmigmg3gc.cloudfront.net/imagery/assets/derivations/icon/512/512/true/eyJpZCI6IjNhZTlkYjkwYTM4MDFjMGEwYjUwYThhMDAwYjkyZjM0Iiwic3RvcmFnZSI6InB1YmxpY19zdG9yZSJ9?signature=c1a1db0a5d7b074c388cf08560fd44a4a2b6127821554198e54eeea8474325f6",
            "productDescription": ""
        },
        "priceData": {
            "bestPrice": "2.00",
            "price": "2.00",
            "pricePerLitre": 4.0,
            "bestPricePerLitre": 4.0
        },
        "store": {
            "id": "5e5ee46cd74776781f092c74",
            "name": "Prebbleton"
        }
    },
    {
        "productData": {
            "name": "Monster Energy Import 550ml",
            "productId": "monster-energy-import-550ml",
            "productShopPage": "https://prebbleton.store.freshchoice.co.nz/lines/monster-energy-import-550ml",
            "productImageURL": "https://dtgxwmigmg3gc.cloudfront.net/imagery/assets/derivations/icon/512/512/true/eyJpZCI6IjExYzliZTgxY2M3MTNjMDQzM2NmZGQ2ZWE1NjI3MTA0Iiwic3RvcmFnZSI6InB1YmxpY19zdG9yZSJ9?signature=e09322a0a00112a858095e689d2e825f79d154fd3e8577005948dde9d51afb47",
            "productDescription": ""
        },
        "priceData": {
            "bestPrice": "3.00",
            "price": "3.00",
            "pricePerLitre": 6.0,
            "bestPricePerLitre": 6.0
        },
        "store": {
            "id": "5e5ee46cd74776781f092c74",
            "name": "Prebbleton"
        }
    },
    {
        "productData": {
            "name": "Monster Energy Ultra Paradise 500ml",
            "productId": "monster-energy-drink-ultra-paradise-500ml",
            "productShopPage": "https://prebbleton.store.freshchoice.co.nz/lines/monster-energy-drink-ultra-paradise-500ml",
            "productImageURL": "https://dtgxwmigmg3gc.cloudfront.net/imagery/assets/derivations/icon/512/512/true/eyJpZCI6ImZiZDRkZTQxNzA0M2FiYTUyMjMwZWI0NTcyZGNmYTE1Iiwic3RvcmFnZSI6InB1YmxpY19zdG9yZSJ9?signature=8a439bf26b71114289dfea1720ed331b1e4784c534deade29db8ac38b1cc7c1a",
            "productDescription": ""
        },
        "priceData": {
            "bestPrice": "3.00",
            "price": "3.00",
            "pricePerLitre": 6.0,
            "bestPricePerLitre": 6.0
        },
        "store": {
            "id": "5e5ee46cd74776781f092c74",
            "name": "Prebbleton"
        }
    },
    {
        "productData": {
            "name": "Monster Energy Ultra Sunrise 500ml",
            "productId": "monster-energy-ultra-sunrise-500ml",
            "productShopPage": "https://prebbleton.store.freshchoice.co.nz/lines/monster-energy-ultra-sunrise-500ml",
            "productImageURL": "https://dtgxwmigmg3gc.cloudfront.net/imagery/assets/derivations/icon/512/512/true/eyJpZCI6ImFlNTVkY2RiZTZiZjg3OGZjZTdlOTU1OTFhMDE4YTdiIiwic3RvcmFnZSI6InB1YmxpY19zdG9yZSJ9?signature=b98350feca08b6ab128cc925fef23a58f65a36f94ede15cb2174f6f88a0f8a0f",
            "productDescription": ""
        },
        "priceData": {
            "bestPrice": "3.00",
            "price": "3.00",
            "pricePerLitre": 6.0,
            "bestPricePerLitre": 6.0
        },
        "store": {
            "id": "5e5ee46cd74776781f092c74",
            "name": "Prebbleton"
        }
    },
    {
        "productData": {
            "name": "Monster Energy Ultra Zero 500ml",
            "productId": "monster-energy-ultra-zero-500ml",
            "productShopPage": "https://prebbleton.store.freshchoice.co.nz/lines/monster-energy-ultra-zero-500ml",
            "productImageURL": "https://dtgxwmigmg3gc.cloudfront.net/imagery/assets/derivations/icon/512/512/true/eyJpZCI6IjdhN2FhYTUwZWU2NTYwYjBiNGY1NThhMTgwNmVlODI3Iiwic3RvcmFnZSI6InB1YmxpY19zdG9yZSJ9?signature=7907c49ba7d043175a426f84a71776de7dd51fa5c249237063aca9cb098abdbe",
            "productDescription": ""
        },
        "priceData": {
            "bestPrice": "3.00",
            "price": "3.00",
            "pricePerLitre": 6.0,
            "bestPricePerLitre": 6.0
        },
        "store": {
            "id": "5e5ee46cd74776781f092c74",
            "name": "Prebbleton"
        }
    },
    {
        "productData": {
            "name": "Monster Energy Drink Ultra Rosa 500ml",
            "productId": "monster-energy-drink-ultra-rosa-500ml",
            "productShopPage": "https://prebbleton.store.freshchoice.co.nz/lines/monster-energy-drink-ultra-rosa-500ml",
            "productImageURL": "https://dtgxwmigmg3gc.cloudfront.net/imagery/assets/derivations/icon/512/512/true/eyJpZCI6IjZjYzFjMzcwYzM4Mzk4N2MyOTUzNWIyMTFjZTJlYjgxIiwic3RvcmFnZSI6InB1YmxpY19zdG9yZSJ9?signature=9cd08284785f9b24647ecc7d1dc08214d9d00318cc809bebdef1921d6b78bb95",
            "productDescription": ""
        },
        "priceData": {
            "bestPrice": "3.00",
            "price": "3.00",
            "pricePerLitre": 6.0,
            "bestPricePerLitre": 6.0
        },
        "store": {
            "id": "5e5ee46cd74776781f092c74",
            "name": "Prebbleton"
        }
    },
    {
        "productData": {
            "name": "Mother Energy Drink Berry 500ml",
            "productId": "mother-energy-drink-berry-500ml",
            "productShopPage": "https://prebbleton.store.freshchoice.co.nz/lines/mother-energy-drink-berry-500ml",
            "productImageURL": "https://dtgxwmigmg3gc.cloudfront.net/imagery/assets/derivations/icon/512/512/true/eyJpZCI6ImRhYTJlNjUzNzRjZjViNjI0ZDljNzUzNDA3YmE0ZDFkIiwic3RvcmFnZSI6InB1YmxpY19zdG9yZSJ9?signature=d9ffb465d71d599811c2ff7a788845bfe297eb3624ad7866a89cf0b3ece073f0",
            "productDescription": ""
        },
        "priceData": {
            "bestPrice": "2.00",
            "price": "2.00",
            "pricePerLitre": 4.0,
            "bestPricePerLitre": 4.0
        },
        "store": {
            "id": "5e5ee46cd74776781f092c74",
            "name": "Prebbleton"
        }
    },
    {
        "productData": {
            "name": "Mother Energy Drink Black 500ml",
            "productId": "mother-energy-drink-black-500ml",
            "productShopPage": "https://prebbleton.store.freshchoice.co.nz/lines/mother-energy-drink-black-500ml",
            "productImageURL": "https://dtgxwmigmg3gc.cloudfront.net/imagery/assets/derivations/icon/512/512/true/eyJpZCI6ImYyMzA5MjhkYjg3ODFhYmYzZDU3ZjE1YjNmYzU2MWFjIiwic3RvcmFnZSI6InB1YmxpY19zdG9yZSJ9?signature=d3dbddb83d3d457075cd5d8936bef0c5b48fce4fa3fe725995d8b6d57219ceb5",
            "productDescription": ""
        },
        "priceData": {
            "bestPrice": "2.00",
            "price": "2.00",
            "pricePerLitre": 4.0,
            "bestPricePerLitre": 4.0
        },
        "store": {
            "id": "5e5ee46cd74776781f092c74",
            "name": "Prebbleton"
        }
    },
    {
        "productData": {
            "name": "Mother Energy Drink Cans 6x250ml",
            "productId": "mother-energy-drink-6x250ml-cans",
            "productShopPage": "https://prebbleton.store.freshchoice.co.nz/lines/mother-energy-drink-6x250ml-cans",
            "productImageURL": "https://dtgxwmigmg3gc.cloudfront.net/imagery/assets/derivations/icon/512/512/true/eyJpZCI6IjEyOGFhMmU0Y2VkYTU4ZWFkZmVhOWUwZjdlNTZhOTA4Iiwic3RvcmFnZSI6InB1YmxpY19zdG9yZSJ9?signature=5db1908f64527cf28fa7bf3266a83ab854a07ca50453511f7d414d8e6d5c10fb",
            "productDescription": ""
        },
        "priceData": {
            "bestPrice": "7.70",
            "price": "7.70",
            "pricePerLitre": 5.1,
            "bestPricePerLitre": 5.1
        },
        "store": {
            "id": "5e5ee46cd74776781f092c74",
            "name": "Prebbleton"
        }
    },
    {
        "productData": {
            "name": "Mother Energy Drink Passion 500ml",
            "productId": "mother-energy-drink-passion-500ml",
            "productShopPage": "https://prebbleton.store.freshchoice.co.nz/lines/mother-energy-drink-passion-500ml",
            "productImageURL": "https://dtgxwmigmg3gc.cloudfront.net/imagery/assets/derivations/icon/512/512/true/eyJpZCI6ImQwODE2YTc4ZjBmNGU4NTU5Mzg1YjkxZmI5YjIzZjM0Iiwic3RvcmFnZSI6InB1YmxpY19zdG9yZSJ9?signature=713c495fef96a6427b917f0c7c7e855a963749ac5c1bf7dfd71e24ae08ea3123",
            "productDescription": ""
        },
        "priceData": {
            "bestPrice": "2.00",
            "price": "2.00",
            "pricePerLitre": 4.0,
            "bestPricePerLitre": 4.0
        },
        "store": {
            "id": "5e5ee46cd74776781f092c74",
            "name": "Prebbleton"
        }
    },
    {
        "productData": {
            "name": "Mother Tropical Blast 500ml",
            "productId": "mother-tropical-blast-500ml",
            "productShopPage": "https://prebbleton.store.freshchoice.co.nz/lines/mother-tropical-blast-500ml",
            "productImageURL": "https://dtgxwmigmg3gc.cloudfront.net/imagery/assets/derivations/icon/512/512/true/eyJpZCI6ImEyZmM1OTUwNDhlODM5YTRhMjQ2MTI1OGEyYzNlZWZhIiwic3RvcmFnZSI6InB1YmxpY19zdG9yZSJ9?signature=6c9470ee4067e8ec32b58eeac9d628404d3986058a9b1cdef46014d1bee50944",
            "productDescription": ""
        },
        "priceData": {
            "bestPrice": "2.00",
            "price": "2.00",
            "pricePerLitre": 4.0,
            "bestPricePerLitre": 4.0
        },
        "store": {
            "id": "5e5ee46cd74776781f092c74",
            "name": "Prebbleton"
        }
    },
    {
        "productData": {
            "name": "Mother Epic Swell Energy Drink Twisted Apple 500ml",
            "productId": "mother-epic-swell-energy-drink-twisted-apple-500ml",
            "productShopPage": "https://prebbleton.store.freshchoice.co.nz/lines/mother-epic-swell-energy-drink-twisted-apple-500ml",
            "productImageURL": "https://dtgxwmigmg3gc.cloudfront.net/imagery/assets/derivations/icon/512/512/true/eyJpZCI6ImE2ZjYxOGNhNjUyYzMxNzRhNjg2MDBhMGVjZmQ3MmJkIiwic3RvcmFnZSI6InB1YmxpY19zdG9yZSJ9?signature=954f74f8aba0fb24cb2a5248b1e93fe8a62fb8c7f902abbb08b7aed24bc44c80",
            "productDescription": ""
        },
        "priceData": {
            "bestPrice": "2.00",
            "price": "2.00",
            "pricePerLitre": 4.0,
            "bestPricePerLitre": 4.0
        },
        "store": {
            "id": "5e5ee46cd74776781f092c74",
            "name": "Prebbleton"
        }
    },
    {
        "productData": {
            "name": "V Energy Drink Guarana 500ml",
            "productId": "v-energy-drink-guarana-500ml",
            "productShopPage": "https://prebbleton.store.freshchoice.co.nz/lines/v-energy-drink-guarana-500ml",
            "productImageURL": "https://dtgxwmigmg3gc.cloudfront.net/imagery/assets/derivations/icon/512/512/true/eyJpZCI6IjgzZDAxMjhiMzg4NmEwZmE4YTE2ZjY2NWIzNmM2NzI2Iiwic3RvcmFnZSI6InB1YmxpY19zdG9yZSJ9?signature=f55ecc561066291a4e74a967db35ea2355f881bd1708bf400fd790032384ae4f",
            "productDescription": ""
        },
        "priceData": {
            "bestPrice": "3.80",
            "price": "3.80",
            "pricePerLitre": 7.6,
            "bestPricePerLitre": 7.6
        },
        "store": {
            "id": "5e5ee46cd74776781f092c74",
            "name": "Prebbleton"
        }
    },
    {
        "productData": {
            "name": "V Energy Drink Sugarfree 500ml",
            "productId": "v-energy-drink-sugarfree-500ml",
            "productShopPage": "https://prebbleton.store.freshchoice.co.nz/lines/v-energy-drink-sugarfree-500ml",
            "productImageURL": "https://dtgxwmigmg3gc.cloudfront.net/imagery/assets/derivations/icon/512/512/true/eyJpZCI6ImVkZTAxNTNmMDI1NmU1NDZjNWQ5MTc3MjE3ZTQ3YTQ0Iiwic3RvcmFnZSI6InB1YmxpY19zdG9yZSJ9?signature=abcf72d9faa9ee3044eaa3b7ee0bf9b4fd8f582379018d8727f2234b7d3f3c85",
            "productDescription": ""
        },
        "priceData": {
            "bestPrice": "3.80",
            "price": "3.80",
            "pricePerLitre": 7.6,
            "bestPricePerLitre": 7.6
        },
        "store": {
            "id": "5e5ee46cd74776781f092c74",
            "name": "Prebbleton"
        }
    },
    {
        "productData": {
            "name": "V Energy Drink Sugar Free Guarana 250ml",
            "productId": "v-energy-drink-sugar-free-guarana-250ml",
            "productShopPage": "https://prebbleton.store.freshchoice.co.nz/lines/v-energy-drink-sugar-free-guarana-250ml",
            "productImageURL": "https://dtgxwmigmg3gc.cloudfront.net/imagery/assets/derivations/icon/512/512/true/eyJpZCI6ImZiNzM1NmU4NTMyZDllODlkZTljZmNlOGY2MzQ5NGQwIiwic3RvcmFnZSI6InB1YmxpY19zdG9yZSJ9?signature=72b0ce0a48ca796717c115fe5e8b4564501470f63bf80ae865d26e9d131a2b8c",
            "productDescription": ""
        },
        "priceData": {
            "bestPrice": "2.20",
            "price": "2.20",
            "pricePerLitre": 8.8,
            "bestPricePerLitre": 8.8
        },
        "store": {
            "id": "5e5ee46cd74776781f092c74",
            "name": "Prebbleton"
        }
    },
    {
        "productData": {
            "name": "V Energy Drink Blue Guarana Spritzed 350ml",
            "productId": "v-blue-energy-drink-blue-guarana-spritzed-350ml",
            "productShopPage": "https://prebbleton.store.freshchoice.co.nz/lines/v-blue-energy-drink-blue-guarana-spritzed-350ml",
            "productImageURL": "https://dtgxwmigmg3gc.cloudfront.net/imagery/assets/derivations/icon/512/512/true/eyJpZCI6ImY2OTRlZGI4NjdlNWMzZDM5NzgzMDQ0ODFkMzUxZGZiIiwic3RvcmFnZSI6InB1YmxpY19zdG9yZSJ9?signature=591b3079cb9c2407a29b3bc348eaf42dc1d34daba5c9d7aba65be654725b6719",
            "productDescription": ""
        },
        "priceData": {
            "bestPrice": "2.30",
            "price": "2.30",
            "pricePerLitre": 10.0,
            "bestPricePerLitre": 10.0
        },
        "store": {
            "id": "5e5ee46cd74776781f092c74",
            "name": "Prebbleton"
        }
    },
    {
        "productData": {
            "name": "V Energy Drink Green Guarana 350ml",
            "productId": "v-energy-drink-green-guarana-350ml",
            "productShopPage": "https://prebbleton.store.freshchoice.co.nz/lines/v-energy-drink-green-guarana-350ml",
            "productImageURL": "https://dtgxwmigmg3gc.cloudfront.net/imagery/assets/derivations/icon/512/512/true/eyJpZCI6IjRiNjY4ZjYxOTQ2ODYyN2MzM2NiZWMyNGUyNmIyODk4Iiwic3RvcmFnZSI6InB1YmxpY19zdG9yZSJ9?signature=4cded9cb42349eef45a593461f311b1bb7fa881295733879671ad9fe9887d30c",
            "productDescription": ""
        },
        "priceData": {
            "bestPrice": "2.30",
            "price": "2.30",
            "pricePerLitre": 10.0,
            "bestPricePerLitre": 10.0
        },
        "store": {
            "id": "5e5ee46cd74776781f092c74",
            "name": "Prebbleton"
        }
    },
    {
        "productData": {
            "name": "V Energy Drink Guarana Can 250ml",
            "productId": "v-energy-drink-guarana-can-250ml",
            "productShopPage": "https://prebbleton.store.freshchoice.co.nz/lines/v-energy-drink-guarana-can-250ml",
            "productImageURL": "https://dtgxwmigmg3gc.cloudfront.net/imagery/assets/derivations/icon/512/512/true/eyJpZCI6Ijc3Nzk1NjE2ZDhhNmFiMThhYzEzODYzOTg2ZmNkNzgwIiwic3RvcmFnZSI6InB1YmxpY19zdG9yZSJ9?signature=f5de1854d43e19cc62bff86893d4a55615cd916f8425a4dccd170b52eba81255",
            "productDescription": ""
        },
        "priceData": {
            "bestPrice": "2.20",
            "price": "2.20",
            "pricePerLitre": 8.8,
            "bestPricePerLitre": 8.8
        },
        "store": {
            "id": "5e5ee46cd74776781f092c74",
            "name": "Prebbleton"
        }
    },
    {
        "productData": {
            "name": "V Energy Drink Guarana Can 500ml",
            "productId": "v-energy-drink-guarana-can-500ml",
            "productShopPage": "https://prebbleton.store.freshchoice.co.nz/lines/v-energy-drink-guarana-can-500ml",
            "productImageURL": "https://dtgxwmigmg3gc.cloudfront.net/imagery/assets/derivations/icon/512/512/true/eyJpZCI6ImI0NjgzNGZjNDRkMjU0MjgzYzJjZGNhMzA2NWIxYjA5Iiwic3RvcmFnZSI6InB1YmxpY19zdG9yZSJ9?signature=265e8273409849423466e7623cbbdf8352940707b8830803eec391e8f32c9c5f",
            "productDescription": ""
        },
        "priceData": {
            "bestPrice": "3.50",
            "price": "3.50",
            "pricePerLitre": 7.0,
            "bestPricePerLitre": 7.0
        },
        "store": {
            "id": "5e5ee46cd74776781f092c74",
            "name": "Prebbleton"
        }
    },
    {
        "productData": {
            "name": "V Energy Drink Sugar Free Guarana 500ml",
            "productId": "v-energy-drink-sugar-free-guarana-500ml",
            "productShopPage": "https://prebbleton.store.freshchoice.co.nz/lines/v-energy-drink-sugar-free-guarana-500ml",
            "productImageURL": "https://dtgxwmigmg3gc.cloudfront.net/imagery/assets/derivations/icon/512/512/true/eyJpZCI6Ijg4MGExMDYxOTY4NTJiYzM1ZTExMmU2MGE2OWYxNDE3Iiwic3RvcmFnZSI6InB1YmxpY19zdG9yZSJ9?signature=b0536d25b9da8158705e24c88e21fabbf85c1dabc19f18108c386e956ffd7045",
            "productDescription": ""
        },
        "priceData": {
            "bestPrice": "3.50",
            "price": "3.50",
            "pricePerLitre": 7.0,
            "bestPricePerLitre": 7.0
        },
        "store": {
            "id": "5e5ee46cd74776781f092c74",
            "name": "Prebbleton"
        }
    },
    {
        "productData": {
            "name": "V Blue Energy Drink Bottle 500ml",
            "productId": "v-blue-energy-drink-bottle-500ml",
            "productShopPage": "https://prebbleton.store.freshchoice.co.nz/lines/v-blue-energy-drink-bottle-500ml",
            "productImageURL": "https://dtgxwmigmg3gc.cloudfront.net/imagery/assets/derivations/icon/512/512/true/eyJpZCI6IjgyYWYxYWY4MGI4MzUxODhiYmVhZGVhM2U2NzY0MzI5Iiwic3RvcmFnZSI6InB1YmxpY19zdG9yZSJ9?signature=7e70fc576864a528a1431734d680cbf177a11b419a692dbfd34800c31b8944ec",
            "productDescription": ""
        },
        "priceData": {
            "bestPrice": "3.80",
            "price": "3.80",
            "pricePerLitre": 7.6,
            "bestPricePerLitre": 7.6
        },
        "store": {
            "id": "5e5ee46cd74776781f092c74",
            "name": "Prebbleton"
        }
    },
    {
        "productData": {
            "name": "V Blue Sugarfree Energy Drink 500ml",
            "productId": "v-blue-sugarfree-energy-drink-500ml",
            "productShopPage": "https://prebbleton.store.freshchoice.co.nz/lines/v-blue-sugarfree-energy-drink-500ml",
            "productImageURL": "https://dtgxwmigmg3gc.cloudfront.net/imagery/assets/derivations/icon/512/512/true/eyJpZCI6ImVmYjQyOWRmM2JjZjc3NTY1ZDIwMTEyNTY0MDdmZjA1Iiwic3RvcmFnZSI6InB1YmxpY19zdG9yZSJ9?signature=2911d59474d8305039a3be3bef0f887c38d9ab84596314b13cc4b150101175ab",
            "productDescription": ""
        },
        "priceData": {
            "bestPrice": "3.50",
            "price": "3.50",
            "pricePerLitre": 7.0,
            "bestPricePerLitre": 7.0
        },
        "store": {
            "id": "5e5ee46cd74776781f092c74",
            "name": "Prebbleton"
        }
    },
    {
        "productData": {
            "name": "V Sugarfree Energy Drink Berry Twist 350ml",
            "productId": "v-sugarfree-energy-drink-berry-twist-350ml",
            "productShopPage": "https://prebbleton.store.freshchoice.co.nz/lines/v-sugarfree-energy-drink-berry-twist-350ml",
            "productImageURL": "https://dtgxwmigmg3gc.cloudfront.net/imagery/assets/derivations/icon/512/512/true/eyJpZCI6IjMxY2RlOWU3MTE1YTA4ZGRhYzFiODM0NjQ4NDFmOTM5Iiwic3RvcmFnZSI6InB1YmxpY19zdG9yZSJ9?signature=055982afa93dd6614e2f3de353af4c76a52ab79cac4e2b4660a75933fb1bc9a4",
            "productDescription": ""
        },
        "priceData": {
            "bestPrice": "2.30",
            "price": "2.30",
            "pricePerLitre": 10.0,
            "bestPricePerLitre": 10.0
        },
        "store": {
            "id": "5e5ee46cd74776781f092c74",
            "name": "Prebbleton"
        }
    },
    {
        "productData": {
            "name": "V Blue Energy Drink Blue Guarana Can 250ml",
            "productId": "v-blue-energy-drink-blue-guarana-can-250ml",
            "productShopPage": "https://prebbleton.store.freshchoice.co.nz/lines/v-blue-energy-drink-blue-guarana-can-250ml",
            "productImageURL": "https://dtgxwmigmg3gc.cloudfront.net/imagery/assets/derivations/icon/512/512/true/eyJpZCI6IjBmZjQwNDEyZWQ2ZDk4YTg3YWQ2ZDUyMWZlNjM1YzJkIiwic3RvcmFnZSI6InB1YmxpY19zdG9yZSJ9?signature=8f745abe5614ec47b3d7a07f1a34ba529184a87b2a696211ba5a0f9f29c86bf0",
            "productDescription": ""
        },
        "priceData": {
            "bestPrice": "2.20",
            "price": "2.20",
            "pricePerLitre": 8.8,
            "bestPricePerLitre": 8.8
        },
        "store": {
            "id": "5e5ee46cd74776781f092c74",
            "name": "Prebbleton"
        }
    },
    {
        "productData": {
            "name": "V Blue Energy Drink Blue Guarana Can 500ml",
            "productId": "v-blue-energy-drink-blue-guarana-can-500ml",
            "productShopPage": "https://prebbleton.store.freshchoice.co.nz/lines/v-blue-energy-drink-blue-guarana-can-500ml",
            "productImageURL": "https://dtgxwmigmg3gc.cloudfront.net/imagery/assets/derivations/icon/512/512/true/eyJpZCI6ImFmYjEyYjVjYTU2YWI5ZDJhMTVmNGY2MDg2NWFlNzgxIiwic3RvcmFnZSI6InB1YmxpY19zdG9yZSJ9?signature=b537a8cc5a2c0f90f1702b2c541db44c3a740a0ec4a96e92ab2d6537f9320e8d",
            "productDescription": ""
        },
        "priceData": {
            "bestPrice": "3.50",
            "price": "3.50",
            "pricePerLitre": 7.0,
            "bestPricePerLitre": 7.0
        },
        "store": {
            "id": "5e5ee46cd74776781f092c74",
            "name": "Prebbleton"
        }
    },
    {
        "productData": {
            "name": "V Energy Drink Sugar Free Guarana Bottle 350ml",
            "productId": "v-energy-drink-sugar-free-guarana-bottle-350ml",
            "productShopPage": "https://prebbleton.store.freshchoice.co.nz/lines/v-energy-drink-sugar-free-guarana-bottle-350ml",
            "productImageURL": "https://dtgxwmigmg3gc.cloudfront.net/imagery/assets/derivations/icon/512/512/true/eyJpZCI6IjQzYmZlOTg1YzY2ZGQ0ZDI1YzUyZDk3MGJhMmJhMGM3Iiwic3RvcmFnZSI6InB1YmxpY19zdG9yZSJ9?signature=7a4bb3eb2264f52495ae9ba8fbf21b5a3e59e12c0d6208cfa1591261da333f55",
            "productDescription": ""
        },
        "priceData": {
            "bestPrice": "2.30",
            "price": "2.30",
            "pricePerLitre": 10.0,
            "bestPricePerLitre": 10.0
        },
        "store": {
            "id": "5e5ee46cd74776781f092c74",
            "name": "Prebbleton"
        }
    },
    {
        "productData": {
            "name": "V Pure Energy Drink 250ml",
            "productId": "v-pure-energy-drink-250ml",
            "productShopPage": "https://prebbleton.store.freshchoice.co.nz/lines/v-pure-energy-drink-250ml",
            "productImageURL": "https://dtgxwmigmg3gc.cloudfront.net/imagery/assets/derivations/icon/512/512/true/eyJpZCI6Ijk3N2I4MDM5OTQxMjFjYjI5MjRmODdmOTJkM2Q2OWIxIiwic3RvcmFnZSI6InB1YmxpY19zdG9yZSJ9?signature=b74ae9543645865e1c2414381c96a37f8a53629edb30e9b6a59f54f59ba09cfb",
            "productDescription": ""
        },
        "priceData": {
            "bestPrice": "2.20",
            "price": "2.20",
            "pricePerLitre": 8.8,
            "bestPricePerLitre": 8.8
        },
        "store": {
            "id": "5e5ee46cd74776781f092c74",
            "name": "Prebbleton"
        }
    },
    {
        "productData": {
            "name": "V Pure Energy Drink Bottle 330ml",
            "productId": "v-pure-330ml-bottle",
            "productShopPage": "https://prebbleton.store.freshchoice.co.nz/lines/v-pure-330ml-bottle",
            "productImageURL": "https://dtgxwmigmg3gc.cloudfront.net/imagery/assets/derivations/icon/512/512/true/eyJpZCI6ImFjZmFlNGE1MmQ1ZmNhOTVhN2IyNzdhOGQ3ZTBjNTY0Iiwic3RvcmFnZSI6InB1YmxpY19zdG9yZSJ9?signature=ff03797de044ef70d02854192249a79b3cd819353c7171ef7358378e76bfc089",
            "productDescription": ""
        },
        "priceData": {
            "bestPrice": "3.50",
            "price": "3.50",
            "pricePerLitre": 10.600000000000001,
            "bestPricePerLitre": 10.600000000000001
        },
        "store": {
            "id": "5e5ee46cd74776781f092c74",
            "name": "Prebbleton"
        }
    },
    {
        "productData": {
            "name": "Monster Super Fuel Zero Sugar 550ml",
            "productId": "monster-super-fuel-zero-sugar-550ml",
            "productShopPage": "https://prebbleton.store.freshchoice.co.nz/lines/monster-super-fuel-zero-sugar-550ml",
            "productImageURL": "https://dtgxwmigmg3gc.cloudfront.net/imagery/assets/derivations/icon/512/512/true/eyJpZCI6IjRkOTE3NzhmODIxNDI1ZDJjNDg3Yjc0M2YyMzEyYmYxIiwic3RvcmFnZSI6InB1YmxpY19zdG9yZSJ9?signature=4b9dbd15c40f85466e597873c567f989183b284947e8c8dc4df58667789214a2",
            "productDescription": ""
        },
        "priceData": {
            "bestPrice": "4.00",
            "price": "4.00",
            "pricePerLitre": 7.3,
            "bestPricePerLitre": 7.3
        },
        "store": {
            "id": "5e5ee46cd74776781f092c74",
            "name": "Prebbleton"
        }
    },
    {
        "productData": {
            "name": "Monster Mule Ginger Brew 500ml",
            "productId": "monster-mule-ginger-brew-500ml",
            "productShopPage": "https://prebbleton.store.freshchoice.co.nz/lines/monster-mule-ginger-brew-500ml",
            "productImageURL": "https://dtgxwmigmg3gc.cloudfront.net/imagery/assets/derivations/icon/512/512/true/eyJpZCI6ImM1OTM5MTIyZTRlNmNhNzk0ODFlMDE4ZWVmMWE2Y2ZlIiwic3RvcmFnZSI6InB1YmxpY19zdG9yZSJ9?signature=5d11287f30ef58c148e37382d61c0d83097d5461683a9aa5dd9456941c1f32e5",
            "productDescription": ""
        },
        "priceData": {
            "bestPrice": "3.00",
            "price": "3.00",
            "pricePerLitre": 6.0,
            "bestPricePerLitre": 6.0
        },
        "store": {
            "id": "5e5ee46cd74776781f092c74",
            "name": "Prebbleton"
        }
    },
    {
        "productData": {
            "name": "Monster Super Fuel Purple Passion 550ml",
            "productId": "monster-super-fuel-purple-passion-550ml",
            "productShopPage": "https://prebbleton.store.freshchoice.co.nz/lines/monster-super-fuel-purple-passion-550ml",
            "productImageURL": "https://dtgxwmigmg3gc.cloudfront.net/imagery/assets/derivations/icon/512/512/true/eyJpZCI6IjNkMTY1OTQwMzgyOTZjZjVlMjNlNjBjMDQ3NTE1YWM0Iiwic3RvcmFnZSI6InB1YmxpY19zdG9yZSJ9?signature=4d4ccd77dab941d955a8037242a41833afdc7251d3bd5b5c4b99705770273998",
            "productDescription": ""
        },
        "priceData": {
            "bestPrice": "4.00",
            "price": "4.00",
            "pricePerLitre": 7.3,
            "bestPricePerLitre": 7.3
        },
        "store": {
            "id": "5e5ee46cd74776781f092c74",
            "name": "Prebbleton"
        }
    },
    {
        "productData": {
            "name": "Monster Energy Pipeline Punch 500ml",
            "productId": "monster-energy-pipeline-punch-500ml",
            "productShopPage": "https://prebbleton.store.freshchoice.co.nz/lines/monster-energy-pipeline-punch-500ml",
            "productImageURL": "https://dtgxwmigmg3gc.cloudfront.net/imagery/assets/derivations/icon/512/512/true/eyJpZCI6IjM3ZWY2OTY5OWFlNTJlZTRjNTY1ZmFmYWIwOTIxMjg4Iiwic3RvcmFnZSI6InB1YmxpY19zdG9yZSJ9?signature=79ed6699c35bd716a9d5d9457c39ce62c523edaa4059b6b45d4dcc7caf65cef9",
            "productDescription": ""
        },
        "priceData": {
            "bestPrice": "3.00",
            "price": "3.00",
            "pricePerLitre": 6.0,
            "bestPricePerLitre": 6.0
        },
        "store": {
            "id": "5e5ee46cd74776781f092c74",
            "name": "Prebbleton"
        }
    },
    {
        "productData": {
            "name": "Live Plus Energy Drink Citrus Flavour 500ml",
            "productId": "live-plus-persist-500ml",
            "productShopPage": "https://prebbleton.store.freshchoice.co.nz/lines/live-plus-persist-500ml",
            "productImageURL": "https://dtgxwmigmg3gc.cloudfront.net/imagery/assets/derivations/icon/512/512/true/eyJpZCI6IjFlNWQ5YzI4OWM1N2UzNmYzZmI2NThlMDQzZTI3ZjE4Iiwic3RvcmFnZSI6InB1YmxpY19zdG9yZSJ9?signature=756b17fefe47174b90e7dbec8cd09db27f9f59f4994bc750b71256ae93ba9fa8",
            "productDescription": ""
        },
        "priceData": {
            "bestPrice": "2.00",
            "price": "2.00",
            "pricePerLitre": 4.0,
            "bestPricePerLitre": 4.0
        },
        "store": {
            "id": "5e5ee46cd74776781f092c74",
            "name": "Prebbleton"
        }
    },
    {
        "productData": {
            "name": "Live Plus Energy Drink Tart Apple Apple Flavour 500ml",
            "productId": "live-plus-ignite-500ml",
            "productShopPage": "https://prebbleton.store.freshchoice.co.nz/lines/live-plus-ignite-500ml",
            "productImageURL": "https://dtgxwmigmg3gc.cloudfront.net/imagery/assets/derivations/icon/512/512/true/eyJpZCI6IjViOGViZjhmZTQzYjFlYTMzNDM5YjJjMjg3ZDRmY2YyIiwic3RvcmFnZSI6InB1YmxpY19zdG9yZSJ9?signature=140ae19352cd0dcec7e77f90fa4dfaa9fa17086439f730510afc5d906e1415bf",
            "productDescription": ""
        },
        "priceData": {
            "bestPrice": "2.00",
            "price": "2.00",
            "pricePerLitre": 4.0,
            "bestPricePerLitre": 4.0
        },
        "store": {
            "id": "5e5ee46cd74776781f092c74",
            "name": "Prebbleton"
        }
    },
    {
        "productData": {
            "name": "V Guarana Energy Drink Blue Sugarfree 250ml",
            "productId": "v-blue-sugarfree-energy-drink-250ml",
            "productShopPage": "https://prebbleton.store.freshchoice.co.nz/lines/v-blue-sugarfree-energy-drink-250ml",
            "productImageURL": "https://dtgxwmigmg3gc.cloudfront.net/imagery/assets/derivations/icon/512/512/true/eyJpZCI6IjI3YWJiOTVhYjNhMjEwMDU2MWJhMmRhNTM3YjRhZjVmIiwic3RvcmFnZSI6InB1YmxpY19zdG9yZSJ9?signature=66769306ca1d0ba674603954d338186dc999f6d1839090d49fde9416b3252365",
            "productDescription": ""
        },
        "priceData": {
            "bestPrice": "2.20",
            "price": "2.20",
            "pricePerLitre": 8.8,
            "bestPricePerLitre": 8.8
        },
        "store": {
            "id": "5e5ee46cd74776781f092c74",
            "name": "Prebbleton"
        }
    },
    {
        "productData": {
            "name": "Live Plus Energy Drink Original Citrus Flavour 355ml",
            "productId": "live-plus-persist-glass-355ml",
            "productShopPage": "https://prebbleton.store.freshchoice.co.nz/lines/live-plus-persist-glass-355ml",
            "productImageURL": "https://dtgxwmigmg3gc.cloudfront.net/imagery/assets/derivations/icon/512/512/true/eyJpZCI6ImYzMjZlMTdmMmI5ZGRjZGYzYmFmNzNiMWQzN2Y5NDI4Iiwic3RvcmFnZSI6InB1YmxpY19zdG9yZSJ9?signature=8fa31eb2b309e9c7a293ba2e7a7541e3cdc686b1d3f519044aa97c666ae5f630",
            "productDescription": ""
        },
        "priceData": {
            "bestPrice": "2.80",
            "price": "2.80",
            "pricePerLitre": 7.9,
            "bestPricePerLitre": 7.9
        },
        "store": {
            "id": "5e5ee46cd74776781f092c74",
            "name": "Prebbleton"
        }
    },
    {
        "productData": {
            "name": "Live Plus Energy Drink Original Citrus Flavour 6 x 250ml",
            "productId": "live-plus-persist-250ml-6pack",
            "productShopPage": "https://prebbleton.store.freshchoice.co.nz/lines/live-plus-persist-250ml-6pack",
            "productImageURL": "https://dtgxwmigmg3gc.cloudfront.net/imagery/assets/derivations/icon/512/512/true/eyJpZCI6IjNmODNiNGI4MzI4MzJmNzhjZmJhNDA1OGUyZWFlM2ZhIiwic3RvcmFnZSI6InB1YmxpY19zdG9yZSJ9?signature=0257f943d0c41562773e51cbd42327ad911228832e33494e9c30381e20305337",
            "productDescription": ""
        },
        "priceData": {
            "bestPrice": "7.70",
            "price": "7.70",
            "pricePerLitre": 5.1,
            "bestPricePerLitre": 5.1
        },
        "store": {
            "id": "5e5ee46cd74776781f092c74",
            "name": "Prebbleton"
        }
    },
    {
        "productData": {
            "name": "Rockstar Punched Energy Guava 500ml",
            "productId": "rockstar-punched-energy-guava-500ml",
            "productShopPage": "https://prebbleton.store.freshchoice.co.nz/lines/rockstar-punched-energy-guava-500ml",
            "productImageURL": "https://dtgxwmigmg3gc.cloudfront.net/imagery/assets/derivations/icon/512/512/true/eyJpZCI6IjBmNGEyNjU2MGQwM2Y4OGI4MWE3ZTMyODUzYTRlN2QyIiwic3RvcmFnZSI6InB1YmxpY19zdG9yZSJ9?signature=fab45ac774e74d87cf7a79de075f47290676fd6d4afcf212198c745670d5ce29",
            "productDescription": ""
        },
        "priceData": {
            "bestPrice": "2.00",
            "price": "2.00",
            "pricePerLitre": 4.0,
            "bestPricePerLitre": 4.0
        },
        "store": {
            "id": "5e5ee46cd74776781f092c74",
            "name": "Prebbleton"
        }
    },
    {
        "productData": {
            "name": "Mother Kicked Apple 500ml",
            "productId": "mother-kicked-apple-500ml",
            "productShopPage": "https://queenstown.store.freshchoice.co.nz/lines/mother-kicked-apple-500ml",
            "productImageURL": "https://dtgxwmigmg3gc.cloudfront.net/imagery/assets/derivations/icon/512/512/true/eyJpZCI6IjNhZTlkYjkwYTM4MDFjMGEwYjUwYThhMDAwYjkyZjM0Iiwic3RvcmFnZSI6InB1YmxpY19zdG9yZSJ9?signature=c1a1db0a5d7b074c388cf08560fd44a4a2b6127821554198e54eeea8474325f6",
            "productDescription": ""
        },
        "priceData": {
            "bestPrice": "2.00",
            "price": "2.00",
            "pricePerLitre": 4.0,
            "bestPricePerLitre": 4.0
        },
        "store": {
            "id": "5e7590c56d8e6913580489e5",
            "name": "Queenstown"
        }
    },
    {
        "productData": {
            "name": "Monster Energy Ultra Paradise 500ml",
            "productId": "monster-energy-drink-ultra-paradise-500ml",
            "productShopPage": "https://queenstown.store.freshchoice.co.nz/lines/monster-energy-drink-ultra-paradise-500ml",
            "productImageURL": "https://dtgxwmigmg3gc.cloudfront.net/imagery/assets/derivations/icon/512/512/true/eyJpZCI6ImZiZDRkZTQxNzA0M2FiYTUyMjMwZWI0NTcyZGNmYTE1Iiwic3RvcmFnZSI6InB1YmxpY19zdG9yZSJ9?signature=8a439bf26b71114289dfea1720ed331b1e4784c534deade29db8ac38b1cc7c1a",
            "productDescription": ""
        },
        "priceData": {
            "bestPrice": "3.00",
            "price": "3.00",
            "pricePerLitre": 6.0,
            "bestPricePerLitre": 6.0
        },
        "store": {
            "id": "5e7590c56d8e6913580489e5",
            "name": "Queenstown"
        }
    },
    {
        "productData": {
            "name": "Monster Energy Ultra Sunrise 500ml",
            "productId": "monster-energy-ultra-sunrise-500ml",
            "productShopPage": "https://queenstown.store.freshchoice.co.nz/lines/monster-energy-ultra-sunrise-500ml",
            "productImageURL": "https://dtgxwmigmg3gc.cloudfront.net/imagery/assets/derivations/icon/512/512/true/eyJpZCI6ImFlNTVkY2RiZTZiZjg3OGZjZTdlOTU1OTFhMDE4YTdiIiwic3RvcmFnZSI6InB1YmxpY19zdG9yZSJ9?signature=b98350feca08b6ab128cc925fef23a58f65a36f94ede15cb2174f6f88a0f8a0f",
            "productDescription": ""
        },
        "priceData": {
            "bestPrice": "3.00",
            "price": "3.00",
            "pricePerLitre": 6.0,
            "bestPricePerLitre": 6.0
        },
        "store": {
            "id": "5e7590c56d8e6913580489e5",
            "name": "Queenstown"
        }
    },
    {
        "productData": {
            "name": "Monster Energy Ultra Zero 500ml",
            "productId": "monster-energy-ultra-zero-500ml",
            "productShopPage": "https://queenstown.store.freshchoice.co.nz/lines/monster-energy-ultra-zero-500ml",
            "productImageURL": "https://dtgxwmigmg3gc.cloudfront.net/imagery/assets/derivations/icon/512/512/true/eyJpZCI6IjdhN2FhYTUwZWU2NTYwYjBiNGY1NThhMTgwNmVlODI3Iiwic3RvcmFnZSI6InB1YmxpY19zdG9yZSJ9?signature=7907c49ba7d043175a426f84a71776de7dd51fa5c249237063aca9cb098abdbe",
            "productDescription": ""
        },
        "priceData": {
            "bestPrice": "3.00",
            "price": "3.00",
            "pricePerLitre": 6.0,
            "bestPricePerLitre": 6.0
        },
        "store": {
            "id": "5e7590c56d8e6913580489e5",
            "name": "Queenstown"
        }
    },
    {
        "productData": {
            "name": "Monster Energy Drink Ultra Rosa 500ml",
            "productId": "monster-energy-drink-ultra-rosa-500ml",
            "productShopPage": "https://queenstown.store.freshchoice.co.nz/lines/monster-energy-drink-ultra-rosa-500ml",
            "productImageURL": "https://dtgxwmigmg3gc.cloudfront.net/imagery/assets/derivations/icon/512/512/true/eyJpZCI6IjZjYzFjMzcwYzM4Mzk4N2MyOTUzNWIyMTFjZTJlYjgxIiwic3RvcmFnZSI6InB1YmxpY19zdG9yZSJ9?signature=9cd08284785f9b24647ecc7d1dc08214d9d00318cc809bebdef1921d6b78bb95",
            "productDescription": ""
        },
        "priceData": {
            "bestPrice": "3.00",
            "price": "3.00",
            "pricePerLitre": 6.0,
            "bestPricePerLitre": 6.0
        },
        "store": {
            "id": "5e7590c56d8e6913580489e5",
            "name": "Queenstown"
        }
    },
    {
        "productData": {
            "name": "Mother Energy Drink Berry 500ml",
            "productId": "mother-energy-drink-berry-500ml",
            "productShopPage": "https://queenstown.store.freshchoice.co.nz/lines/mother-energy-drink-berry-500ml",
            "productImageURL": "https://dtgxwmigmg3gc.cloudfront.net/imagery/assets/derivations/icon/512/512/true/eyJpZCI6ImRhYTJlNjUzNzRjZjViNjI0ZDljNzUzNDA3YmE0ZDFkIiwic3RvcmFnZSI6InB1YmxpY19zdG9yZSJ9?signature=d9ffb465d71d599811c2ff7a788845bfe297eb3624ad7866a89cf0b3ece073f0",
            "productDescription": ""
        },
        "priceData": {
            "bestPrice": "2.00",
            "price": "2.00",
            "pricePerLitre": 4.0,
            "bestPricePerLitre": 4.0
        },
        "store": {
            "id": "5e7590c56d8e6913580489e5",
            "name": "Queenstown"
        }
    },
    {
        "productData": {
            "name": "Mother Energy Drink Black 500ml",
            "productId": "mother-energy-drink-black-500ml",
            "productShopPage": "https://queenstown.store.freshchoice.co.nz/lines/mother-energy-drink-black-500ml",
            "productImageURL": "https://dtgxwmigmg3gc.cloudfront.net/imagery/assets/derivations/icon/512/512/true/eyJpZCI6ImYyMzA5MjhkYjg3ODFhYmYzZDU3ZjE1YjNmYzU2MWFjIiwic3RvcmFnZSI6InB1YmxpY19zdG9yZSJ9?signature=d3dbddb83d3d457075cd5d8936bef0c5b48fce4fa3fe725995d8b6d57219ceb5",
            "productDescription": ""
        },
        "priceData": {
            "bestPrice": "2.00",
            "price": "2.00",
            "pricePerLitre": 4.0,
            "bestPricePerLitre": 4.0
        },
        "store": {
            "id": "5e7590c56d8e6913580489e5",
            "name": "Queenstown"
        }
    },
    {
        "productData": {
            "name": "Mother Energy Drink Passion 500ml",
            "productId": "mother-energy-drink-passion-500ml",
            "productShopPage": "https://queenstown.store.freshchoice.co.nz/lines/mother-energy-drink-passion-500ml",
            "productImageURL": "https://dtgxwmigmg3gc.cloudfront.net/imagery/assets/derivations/icon/512/512/true/eyJpZCI6ImQwODE2YTc4ZjBmNGU4NTU5Mzg1YjkxZmI5YjIzZjM0Iiwic3RvcmFnZSI6InB1YmxpY19zdG9yZSJ9?signature=713c495fef96a6427b917f0c7c7e855a963749ac5c1bf7dfd71e24ae08ea3123",
            "productDescription": ""
        },
        "priceData": {
            "bestPrice": "2.00",
            "price": "2.00",
            "pricePerLitre": 4.0,
            "bestPricePerLitre": 4.0
        },
        "store": {
            "id": "5e7590c56d8e6913580489e5",
            "name": "Queenstown"
        }
    },
    {
        "productData": {
            "name": "Mother Tropical Blast 500ml",
            "productId": "mother-tropical-blast-500ml",
            "productShopPage": "https://queenstown.store.freshchoice.co.nz/lines/mother-tropical-blast-500ml",
            "productImageURL": "https://dtgxwmigmg3gc.cloudfront.net/imagery/assets/derivations/icon/512/512/true/eyJpZCI6ImEyZmM1OTUwNDhlODM5YTRhMjQ2MTI1OGEyYzNlZWZhIiwic3RvcmFnZSI6InB1YmxpY19zdG9yZSJ9?signature=6c9470ee4067e8ec32b58eeac9d628404d3986058a9b1cdef46014d1bee50944",
            "productDescription": ""
        },
        "priceData": {
            "bestPrice": "2.00",
            "price": "2.00",
            "pricePerLitre": 4.0,
            "bestPricePerLitre": 4.0
        },
        "store": {
            "id": "5e7590c56d8e6913580489e5",
            "name": "Queenstown"
        }
    },
    {
        "productData": {
            "name": "Mother Epic Swell Energy Drink Twisted Apple 500ml",
            "productId": "mother-epic-swell-energy-drink-twisted-apple-500ml",
            "productShopPage": "https://queenstown.store.freshchoice.co.nz/lines/mother-epic-swell-energy-drink-twisted-apple-500ml",
            "productImageURL": "https://dtgxwmigmg3gc.cloudfront.net/imagery/assets/derivations/icon/512/512/true/eyJpZCI6ImE2ZjYxOGNhNjUyYzMxNzRhNjg2MDBhMGVjZmQ3MmJkIiwic3RvcmFnZSI6InB1YmxpY19zdG9yZSJ9?signature=954f74f8aba0fb24cb2a5248b1e93fe8a62fb8c7f902abbb08b7aed24bc44c80",
            "productDescription": ""
        },
        "priceData": {
            "bestPrice": "2.00",
            "price": "2.00",
            "pricePerLitre": 4.0,
            "bestPricePerLitre": 4.0
        },
        "store": {
            "id": "5e7590c56d8e6913580489e5",
            "name": "Queenstown"
        }
    },
    {
        "productData": {
            "name": "Monster Energy Juice Mango Loco 500ml",
            "productId": "monster-energy-juice-mango-loco-500ml-can",
            "productShopPage": "https://queenstown.store.freshchoice.co.nz/lines/monster-energy-juice-mango-loco-500ml-can",
            "productImageURL": "https://dtgxwmigmg3gc.cloudfront.net/imagery/assets/derivations/icon/512/512/true/eyJpZCI6ImUyNmIyNzdlMzJkOTg5NjI4YWYxYzg2MTU2MjI0ZjgzIiwic3RvcmFnZSI6InB1YmxpY19zdG9yZSJ9?signature=db65ff44183396e60e8f4c13003417fb1277f7685b136cf223d7701f7e945faf",
            "productDescription": ""
        },
        "priceData": {
            "bestPrice": "3.00",
            "price": "3.00",
            "pricePerLitre": 6.0,
            "bestPricePerLitre": 6.0
        },
        "store": {
            "id": "5e7590c56d8e6913580489e5",
            "name": "Queenstown"
        }
    },
    {
        "productData": {
            "name": "V Energy Drink 710ml Can",
            "productId": "v-energy-drink-710ml-can",
            "productShopPage": "https://queenstown.store.freshchoice.co.nz/lines/v-energy-drink-710ml-can",
            "productImageURL": "https://dtgxwmigmg3gc.cloudfront.net/imagery/assets/derivations/icon/512/512/true/eyJpZCI6ImU1Mjg5NDIyNDI0MzhlNGM0N2IxY2FmMmExOWQ0OGI0Iiwic3RvcmFnZSI6InB1YmxpY19zdG9yZSJ9?signature=875386458f8ad66eb59967a1ca6ad24a19d1592f97a894e439af7d9be1852340",
            "productDescription": ""
        },
        "priceData": {
            "bestPrice": "3.99",
            "price": "3.99",
            "pricePerLitre": 5.6000000000000005,
            "bestPricePerLitre": 5.6000000000000005
        },
        "store": {
            "id": "5e7590c56d8e6913580489e5",
            "name": "Queenstown"
        }
    },
    {
        "productData": {
            "name": "V Energy Drink Guarana 500ml",
            "productId": "v-energy-drink-guarana-500ml",
            "productShopPage": "https://queenstown.store.freshchoice.co.nz/lines/v-energy-drink-guarana-500ml",
            "productImageURL": "https://dtgxwmigmg3gc.cloudfront.net/imagery/assets/derivations/icon/512/512/true/eyJpZCI6IjgzZDAxMjhiMzg4NmEwZmE4YTE2ZjY2NWIzNmM2NzI2Iiwic3RvcmFnZSI6InB1YmxpY19zdG9yZSJ9?signature=f55ecc561066291a4e74a967db35ea2355f881bd1708bf400fd790032384ae4f",
            "productDescription": ""
        },
        "priceData": {
            "bestPrice": "3.80",
            "price": "3.80",
            "pricePerLitre": 7.6,
            "bestPricePerLitre": 7.6
        },
        "store": {
            "id": "5e7590c56d8e6913580489e5",
            "name": "Queenstown"
        }
    },
    {
        "productData": {
            "name": "V Energy Drink Sugarfree 500ml",
            "productId": "v-energy-drink-sugarfree-500ml",
            "productShopPage": "https://queenstown.store.freshchoice.co.nz/lines/v-energy-drink-sugarfree-500ml",
            "productImageURL": "https://dtgxwmigmg3gc.cloudfront.net/imagery/assets/derivations/icon/512/512/true/eyJpZCI6ImVkZTAxNTNmMDI1NmU1NDZjNWQ5MTc3MjE3ZTQ3YTQ0Iiwic3RvcmFnZSI6InB1YmxpY19zdG9yZSJ9?signature=abcf72d9faa9ee3044eaa3b7ee0bf9b4fd8f582379018d8727f2234b7d3f3c85",
            "productDescription": ""
        },
        "priceData": {
            "bestPrice": "3.80",
            "price": "3.80",
            "pricePerLitre": 7.6,
            "bestPricePerLitre": 7.6
        },
        "store": {
            "id": "5e7590c56d8e6913580489e5",
            "name": "Queenstown"
        }
    },
    {
        "productData": {
            "name": "V Energy Drink Sugar Free Guarana 250ml",
            "productId": "v-energy-drink-sugar-free-guarana-250ml",
            "productShopPage": "https://queenstown.store.freshchoice.co.nz/lines/v-energy-drink-sugar-free-guarana-250ml",
            "productImageURL": "https://dtgxwmigmg3gc.cloudfront.net/imagery/assets/derivations/icon/512/512/true/eyJpZCI6ImZiNzM1NmU4NTMyZDllODlkZTljZmNlOGY2MzQ5NGQwIiwic3RvcmFnZSI6InB1YmxpY19zdG9yZSJ9?signature=72b0ce0a48ca796717c115fe5e8b4564501470f63bf80ae865d26e9d131a2b8c",
            "productDescription": ""
        },
        "priceData": {
            "bestPrice": "2.20",
            "price": "2.20",
            "pricePerLitre": 8.8,
            "bestPricePerLitre": 8.8
        },
        "store": {
            "id": "5e7590c56d8e6913580489e5",
            "name": "Queenstown"
        }
    },
    {
        "productData": {
            "name": "V Energy Drink Blue Guarana Spritzed 350ml",
            "productId": "v-blue-energy-drink-blue-guarana-spritzed-350ml",
            "productShopPage": "https://queenstown.store.freshchoice.co.nz/lines/v-blue-energy-drink-blue-guarana-spritzed-350ml",
            "productImageURL": "https://dtgxwmigmg3gc.cloudfront.net/imagery/assets/derivations/icon/512/512/true/eyJpZCI6ImY2OTRlZGI4NjdlNWMzZDM5NzgzMDQ0ODFkMzUxZGZiIiwic3RvcmFnZSI6InB1YmxpY19zdG9yZSJ9?signature=591b3079cb9c2407a29b3bc348eaf42dc1d34daba5c9d7aba65be654725b6719",
            "productDescription": ""
        },
        "priceData": {
            "bestPrice": "2.30",
            "price": "2.30",
            "pricePerLitre": 10.0,
            "bestPricePerLitre": 10.0
        },
        "store": {
            "id": "5e7590c56d8e6913580489e5",
            "name": "Queenstown"
        }
    },
    {
        "productData": {
            "name": "V Energy Drink Green Guarana 350ml",
            "productId": "v-energy-drink-green-guarana-350ml",
            "productShopPage": "https://queenstown.store.freshchoice.co.nz/lines/v-energy-drink-green-guarana-350ml",
            "productImageURL": "https://dtgxwmigmg3gc.cloudfront.net/imagery/assets/derivations/icon/512/512/true/eyJpZCI6IjRiNjY4ZjYxOTQ2ODYyN2MzM2NiZWMyNGUyNmIyODk4Iiwic3RvcmFnZSI6InB1YmxpY19zdG9yZSJ9?signature=4cded9cb42349eef45a593461f311b1bb7fa881295733879671ad9fe9887d30c",
            "productDescription": ""
        },
        "priceData": {
            "bestPrice": "2.30",
            "price": "2.30",
            "pricePerLitre": 10.0,
            "bestPricePerLitre": 10.0
        },
        "store": {
            "id": "5e7590c56d8e6913580489e5",
            "name": "Queenstown"
        }
    },
    {
        "productData": {
            "name": "V Energy Drink Guarana Can 250ml",
            "productId": "v-energy-drink-guarana-can-250ml",
            "productShopPage": "https://queenstown.store.freshchoice.co.nz/lines/v-energy-drink-guarana-can-250ml",
            "productImageURL": "https://dtgxwmigmg3gc.cloudfront.net/imagery/assets/derivations/icon/512/512/true/eyJpZCI6Ijc3Nzk1NjE2ZDhhNmFiMThhYzEzODYzOTg2ZmNkNzgwIiwic3RvcmFnZSI6InB1YmxpY19zdG9yZSJ9?signature=f5de1854d43e19cc62bff86893d4a55615cd916f8425a4dccd170b52eba81255",
            "productDescription": ""
        },
        "priceData": {
            "bestPrice": "2.20",
            "price": "2.20",
            "pricePerLitre": 8.8,
            "bestPricePerLitre": 8.8
        },
        "store": {
            "id": "5e7590c56d8e6913580489e5",
            "name": "Queenstown"
        }
    },
    {
        "productData": {
            "name": "V Energy Drink Guarana Can 500ml",
            "productId": "v-energy-drink-guarana-can-500ml",
            "productShopPage": "https://queenstown.store.freshchoice.co.nz/lines/v-energy-drink-guarana-can-500ml",
            "productImageURL": "https://dtgxwmigmg3gc.cloudfront.net/imagery/assets/derivations/icon/512/512/true/eyJpZCI6ImI0NjgzNGZjNDRkMjU0MjgzYzJjZGNhMzA2NWIxYjA5Iiwic3RvcmFnZSI6InB1YmxpY19zdG9yZSJ9?signature=265e8273409849423466e7623cbbdf8352940707b8830803eec391e8f32c9c5f",
            "productDescription": ""
        },
        "priceData": {
            "bestPrice": "3.50",
            "price": "3.50",
            "pricePerLitre": 7.0,
            "bestPricePerLitre": 7.0
        },
        "store": {
            "id": "5e7590c56d8e6913580489e5",
            "name": "Queenstown"
        }
    },
    {
        "productData": {
            "name": "V Energy Drink Raspberry Lemonade 350ml",
            "productId": "v-energy-drink-raspberry-lemonade-350ml",
            "productShopPage": "https://queenstown.store.freshchoice.co.nz/lines/v-energy-drink-raspberry-lemonade-350ml",
            "productImageURL": "https://dtgxwmigmg3gc.cloudfront.net/imagery/assets/derivations/icon/512/512/true/eyJpZCI6IjliNWMwMGJkN2IxYWRhY2UxNzU5NzY1ZTI4MjUzZDgyIiwic3RvcmFnZSI6InB1YmxpY19zdG9yZSJ9?signature=1813e587f3636e394a15aa9e19234f9343024a6880220b0dda0a5d69b1f1c010",
            "productDescription": ""
        },
        "priceData": {
            "bestPrice": "2.30",
            "price": "2.30",
            "pricePerLitre": 10.0,
            "bestPricePerLitre": 10.0
        },
        "store": {
            "id": "5e7590c56d8e6913580489e5",
            "name": "Queenstown"
        }
    },
    {
        "productData": {
            "name": "V Energy Drink Sugar Free Guarana 500ml",
            "productId": "v-energy-drink-sugar-free-guarana-500ml",
            "productShopPage": "https://queenstown.store.freshchoice.co.nz/lines/v-energy-drink-sugar-free-guarana-500ml",
            "productImageURL": "https://dtgxwmigmg3gc.cloudfront.net/imagery/assets/derivations/icon/512/512/true/eyJpZCI6Ijg4MGExMDYxOTY4NTJiYzM1ZTExMmU2MGE2OWYxNDE3Iiwic3RvcmFnZSI6InB1YmxpY19zdG9yZSJ9?signature=b0536d25b9da8158705e24c88e21fabbf85c1dabc19f18108c386e956ffd7045",
            "productDescription": ""
        },
        "priceData": {
            "bestPrice": "3.50",
            "price": "3.50",
            "pricePerLitre": 7.0,
            "bestPricePerLitre": 7.0
        },
        "store": {
            "id": "5e7590c56d8e6913580489e5",
            "name": "Queenstown"
        }
    },
    {
        "productData": {
            "name": "V Blue Energy Drink Bottle 500ml",
            "productId": "v-blue-energy-drink-bottle-500ml",
            "productShopPage": "https://queenstown.store.freshchoice.co.nz/lines/v-blue-energy-drink-bottle-500ml",
            "productImageURL": "https://dtgxwmigmg3gc.cloudfront.net/imagery/assets/derivations/icon/512/512/true/eyJpZCI6IjgyYWYxYWY4MGI4MzUxODhiYmVhZGVhM2U2NzY0MzI5Iiwic3RvcmFnZSI6InB1YmxpY19zdG9yZSJ9?signature=7e70fc576864a528a1431734d680cbf177a11b419a692dbfd34800c31b8944ec",
            "productDescription": ""
        },
        "priceData": {
            "bestPrice": "3.80",
            "price": "3.80",
            "pricePerLitre": 7.6,
            "bestPricePerLitre": 7.6
        },
        "store": {
            "id": "5e7590c56d8e6913580489e5",
            "name": "Queenstown"
        }
    },
    {
        "productData": {
            "name": "V Blue Sugarfree Energy Drink 500ml",
            "productId": "v-blue-sugarfree-energy-drink-500ml",
            "productShopPage": "https://queenstown.store.freshchoice.co.nz/lines/v-blue-sugarfree-energy-drink-500ml",
            "productImageURL": "https://dtgxwmigmg3gc.cloudfront.net/imagery/assets/derivations/icon/512/512/true/eyJpZCI6ImVmYjQyOWRmM2JjZjc3NTY1ZDIwMTEyNTY0MDdmZjA1Iiwic3RvcmFnZSI6InB1YmxpY19zdG9yZSJ9?signature=2911d59474d8305039a3be3bef0f887c38d9ab84596314b13cc4b150101175ab",
            "productDescription": ""
        },
        "priceData": {
            "bestPrice": "3.50",
            "price": "3.50",
            "pricePerLitre": 7.0,
            "bestPricePerLitre": 7.0
        },
        "store": {
            "id": "5e7590c56d8e6913580489e5",
            "name": "Queenstown"
        }
    },
    {
        "productData": {
            "name": "V Raspberry Lemonade Energy Drink 500ml",
            "productId": "v-energy-drink-raspberry-lemonade-500ml-can",
            "productShopPage": "https://queenstown.store.freshchoice.co.nz/lines/v-energy-drink-raspberry-lemonade-500ml-can",
            "productImageURL": "https://dtgxwmigmg3gc.cloudfront.net/imagery/assets/derivations/icon/512/512/true/eyJpZCI6ImE3N2Y5NzBmY2FhOWZhYmZiOTc3MmYyMzE4MGRiOTcxIiwic3RvcmFnZSI6InB1YmxpY19zdG9yZSJ9?signature=2bb7890fe6d7b0c0c6a522be31c78077be0aa570ca4c8aa5549ccf80761262dc",
            "productDescription": ""
        },
        "priceData": {
            "bestPrice": "3.50",
            "price": "3.50",
            "pricePerLitre": 7.0,
            "bestPricePerLitre": 7.0
        },
        "store": {
            "id": "5e7590c56d8e6913580489e5",
            "name": "Queenstown"
        }
    },
    {
        "productData": {
            "name": "V Blue Energy Drink Blue Guarana Can 250ml",
            "productId": "v-blue-energy-drink-blue-guarana-can-250ml",
            "productShopPage": "https://queenstown.store.freshchoice.co.nz/lines/v-blue-energy-drink-blue-guarana-can-250ml",
            "productImageURL": "https://dtgxwmigmg3gc.cloudfront.net/imagery/assets/derivations/icon/512/512/true/eyJpZCI6IjBmZjQwNDEyZWQ2ZDk4YTg3YWQ2ZDUyMWZlNjM1YzJkIiwic3RvcmFnZSI6InB1YmxpY19zdG9yZSJ9?signature=8f745abe5614ec47b3d7a07f1a34ba529184a87b2a696211ba5a0f9f29c86bf0",
            "productDescription": ""
        },
        "priceData": {
            "bestPrice": "2.20",
            "price": "2.20",
            "pricePerLitre": 8.8,
            "bestPricePerLitre": 8.8
        },
        "store": {
            "id": "5e7590c56d8e6913580489e5",
            "name": "Queenstown"
        }
    },
    {
        "productData": {
            "name": "V Blue Energy Drink Blue Guarana Can 500ml",
            "productId": "v-blue-energy-drink-blue-guarana-can-500ml",
            "productShopPage": "https://queenstown.store.freshchoice.co.nz/lines/v-blue-energy-drink-blue-guarana-can-500ml",
            "productImageURL": "https://dtgxwmigmg3gc.cloudfront.net/imagery/assets/derivations/icon/512/512/true/eyJpZCI6ImFmYjEyYjVjYTU2YWI5ZDJhMTVmNGY2MDg2NWFlNzgxIiwic3RvcmFnZSI6InB1YmxpY19zdG9yZSJ9?signature=b537a8cc5a2c0f90f1702b2c541db44c3a740a0ec4a96e92ab2d6537f9320e8d",
            "productDescription": ""
        },
        "priceData": {
            "bestPrice": "3.50",
            "price": "3.50",
            "pricePerLitre": 7.0,
            "bestPricePerLitre": 7.0
        },
        "store": {
            "id": "5e7590c56d8e6913580489e5",
            "name": "Queenstown"
        }
    },
    {
        "productData": {
            "name": "V Iced Coffee Guarana Energy 500ml",
            "productId": "v-iced-coffee-guarana-energy-500ml",
            "productShopPage": "https://queenstown.store.freshchoice.co.nz/lines/v-iced-coffee-guarana-energy-500ml",
            "productImageURL": "https://dtgxwmigmg3gc.cloudfront.net/imagery/assets/derivations/icon/512/512/true/eyJpZCI6ImM0Zjc4YjRmYWVjMjk0NTJkZTNkYzZjNmY5MzBlMjU2Iiwic3RvcmFnZSI6InB1YmxpY19zdG9yZSJ9?signature=14312b2813aab9c1ad551700ec97cd58a3a7f95bef4d0bd7ae7aa2dcf8fcdc9d",
            "productDescription": ""
        },
        "priceData": {
            "bestPrice": "4.00",
            "price": "4.00"
        },
        "store": {
            "id": "5e7590c56d8e6913580489e5",
            "name": "Queenstown"
        }
    },
    {
        "productData": {
            "name": "V Iced Mocha Guarana Energy 500ml",
            "productId": "v-iced-mocha-guarana-energy-500ml",
            "productShopPage": "https://queenstown.store.freshchoice.co.nz/lines/v-iced-mocha-guarana-energy-500ml",
            "productImageURL": "https://dtgxwmigmg3gc.cloudfront.net/imagery/assets/derivations/icon/512/512/true/eyJpZCI6ImNiMDRkODVlZmQ2YjhiZGMxMWU4Zjk5OGEwOTczODg1Iiwic3RvcmFnZSI6InB1YmxpY19zdG9yZSJ9?signature=3e63d4ec34ef65794a07ea00749a785cb88ce90997e6e7d12629c3c0f205de6d",
            "productDescription": ""
        },
        "priceData": {
            "bestPrice": "4.00",
            "price": "4.00"
        },
        "store": {
            "id": "5e7590c56d8e6913580489e5",
            "name": "Queenstown"
        }
    },
    {
        "productData": {
            "name": "V Energy Drink Sugar Free Guarana Bottle 350ml",
            "productId": "v-energy-drink-sugar-free-guarana-bottle-350ml",
            "productShopPage": "https://queenstown.store.freshchoice.co.nz/lines/v-energy-drink-sugar-free-guarana-bottle-350ml",
            "productImageURL": "https://dtgxwmigmg3gc.cloudfront.net/imagery/assets/derivations/icon/512/512/true/eyJpZCI6IjQzYmZlOTg1YzY2ZGQ0ZDI1YzUyZDk3MGJhMmJhMGM3Iiwic3RvcmFnZSI6InB1YmxpY19zdG9yZSJ9?signature=7a4bb3eb2264f52495ae9ba8fbf21b5a3e59e12c0d6208cfa1591261da333f55",
            "productDescription": ""
        },
        "priceData": {
            "bestPrice": "2.30",
            "price": "2.30",
            "pricePerLitre": 10.0,
            "bestPricePerLitre": 10.0
        },
        "store": {
            "id": "5e7590c56d8e6913580489e5",
            "name": "Queenstown"
        }
    },
    {
        "productData": {
            "name": "V Pure Energy Drink Bottle 330ml",
            "productId": "v-pure-330ml-bottle",
            "productShopPage": "https://queenstown.store.freshchoice.co.nz/lines/v-pure-330ml-bottle",
            "productImageURL": "https://dtgxwmigmg3gc.cloudfront.net/imagery/assets/derivations/icon/512/512/true/eyJpZCI6ImFjZmFlNGE1MmQ1ZmNhOTVhN2IyNzdhOGQ3ZTBjNTY0Iiwic3RvcmFnZSI6InB1YmxpY19zdG9yZSJ9?signature=ff03797de044ef70d02854192249a79b3cd819353c7171ef7358378e76bfc089",
            "productDescription": ""
        },
        "priceData": {
            "bestPrice": "3.50",
            "price": "3.50",
            "pricePerLitre": 10.600000000000001,
            "bestPricePerLitre": 10.600000000000001
        },
        "store": {
            "id": "5e7590c56d8e6913580489e5",
            "name": "Queenstown"
        }
    },
    {
        "productData": {
            "name": "Monster Super Fuel Zero Sugar 550ml",
            "productId": "monster-super-fuel-zero-sugar-550ml",
            "productShopPage": "https://queenstown.store.freshchoice.co.nz/lines/monster-super-fuel-zero-sugar-550ml",
            "productImageURL": "https://dtgxwmigmg3gc.cloudfront.net/imagery/assets/derivations/icon/512/512/true/eyJpZCI6IjRkOTE3NzhmODIxNDI1ZDJjNDg3Yjc0M2YyMzEyYmYxIiwic3RvcmFnZSI6InB1YmxpY19zdG9yZSJ9?signature=4b9dbd15c40f85466e597873c567f989183b284947e8c8dc4df58667789214a2",
            "productDescription": ""
        },
        "priceData": {
            "bestPrice": "4.00",
            "price": "4.00",
            "pricePerLitre": 7.3,
            "bestPricePerLitre": 7.3
        },
        "store": {
            "id": "5e7590c56d8e6913580489e5",
            "name": "Queenstown"
        }
    },
    {
        "productData": {
            "name": "Monster Mule Ginger Brew 500ml",
            "productId": "monster-mule-ginger-brew-500ml",
            "productShopPage": "https://queenstown.store.freshchoice.co.nz/lines/monster-mule-ginger-brew-500ml",
            "productImageURL": "https://dtgxwmigmg3gc.cloudfront.net/imagery/assets/derivations/icon/512/512/true/eyJpZCI6ImM1OTM5MTIyZTRlNmNhNzk0ODFlMDE4ZWVmMWE2Y2ZlIiwic3RvcmFnZSI6InB1YmxpY19zdG9yZSJ9?signature=5d11287f30ef58c148e37382d61c0d83097d5461683a9aa5dd9456941c1f32e5",
            "productDescription": ""
        },
        "priceData": {
            "bestPrice": "3.00",
            "price": "3.00",
            "pricePerLitre": 6.0,
            "bestPricePerLitre": 6.0
        },
        "store": {
            "id": "5e7590c56d8e6913580489e5",
            "name": "Queenstown"
        }
    },
    {
        "productData": {
            "name": "Monster Super Fuel Purple Passion 550ml",
            "productId": "monster-super-fuel-purple-passion-550ml",
            "productShopPage": "https://queenstown.store.freshchoice.co.nz/lines/monster-super-fuel-purple-passion-550ml",
            "productImageURL": "https://dtgxwmigmg3gc.cloudfront.net/imagery/assets/derivations/icon/512/512/true/eyJpZCI6IjNkMTY1OTQwMzgyOTZjZjVlMjNlNjBjMDQ3NTE1YWM0Iiwic3RvcmFnZSI6InB1YmxpY19zdG9yZSJ9?signature=4d4ccd77dab941d955a8037242a41833afdc7251d3bd5b5c4b99705770273998",
            "productDescription": ""
        },
        "priceData": {
            "bestPrice": "4.00",
            "price": "4.00",
            "pricePerLitre": 7.3,
            "bestPricePerLitre": 7.3
        },
        "store": {
            "id": "5e7590c56d8e6913580489e5",
            "name": "Queenstown"
        }
    },
    {
        "productData": {
            "name": "Monster Energy Pipeline Punch 500ml",
            "productId": "monster-energy-pipeline-punch-500ml",
            "productShopPage": "https://queenstown.store.freshchoice.co.nz/lines/monster-energy-pipeline-punch-500ml",
            "productImageURL": "https://dtgxwmigmg3gc.cloudfront.net/imagery/assets/derivations/icon/512/512/true/eyJpZCI6IjM3ZWY2OTY5OWFlNTJlZTRjNTY1ZmFmYWIwOTIxMjg4Iiwic3RvcmFnZSI6InB1YmxpY19zdG9yZSJ9?signature=79ed6699c35bd716a9d5d9457c39ce62c523edaa4059b6b45d4dcc7caf65cef9",
            "productDescription": ""
        },
        "priceData": {
            "bestPrice": "3.00",
            "price": "3.00",
            "pricePerLitre": 6.0,
            "bestPricePerLitre": 6.0
        },
        "store": {
            "id": "5e7590c56d8e6913580489e5",
            "name": "Queenstown"
        }
    },
    {
        "productData": {
            "name": "Live Plus Energy Drink Citrus Flavour 500ml",
            "productId": "live-plus-persist-500ml",
            "productShopPage": "https://queenstown.store.freshchoice.co.nz/lines/live-plus-persist-500ml",
            "productImageURL": "https://dtgxwmigmg3gc.cloudfront.net/imagery/assets/derivations/icon/512/512/true/eyJpZCI6IjFlNWQ5YzI4OWM1N2UzNmYzZmI2NThlMDQzZTI3ZjE4Iiwic3RvcmFnZSI6InB1YmxpY19zdG9yZSJ9?signature=756b17fefe47174b90e7dbec8cd09db27f9f59f4994bc750b71256ae93ba9fa8",
            "productDescription": ""
        },
        "priceData": {
            "bestPrice": "2.00",
            "price": "2.00",
            "pricePerLitre": 4.0,
            "bestPricePerLitre": 4.0
        },
        "store": {
            "id": "5e7590c56d8e6913580489e5",
            "name": "Queenstown"
        }
    },
    {
        "productData": {
            "name": "Live Plus Energy Drink Tart Apple Apple Flavour 500ml",
            "productId": "live-plus-ignite-500ml",
            "productShopPage": "https://queenstown.store.freshchoice.co.nz/lines/live-plus-ignite-500ml",
            "productImageURL": "https://dtgxwmigmg3gc.cloudfront.net/imagery/assets/derivations/icon/512/512/true/eyJpZCI6IjViOGViZjhmZTQzYjFlYTMzNDM5YjJjMjg3ZDRmY2YyIiwic3RvcmFnZSI6InB1YmxpY19zdG9yZSJ9?signature=140ae19352cd0dcec7e77f90fa4dfaa9fa17086439f730510afc5d906e1415bf",
            "productDescription": ""
        },
        "priceData": {
            "bestPrice": "2.00",
            "price": "2.00",
            "pricePerLitre": 4.0,
            "bestPricePerLitre": 4.0
        },
        "store": {
            "id": "5e7590c56d8e6913580489e5",
            "name": "Queenstown"
        }
    },
    {
        "productData": {
            "name": "V Guarana Energy Drink Blue Sugarfree 250ml",
            "productId": "v-blue-sugarfree-energy-drink-250ml",
            "productShopPage": "https://queenstown.store.freshchoice.co.nz/lines/v-blue-sugarfree-energy-drink-250ml",
            "productImageURL": "https://dtgxwmigmg3gc.cloudfront.net/imagery/assets/derivations/icon/512/512/true/eyJpZCI6IjI3YWJiOTVhYjNhMjEwMDU2MWJhMmRhNTM3YjRhZjVmIiwic3RvcmFnZSI6InB1YmxpY19zdG9yZSJ9?signature=66769306ca1d0ba674603954d338186dc999f6d1839090d49fde9416b3252365",
            "productDescription": ""
        },
        "priceData": {
            "bestPrice": "2.20",
            "price": "2.20",
            "pricePerLitre": 8.8,
            "bestPricePerLitre": 8.8
        },
        "store": {
            "id": "5e7590c56d8e6913580489e5",
            "name": "Queenstown"
        }
    },
    {
        "productData": {
            "name": "Live Plus Energy Drink Original Citrus Flavour 6 x 250ml",
            "productId": "live-plus-persist-250ml-6pack",
            "productShopPage": "https://queenstown.store.freshchoice.co.nz/lines/live-plus-persist-250ml-6pack",
            "productImageURL": "https://dtgxwmigmg3gc.cloudfront.net/imagery/assets/derivations/icon/512/512/true/eyJpZCI6IjNmODNiNGI4MzI4MzJmNzhjZmJhNDA1OGUyZWFlM2ZhIiwic3RvcmFnZSI6InB1YmxpY19zdG9yZSJ9?signature=0257f943d0c41562773e51cbd42327ad911228832e33494e9c30381e20305337",
            "productDescription": ""
        },
        "priceData": {
            "bestPrice": "7.70",
            "price": "7.70",
            "pricePerLitre": 5.1,
            "bestPricePerLitre": 5.1
        },
        "store": {
            "id": "5e7590c56d8e6913580489e5",
            "name": "Queenstown"
        }
    },
    {
        "productData": {
            "name": "Rockstar Original Energy Drink 500ml",
            "productId": "rockstar-original-energy-drink-500ml",
            "productShopPage": "https://queenstown.store.freshchoice.co.nz/lines/rockstar-original-energy-drink-500ml",
            "productImageURL": "https://dtgxwmigmg3gc.cloudfront.net/imagery/assets/derivations/icon/512/512/true/eyJpZCI6IjA1ZmRmMjE1MTQ0Zjk0YjgzMDFlNzEyMjQ5OWMzZjNjIiwic3RvcmFnZSI6InB1YmxpY19zdG9yZSJ9?signature=d3b539814d47e6a54c00fa8c8b73164ccb677a65cf673f3532132f7f04c657f5",
            "productDescription": ""
        },
        "priceData": {
            "bestPrice": "2.00",
            "price": "2.00",
            "pricePerLitre": 4.0,
            "bestPricePerLitre": 4.0
        },
        "store": {
            "id": "5e7590c56d8e6913580489e5",
            "name": "Queenstown"
        }
    },
    {
        "productData": {
            "name": "Rockstar Punched Energy Guava 500ml",
            "productId": "rockstar-punched-energy-guava-500ml",
            "productShopPage": "https://queenstown.store.freshchoice.co.nz/lines/rockstar-punched-energy-guava-500ml",
            "productImageURL": "https://dtgxwmigmg3gc.cloudfront.net/imagery/assets/derivations/icon/512/512/true/eyJpZCI6IjBmNGEyNjU2MGQwM2Y4OGI4MWE3ZTMyODUzYTRlN2QyIiwic3RvcmFnZSI6InB1YmxpY19zdG9yZSJ9?signature=fab45ac774e74d87cf7a79de075f47290676fd6d4afcf212198c745670d5ce29",
            "productDescription": ""
        },
        "priceData": {
            "bestPrice": "2.00",
            "price": "2.00",
            "pricePerLitre": 4.0,
            "bestPricePerLitre": 4.0
        },
        "store": {
            "id": "5e7590c56d8e6913580489e5",
            "name": "Queenstown"
        }
    },
    {
        "productData": {
            "name": "Rockstar Energy Drink Blueberry Can 500ml",
            "productId": "rockstar-energy-drink-xdurance-blueberry-can-500ml",
            "productShopPage": "https://queenstown.store.freshchoice.co.nz/lines/rockstar-energy-drink-xdurance-blueberry-can-500ml",
            "productImageURL": "https://dtgxwmigmg3gc.cloudfront.net/imagery/assets/derivations/icon/512/512/true/eyJpZCI6IjY1MTQ4NjBlZDIwNjhlNzI5ZmRhZGMxOTM0ODQyYWU3Iiwic3RvcmFnZSI6InB1YmxpY19zdG9yZSJ9?signature=1eec52fc35535ecd0973dd7428b24690138b0ff6988229d86ccc26bfb1bbfd24",
            "productDescription": ""
        },
        "priceData": {
            "bestPrice": "2.00",
            "price": "2.00",
            "pricePerLitre": 4.0,
            "bestPricePerLitre": 4.0
        },
        "store": {
            "id": "5e7590c56d8e6913580489e5",
            "name": "Queenstown"
        }
    },
    {
        "productData": {
            "name": "Monster Energy Ultra Paradise 500ml",
            "productId": "monster-energy-drink-ultra-paradise-500ml",
            "productShopPage": "https://richmond.store.freshchoice.co.nz/lines/monster-energy-drink-ultra-paradise-500ml",
            "productImageURL": "https://dtgxwmigmg3gc.cloudfront.net/imagery/assets/derivations/icon/512/512/true/eyJpZCI6ImZiZDRkZTQxNzA0M2FiYTUyMjMwZWI0NTcyZGNmYTE1Iiwic3RvcmFnZSI6InB1YmxpY19zdG9yZSJ9?signature=8a439bf26b71114289dfea1720ed331b1e4784c534deade29db8ac38b1cc7c1a",
            "productDescription": ""
        },
        "priceData": {
            "bestPrice": "3.00",
            "price": "3.00",
            "pricePerLitre": 6.0,
            "bestPricePerLitre": 6.0
        },
        "store": {
            "id": "5cf09ec342cdd7353602d39a",
            "name": "Richmond"
        }
    },
    {
        "productData": {
            "name": "Monster Energy Drink Ultra Rosa 500ml",
            "productId": "monster-energy-drink-ultra-rosa-500ml",
            "productShopPage": "https://richmond.store.freshchoice.co.nz/lines/monster-energy-drink-ultra-rosa-500ml",
            "productImageURL": "https://dtgxwmigmg3gc.cloudfront.net/imagery/assets/derivations/icon/512/512/true/eyJpZCI6IjZjYzFjMzcwYzM4Mzk4N2MyOTUzNWIyMTFjZTJlYjgxIiwic3RvcmFnZSI6InB1YmxpY19zdG9yZSJ9?signature=9cd08284785f9b24647ecc7d1dc08214d9d00318cc809bebdef1921d6b78bb95",
            "productDescription": ""
        },
        "priceData": {
            "bestPrice": "3.00",
            "price": "3.00",
            "pricePerLitre": 6.0,
            "bestPricePerLitre": 6.0
        },
        "store": {
            "id": "5cf09ec342cdd7353602d39a",
            "name": "Richmond"
        }
    },
    {
        "productData": {
            "name": "Monster Energy Pipeline Punch 500ml",
            "productId": "monster-energy-p-line-pnch-500ml",
            "productShopPage": "https://richmond.store.freshchoice.co.nz/lines/monster-energy-p-line-pnch-500ml",
            "productImageURL": "https://dtgxwmigmg3gc.cloudfront.net/imagery/assets/derivations/icon/512/512/true/eyJpZCI6IjM3ZWY2OTY5OWFlNTJlZTRjNTY1ZmFmYWIwOTIxMjg4Iiwic3RvcmFnZSI6InB1YmxpY19zdG9yZSJ9?signature=79ed6699c35bd716a9d5d9457c39ce62c523edaa4059b6b45d4dcc7caf65cef9",
            "productDescription": ""
        },
        "priceData": {
            "bestPrice": "3.00",
            "price": "3.00",
            "pricePerLitre": 6.0,
            "bestPricePerLitre": 6.0
        },
        "store": {
            "id": "5cf09ec342cdd7353602d39a",
            "name": "Richmond"
        }
    },
    {
        "productData": {
            "name": "Mother Tropical Blast 500ml",
            "productId": "mother-tropical-blast-500ml",
            "productShopPage": "https://richmond.store.freshchoice.co.nz/lines/mother-tropical-blast-500ml",
            "productImageURL": "https://dtgxwmigmg3gc.cloudfront.net/imagery/assets/derivations/icon/512/512/true/eyJpZCI6ImEyZmM1OTUwNDhlODM5YTRhMjQ2MTI1OGEyYzNlZWZhIiwic3RvcmFnZSI6InB1YmxpY19zdG9yZSJ9?signature=6c9470ee4067e8ec32b58eeac9d628404d3986058a9b1cdef46014d1bee50944",
            "productDescription": ""
        },
        "priceData": {
            "bestPrice": "2.00",
            "price": "2.00",
            "pricePerLitre": 4.0,
            "bestPricePerLitre": 4.0
        },
        "store": {
            "id": "5cf09ec342cdd7353602d39a",
            "name": "Richmond"
        }
    },
    {
        "productData": {
            "name": "Mother Epic Swell Energy Drink Twisted Apple 500ml",
            "productId": "mother-epic-swell-energy-drink-twisted-apple-500ml",
            "productShopPage": "https://richmond.store.freshchoice.co.nz/lines/mother-epic-swell-energy-drink-twisted-apple-500ml",
            "productImageURL": "https://dtgxwmigmg3gc.cloudfront.net/imagery/assets/derivations/icon/512/512/true/eyJpZCI6ImE2ZjYxOGNhNjUyYzMxNzRhNjg2MDBhMGVjZmQ3MmJkIiwic3RvcmFnZSI6InB1YmxpY19zdG9yZSJ9?signature=954f74f8aba0fb24cb2a5248b1e93fe8a62fb8c7f902abbb08b7aed24bc44c80",
            "productDescription": ""
        },
        "priceData": {
            "bestPrice": "2.00",
            "price": "2.00",
            "pricePerLitre": 4.0,
            "bestPricePerLitre": 4.0
        },
        "store": {
            "id": "5cf09ec342cdd7353602d39a",
            "name": "Richmond"
        }
    },
    {
        "productData": {
            "name": "V Blue Sugarfree Energy Drink 500ml",
            "productId": "v-blue-sugarfree-energy-drink-500ml",
            "productShopPage": "https://richmond.store.freshchoice.co.nz/lines/v-blue-sugarfree-energy-drink-500ml",
            "productImageURL": "https://dtgxwmigmg3gc.cloudfront.net/imagery/assets/derivations/icon/512/512/true/eyJpZCI6ImVmYjQyOWRmM2JjZjc3NTY1ZDIwMTEyNTY0MDdmZjA1Iiwic3RvcmFnZSI6InB1YmxpY19zdG9yZSJ9?signature=2911d59474d8305039a3be3bef0f887c38d9ab84596314b13cc4b150101175ab",
            "productDescription": ""
        },
        "priceData": {
            "bestPrice": "3.50",
            "price": "3.50",
            "pricePerLitre": 7.0,
            "bestPricePerLitre": 7.0
        },
        "store": {
            "id": "5cf09ec342cdd7353602d39a",
            "name": "Richmond"
        }
    },
    {
        "productData": {
            "name": "V Raspberry Lemonade Energy Drink 500ml",
            "productId": "v-energy-drink-raspberry-lemonade-500ml-can",
            "productShopPage": "https://richmond.store.freshchoice.co.nz/lines/v-energy-drink-raspberry-lemonade-500ml-can",
            "productImageURL": "https://dtgxwmigmg3gc.cloudfront.net/imagery/assets/derivations/icon/512/512/true/eyJpZCI6ImE3N2Y5NzBmY2FhOWZhYmZiOTc3MmYyMzE4MGRiOTcxIiwic3RvcmFnZSI6InB1YmxpY19zdG9yZSJ9?signature=2bb7890fe6d7b0c0c6a522be31c78077be0aa570ca4c8aa5549ccf80761262dc",
            "productDescription": ""
        },
        "priceData": {
            "bestPrice": "3.50",
            "price": "3.50",
            "pricePerLitre": 7.0,
            "bestPricePerLitre": 7.0
        },
        "store": {
            "id": "5cf09ec342cdd7353602d39a",
            "name": "Richmond"
        }
    },
    {
        "productData": {
            "name": "V Sugarfree Energy Drink Berry Twist 350ml",
            "productId": "v-sugarfree-energy-drink-berry-twist-350ml",
            "productShopPage": "https://richmond.store.freshchoice.co.nz/lines/v-sugarfree-energy-drink-berry-twist-350ml",
            "productImageURL": "https://dtgxwmigmg3gc.cloudfront.net/imagery/assets/derivations/icon/512/512/true/eyJpZCI6IjMxY2RlOWU3MTE1YTA4ZGRhYzFiODM0NjQ4NDFmOTM5Iiwic3RvcmFnZSI6InB1YmxpY19zdG9yZSJ9?signature=055982afa93dd6614e2f3de353af4c76a52ab79cac4e2b4660a75933fb1bc9a4",
            "productDescription": ""
        },
        "priceData": {
            "bestPrice": "2.30",
            "price": "2.30",
            "pricePerLitre": 10.0,
            "bestPricePerLitre": 10.0
        },
        "store": {
            "id": "5cf09ec342cdd7353602d39a",
            "name": "Richmond"
        }
    },
    {
        "productData": {
            "name": "Monster Super Fuel Zero Sugar 550ml",
            "productId": "monster-super-fuel-zero-sugar-550ml",
            "productShopPage": "https://richmond.store.freshchoice.co.nz/lines/monster-super-fuel-zero-sugar-550ml",
            "productImageURL": "https://dtgxwmigmg3gc.cloudfront.net/imagery/assets/derivations/icon/512/512/true/eyJpZCI6IjRkOTE3NzhmODIxNDI1ZDJjNDg3Yjc0M2YyMzEyYmYxIiwic3RvcmFnZSI6InB1YmxpY19zdG9yZSJ9?signature=4b9dbd15c40f85466e597873c567f989183b284947e8c8dc4df58667789214a2",
            "productDescription": ""
        },
        "priceData": {
            "bestPrice": "4.00",
            "price": "4.00",
            "pricePerLitre": 7.3,
            "bestPricePerLitre": 7.3
        },
        "store": {
            "id": "5cf09ec342cdd7353602d39a",
            "name": "Richmond"
        }
    },
    {
        "productData": {
            "name": "Monster Mule Ginger Brew 500ml",
            "productId": "monster-mule-ginger-brew-500ml",
            "productShopPage": "https://richmond.store.freshchoice.co.nz/lines/monster-mule-ginger-brew-500ml",
            "productImageURL": "https://dtgxwmigmg3gc.cloudfront.net/imagery/assets/derivations/icon/512/512/true/eyJpZCI6ImM1OTM5MTIyZTRlNmNhNzk0ODFlMDE4ZWVmMWE2Y2ZlIiwic3RvcmFnZSI6InB1YmxpY19zdG9yZSJ9?signature=5d11287f30ef58c148e37382d61c0d83097d5461683a9aa5dd9456941c1f32e5",
            "productDescription": ""
        },
        "priceData": {
            "bestPrice": "3.00",
            "price": "3.00",
            "pricePerLitre": 6.0,
            "bestPricePerLitre": 6.0
        },
        "store": {
            "id": "5cf09ec342cdd7353602d39a",
            "name": "Richmond"
        }
    },
    {
        "productData": {
            "name": "Monster Super Fuel Purple Passion 550ml",
            "productId": "monster-super-fuel-purple-passion-550ml",
            "productShopPage": "https://richmond.store.freshchoice.co.nz/lines/monster-super-fuel-purple-passion-550ml",
            "productImageURL": "https://dtgxwmigmg3gc.cloudfront.net/imagery/assets/derivations/icon/512/512/true/eyJpZCI6IjNkMTY1OTQwMzgyOTZjZjVlMjNlNjBjMDQ3NTE1YWM0Iiwic3RvcmFnZSI6InB1YmxpY19zdG9yZSJ9?signature=4d4ccd77dab941d955a8037242a41833afdc7251d3bd5b5c4b99705770273998",
            "productDescription": ""
        },
        "priceData": {
            "bestPrice": "4.00",
            "price": "4.00",
            "pricePerLitre": 7.3,
            "bestPricePerLitre": 7.3
        },
        "store": {
            "id": "5cf09ec342cdd7353602d39a",
            "name": "Richmond"
        }
    },
    {
        "productData": {
            "name": "Live Plus Energy Drink Ignite 500ml",
            "productId": "live-plus-ignite-500ml",
            "productShopPage": "https://richmond.store.freshchoice.co.nz/lines/live-plus-ignite-500ml",
            "productImageURL": "https://dtgxwmigmg3gc.cloudfront.net/imagery/assets/derivations/icon/512/512/true/eyJpZCI6IjFkZThlMTA5NjUyNTgxZDc2ZDhiOWIxNjljYmVlOWVlIiwic3RvcmFnZSI6InB1YmxpY19zdG9yZSJ9?signature=5f73a57660afbef58a992f8c1d00558e127ddc20b4879ea1a95f2f74f8de2c57",
            "productDescription": ""
        },
        "priceData": {
            "bestPrice": "2.00",
            "price": "2.00",
            "pricePerLitre": 4.0,
            "bestPricePerLitre": 4.0
        },
        "store": {
            "id": "5cf09ec342cdd7353602d39a",
            "name": "Richmond"
        }
    },
    {
        "productData": {
            "name": "V Guarana Energy Drink Blue Sugarfree 250ml",
            "productId": "v-blue-sugarfree-energy-drink-250ml",
            "productShopPage": "https://richmond.store.freshchoice.co.nz/lines/v-blue-sugarfree-energy-drink-250ml",
            "productImageURL": "https://dtgxwmigmg3gc.cloudfront.net/imagery/assets/derivations/icon/512/512/true/eyJpZCI6IjI3YWJiOTVhYjNhMjEwMDU2MWJhMmRhNTM3YjRhZjVmIiwic3RvcmFnZSI6InB1YmxpY19zdG9yZSJ9?signature=66769306ca1d0ba674603954d338186dc999f6d1839090d49fde9416b3252365",
            "productDescription": ""
        },
        "priceData": {
            "bestPrice": "2.20",
            "price": "2.20",
            "pricePerLitre": 8.8,
            "bestPricePerLitre": 8.8
        },
        "store": {
            "id": "5cf09ec342cdd7353602d39a",
            "name": "Richmond"
        }
    },
    {
        "productData": {
            "name": "Mother Kicked Apple 500ml",
            "productId": "mother-kicked-apple-500ml",
            "productShopPage": "https://roslyn.store.freshchoice.co.nz/lines/mother-kicked-apple-500ml",
            "productImageURL": "https://dtgxwmigmg3gc.cloudfront.net/imagery/assets/derivations/icon/512/512/true/eyJpZCI6IjNhZTlkYjkwYTM4MDFjMGEwYjUwYThhMDAwYjkyZjM0Iiwic3RvcmFnZSI6InB1YmxpY19zdG9yZSJ9?signature=c1a1db0a5d7b074c388cf08560fd44a4a2b6127821554198e54eeea8474325f6",
            "productDescription": ""
        },
        "priceData": {
            "bestPrice": "2.00",
            "price": "2.00",
            "pricePerLitre": 4.0,
            "bestPricePerLitre": 4.0
        },
        "store": {
            "id": "5e758ead04015f69bc00df1a",
            "name": "Roslyn"
        }
    },
    {
        "productData": {
            "name": "Monster Energy Ultra Paradise 500ml",
            "productId": "monster-energy-drink-ultra-paradise-500ml",
            "productShopPage": "https://roslyn.store.freshchoice.co.nz/lines/monster-energy-drink-ultra-paradise-500ml",
            "productImageURL": "https://dtgxwmigmg3gc.cloudfront.net/imagery/assets/derivations/icon/512/512/true/eyJpZCI6ImZiZDRkZTQxNzA0M2FiYTUyMjMwZWI0NTcyZGNmYTE1Iiwic3RvcmFnZSI6InB1YmxpY19zdG9yZSJ9?signature=8a439bf26b71114289dfea1720ed331b1e4784c534deade29db8ac38b1cc7c1a",
            "productDescription": ""
        },
        "priceData": {
            "bestPrice": "3.00",
            "price": "3.00",
            "pricePerLitre": 6.0,
            "bestPricePerLitre": 6.0
        },
        "store": {
            "id": "5e758ead04015f69bc00df1a",
            "name": "Roslyn"
        }
    },
    {
        "productData": {
            "name": "Monster Energy Ultra Sunrise 500ml",
            "productId": "monster-energy-ultra-sunrise-500ml",
            "productShopPage": "https://roslyn.store.freshchoice.co.nz/lines/monster-energy-ultra-sunrise-500ml",
            "productImageURL": "https://dtgxwmigmg3gc.cloudfront.net/imagery/assets/derivations/icon/512/512/true/eyJpZCI6ImFlNTVkY2RiZTZiZjg3OGZjZTdlOTU1OTFhMDE4YTdiIiwic3RvcmFnZSI6InB1YmxpY19zdG9yZSJ9?signature=b98350feca08b6ab128cc925fef23a58f65a36f94ede15cb2174f6f88a0f8a0f",
            "productDescription": ""
        },
        "priceData": {
            "bestPrice": "3.00",
            "price": "3.00",
            "pricePerLitre": 6.0,
            "bestPricePerLitre": 6.0
        },
        "store": {
            "id": "5e758ead04015f69bc00df1a",
            "name": "Roslyn"
        }
    },
    {
        "productData": {
            "name": "Monster Energy Ultra Zero 500ml",
            "productId": "monster-energy-ultra-zero-500ml",
            "productShopPage": "https://roslyn.store.freshchoice.co.nz/lines/monster-energy-ultra-zero-500ml",
            "productImageURL": "https://dtgxwmigmg3gc.cloudfront.net/imagery/assets/derivations/icon/512/512/true/eyJpZCI6IjdhN2FhYTUwZWU2NTYwYjBiNGY1NThhMTgwNmVlODI3Iiwic3RvcmFnZSI6InB1YmxpY19zdG9yZSJ9?signature=7907c49ba7d043175a426f84a71776de7dd51fa5c249237063aca9cb098abdbe",
            "productDescription": ""
        },
        "priceData": {
            "bestPrice": "3.00",
            "price": "3.00",
            "pricePerLitre": 6.0,
            "bestPricePerLitre": 6.0
        },
        "store": {
            "id": "5e758ead04015f69bc00df1a",
            "name": "Roslyn"
        }
    },
    {
        "productData": {
            "name": "Monster Energy Drink Ultra Rosa 500ml",
            "productId": "monster-energy-drink-ultra-rosa-500ml",
            "productShopPage": "https://roslyn.store.freshchoice.co.nz/lines/monster-energy-drink-ultra-rosa-500ml",
            "productImageURL": "https://dtgxwmigmg3gc.cloudfront.net/imagery/assets/derivations/icon/512/512/true/eyJpZCI6IjZjYzFjMzcwYzM4Mzk4N2MyOTUzNWIyMTFjZTJlYjgxIiwic3RvcmFnZSI6InB1YmxpY19zdG9yZSJ9?signature=9cd08284785f9b24647ecc7d1dc08214d9d00318cc809bebdef1921d6b78bb95",
            "productDescription": ""
        },
        "priceData": {
            "bestPrice": "3.00",
            "price": "3.00",
            "pricePerLitre": 6.0,
            "bestPricePerLitre": 6.0
        },
        "store": {
            "id": "5e758ead04015f69bc00df1a",
            "name": "Roslyn"
        }
    },
    {
        "productData": {
            "name": "Mother Energy Drink Berry 500ml",
            "productId": "mother-energy-drink-berry-500ml",
            "productShopPage": "https://roslyn.store.freshchoice.co.nz/lines/mother-energy-drink-berry-500ml",
            "productImageURL": "https://dtgxwmigmg3gc.cloudfront.net/imagery/assets/derivations/icon/512/512/true/eyJpZCI6ImRhYTJlNjUzNzRjZjViNjI0ZDljNzUzNDA3YmE0ZDFkIiwic3RvcmFnZSI6InB1YmxpY19zdG9yZSJ9?signature=d9ffb465d71d599811c2ff7a788845bfe297eb3624ad7866a89cf0b3ece073f0",
            "productDescription": ""
        },
        "priceData": {
            "bestPrice": "2.00",
            "price": "2.00",
            "pricePerLitre": 4.0,
            "bestPricePerLitre": 4.0
        },
        "store": {
            "id": "5e758ead04015f69bc00df1a",
            "name": "Roslyn"
        }
    },
    {
        "productData": {
            "name": "Mother Energy Drink Black 500ml",
            "productId": "mother-energy-drink-black-500ml",
            "productShopPage": "https://roslyn.store.freshchoice.co.nz/lines/mother-energy-drink-black-500ml",
            "productImageURL": "https://dtgxwmigmg3gc.cloudfront.net/imagery/assets/derivations/icon/512/512/true/eyJpZCI6ImYyMzA5MjhkYjg3ODFhYmYzZDU3ZjE1YjNmYzU2MWFjIiwic3RvcmFnZSI6InB1YmxpY19zdG9yZSJ9?signature=d3dbddb83d3d457075cd5d8936bef0c5b48fce4fa3fe725995d8b6d57219ceb5",
            "productDescription": ""
        },
        "priceData": {
            "bestPrice": "2.00",
            "price": "2.00",
            "pricePerLitre": 4.0,
            "bestPricePerLitre": 4.0
        },
        "store": {
            "id": "5e758ead04015f69bc00df1a",
            "name": "Roslyn"
        }
    },
    {
        "productData": {
            "name": "Mother Energy Drink Passion 500ml",
            "productId": "mother-energy-drink-passion-500ml",
            "productShopPage": "https://roslyn.store.freshchoice.co.nz/lines/mother-energy-drink-passion-500ml",
            "productImageURL": "https://dtgxwmigmg3gc.cloudfront.net/imagery/assets/derivations/icon/512/512/true/eyJpZCI6ImQwODE2YTc4ZjBmNGU4NTU5Mzg1YjkxZmI5YjIzZjM0Iiwic3RvcmFnZSI6InB1YmxpY19zdG9yZSJ9?signature=713c495fef96a6427b917f0c7c7e855a963749ac5c1bf7dfd71e24ae08ea3123",
            "productDescription": ""
        },
        "priceData": {
            "bestPrice": "2.00",
            "price": "2.00",
            "pricePerLitre": 4.0,
            "bestPricePerLitre": 4.0
        },
        "store": {
            "id": "5e758ead04015f69bc00df1a",
            "name": "Roslyn"
        }
    },
    {
        "productData": {
            "name": "Mother Tropical Blast 500ml",
            "productId": "mother-tropical-blast-500ml",
            "productShopPage": "https://roslyn.store.freshchoice.co.nz/lines/mother-tropical-blast-500ml",
            "productImageURL": "https://dtgxwmigmg3gc.cloudfront.net/imagery/assets/derivations/icon/512/512/true/eyJpZCI6ImEyZmM1OTUwNDhlODM5YTRhMjQ2MTI1OGEyYzNlZWZhIiwic3RvcmFnZSI6InB1YmxpY19zdG9yZSJ9?signature=6c9470ee4067e8ec32b58eeac9d628404d3986058a9b1cdef46014d1bee50944",
            "productDescription": ""
        },
        "priceData": {
            "bestPrice": "2.00",
            "price": "2.00",
            "pricePerLitre": 4.0,
            "bestPricePerLitre": 4.0
        },
        "store": {
            "id": "5e758ead04015f69bc00df1a",
            "name": "Roslyn"
        }
    },
    {
        "productData": {
            "name": "Mother Epic Swell Energy Drink Twisted Apple 500ml",
            "productId": "mother-epic-swell-energy-drink-twisted-apple-500ml",
            "productShopPage": "https://roslyn.store.freshchoice.co.nz/lines/mother-epic-swell-energy-drink-twisted-apple-500ml",
            "productImageURL": "https://dtgxwmigmg3gc.cloudfront.net/imagery/assets/derivations/icon/512/512/true/eyJpZCI6ImE2ZjYxOGNhNjUyYzMxNzRhNjg2MDBhMGVjZmQ3MmJkIiwic3RvcmFnZSI6InB1YmxpY19zdG9yZSJ9?signature=954f74f8aba0fb24cb2a5248b1e93fe8a62fb8c7f902abbb08b7aed24bc44c80",
            "productDescription": ""
        },
        "priceData": {
            "bestPrice": "2.00",
            "price": "2.00",
            "pricePerLitre": 4.0,
            "bestPricePerLitre": 4.0
        },
        "store": {
            "id": "5e758ead04015f69bc00df1a",
            "name": "Roslyn"
        }
    },
    {
        "productData": {
            "name": "Monster Energy Juice Mango Loco 500ml",
            "productId": "monster-energy-juice-mango-loco-500ml-can",
            "productShopPage": "https://roslyn.store.freshchoice.co.nz/lines/monster-energy-juice-mango-loco-500ml-can",
            "productImageURL": "https://dtgxwmigmg3gc.cloudfront.net/imagery/assets/derivations/icon/512/512/true/eyJpZCI6ImUyNmIyNzdlMzJkOTg5NjI4YWYxYzg2MTU2MjI0ZjgzIiwic3RvcmFnZSI6InB1YmxpY19zdG9yZSJ9?signature=db65ff44183396e60e8f4c13003417fb1277f7685b136cf223d7701f7e945faf",
            "productDescription": ""
        },
        "priceData": {
            "bestPrice": "3.00",
            "price": "3.00",
            "pricePerLitre": 6.0,
            "bestPricePerLitre": 6.0
        },
        "store": {
            "id": "5e758ead04015f69bc00df1a",
            "name": "Roslyn"
        }
    },
    {
        "productData": {
            "name": "V Energy Drink 710ml Can",
            "productId": "v-energy-drink-710ml-can",
            "productShopPage": "https://roslyn.store.freshchoice.co.nz/lines/v-energy-drink-710ml-can",
            "productImageURL": "https://dtgxwmigmg3gc.cloudfront.net/imagery/assets/derivations/icon/512/512/true/eyJpZCI6ImU1Mjg5NDIyNDI0MzhlNGM0N2IxY2FmMmExOWQ0OGI0Iiwic3RvcmFnZSI6InB1YmxpY19zdG9yZSJ9?signature=875386458f8ad66eb59967a1ca6ad24a19d1592f97a894e439af7d9be1852340",
            "productDescription": ""
        },
        "priceData": {
            "bestPrice": "3.99",
            "price": "3.99",
            "pricePerLitre": 5.6000000000000005,
            "bestPricePerLitre": 5.6000000000000005
        },
        "store": {
            "id": "5e758ead04015f69bc00df1a",
            "name": "Roslyn"
        }
    },
    {
        "productData": {
            "name": "V Energy Drink Guarana 500ml",
            "productId": "v-energy-drink-guarana-500ml",
            "productShopPage": "https://roslyn.store.freshchoice.co.nz/lines/v-energy-drink-guarana-500ml",
            "productImageURL": "https://dtgxwmigmg3gc.cloudfront.net/imagery/assets/derivations/icon/512/512/true/eyJpZCI6IjgzZDAxMjhiMzg4NmEwZmE4YTE2ZjY2NWIzNmM2NzI2Iiwic3RvcmFnZSI6InB1YmxpY19zdG9yZSJ9?signature=f55ecc561066291a4e74a967db35ea2355f881bd1708bf400fd790032384ae4f",
            "productDescription": ""
        },
        "priceData": {
            "bestPrice": "3.80",
            "price": "3.80",
            "pricePerLitre": 7.6,
            "bestPricePerLitre": 7.6
        },
        "store": {
            "id": "5e758ead04015f69bc00df1a",
            "name": "Roslyn"
        }
    },
    {
        "productData": {
            "name": "V Energy Drink Sugarfree 500ml",
            "productId": "v-energy-drink-sugarfree-500ml",
            "productShopPage": "https://roslyn.store.freshchoice.co.nz/lines/v-energy-drink-sugarfree-500ml",
            "productImageURL": "https://dtgxwmigmg3gc.cloudfront.net/imagery/assets/derivations/icon/512/512/true/eyJpZCI6ImVkZTAxNTNmMDI1NmU1NDZjNWQ5MTc3MjE3ZTQ3YTQ0Iiwic3RvcmFnZSI6InB1YmxpY19zdG9yZSJ9?signature=abcf72d9faa9ee3044eaa3b7ee0bf9b4fd8f582379018d8727f2234b7d3f3c85",
            "productDescription": ""
        },
        "priceData": {
            "bestPrice": "3.80",
            "price": "3.80",
            "pricePerLitre": 7.6,
            "bestPricePerLitre": 7.6
        },
        "store": {
            "id": "5e758ead04015f69bc00df1a",
            "name": "Roslyn"
        }
    },
    {
        "productData": {
            "name": "V Energy Drink Sugar Free Guarana 250ml",
            "productId": "v-energy-drink-sugar-free-guarana-250ml",
            "productShopPage": "https://roslyn.store.freshchoice.co.nz/lines/v-energy-drink-sugar-free-guarana-250ml",
            "productImageURL": "https://dtgxwmigmg3gc.cloudfront.net/imagery/assets/derivations/icon/512/512/true/eyJpZCI6ImZiNzM1NmU4NTMyZDllODlkZTljZmNlOGY2MzQ5NGQwIiwic3RvcmFnZSI6InB1YmxpY19zdG9yZSJ9?signature=72b0ce0a48ca796717c115fe5e8b4564501470f63bf80ae865d26e9d131a2b8c",
            "productDescription": ""
        },
        "priceData": {
            "bestPrice": "2.20",
            "price": "2.20",
            "pricePerLitre": 8.8,
            "bestPricePerLitre": 8.8
        },
        "store": {
            "id": "5e758ead04015f69bc00df1a",
            "name": "Roslyn"
        }
    },
    {
        "productData": {
            "name": "V Energy Drink Blue Guarana Spritzed 350ml",
            "productId": "v-blue-energy-drink-blue-guarana-spritzed-350ml",
            "productShopPage": "https://roslyn.store.freshchoice.co.nz/lines/v-blue-energy-drink-blue-guarana-spritzed-350ml",
            "productImageURL": "https://dtgxwmigmg3gc.cloudfront.net/imagery/assets/derivations/icon/512/512/true/eyJpZCI6ImY2OTRlZGI4NjdlNWMzZDM5NzgzMDQ0ODFkMzUxZGZiIiwic3RvcmFnZSI6InB1YmxpY19zdG9yZSJ9?signature=591b3079cb9c2407a29b3bc348eaf42dc1d34daba5c9d7aba65be654725b6719",
            "productDescription": ""
        },
        "priceData": {
            "bestPrice": "2.30",
            "price": "2.30",
            "pricePerLitre": 10.0,
            "bestPricePerLitre": 10.0
        },
        "store": {
            "id": "5e758ead04015f69bc00df1a",
            "name": "Roslyn"
        }
    },
    {
        "productData": {
            "name": "V Energy Drink Green Guarana 350ml",
            "productId": "v-energy-drink-green-guarana-350ml",
            "productShopPage": "https://roslyn.store.freshchoice.co.nz/lines/v-energy-drink-green-guarana-350ml",
            "productImageURL": "https://dtgxwmigmg3gc.cloudfront.net/imagery/assets/derivations/icon/512/512/true/eyJpZCI6IjRiNjY4ZjYxOTQ2ODYyN2MzM2NiZWMyNGUyNmIyODk4Iiwic3RvcmFnZSI6InB1YmxpY19zdG9yZSJ9?signature=4cded9cb42349eef45a593461f311b1bb7fa881295733879671ad9fe9887d30c",
            "productDescription": ""
        },
        "priceData": {
            "bestPrice": "2.30",
            "price": "2.30",
            "pricePerLitre": 10.0,
            "bestPricePerLitre": 10.0
        },
        "store": {
            "id": "5e758ead04015f69bc00df1a",
            "name": "Roslyn"
        }
    },
    {
        "productData": {
            "name": "V Energy Drink Guarana Can 250ml",
            "productId": "v-energy-drink-guarana-can-250ml",
            "productShopPage": "https://roslyn.store.freshchoice.co.nz/lines/v-energy-drink-guarana-can-250ml",
            "productImageURL": "https://dtgxwmigmg3gc.cloudfront.net/imagery/assets/derivations/icon/512/512/true/eyJpZCI6Ijc3Nzk1NjE2ZDhhNmFiMThhYzEzODYzOTg2ZmNkNzgwIiwic3RvcmFnZSI6InB1YmxpY19zdG9yZSJ9?signature=f5de1854d43e19cc62bff86893d4a55615cd916f8425a4dccd170b52eba81255",
            "productDescription": ""
        },
        "priceData": {
            "bestPrice": "2.20",
            "price": "2.20",
            "pricePerLitre": 8.8,
            "bestPricePerLitre": 8.8
        },
        "store": {
            "id": "5e758ead04015f69bc00df1a",
            "name": "Roslyn"
        }
    },
    {
        "productData": {
            "name": "V Energy Drink Guarana Can 500ml",
            "productId": "v-energy-drink-guarana-can-500ml",
            "productShopPage": "https://roslyn.store.freshchoice.co.nz/lines/v-energy-drink-guarana-can-500ml",
            "productImageURL": "https://dtgxwmigmg3gc.cloudfront.net/imagery/assets/derivations/icon/512/512/true/eyJpZCI6ImI0NjgzNGZjNDRkMjU0MjgzYzJjZGNhMzA2NWIxYjA5Iiwic3RvcmFnZSI6InB1YmxpY19zdG9yZSJ9?signature=265e8273409849423466e7623cbbdf8352940707b8830803eec391e8f32c9c5f",
            "productDescription": ""
        },
        "priceData": {
            "bestPrice": "3.50",
            "price": "3.50",
            "pricePerLitre": 7.0,
            "bestPricePerLitre": 7.0
        },
        "store": {
            "id": "5e758ead04015f69bc00df1a",
            "name": "Roslyn"
        }
    },
    {
        "productData": {
            "name": "V Energy Drink Raspberry Lemonade 250ml Can",
            "productId": "v-energy-drink-raspberry-lemonade-250ml-can",
            "productShopPage": "https://roslyn.store.freshchoice.co.nz/lines/v-energy-drink-raspberry-lemonade-250ml-can",
            "productImageURL": "https://dtgxwmigmg3gc.cloudfront.net/imagery/assets/derivations/icon/512/512/true/eyJpZCI6IjQ3NjlkNDlmM2VhMDAzN2ZkYmEwOGQ0NTdhYWM3MjliIiwic3RvcmFnZSI6InB1YmxpY19zdG9yZSJ9?signature=520799c1f7f8b0e3f14138196729b0cf852eb8d76ea360ff1925cd69eae4abb6",
            "productDescription": ""
        },
        "priceData": {
            "bestPrice": "2.20",
            "price": "2.20",
            "pricePerLitre": 8.8,
            "bestPricePerLitre": 8.8
        },
        "store": {
            "id": "5e758ead04015f69bc00df1a",
            "name": "Roslyn"
        }
    },
    {
        "productData": {
            "name": "V Energy Drink Raspberry Lemonade 350ml",
            "productId": "v-energy-drink-raspberry-lemonade-350ml",
            "productShopPage": "https://roslyn.store.freshchoice.co.nz/lines/v-energy-drink-raspberry-lemonade-350ml",
            "productImageURL": "https://dtgxwmigmg3gc.cloudfront.net/imagery/assets/derivations/icon/512/512/true/eyJpZCI6IjliNWMwMGJkN2IxYWRhY2UxNzU5NzY1ZTI4MjUzZDgyIiwic3RvcmFnZSI6InB1YmxpY19zdG9yZSJ9?signature=1813e587f3636e394a15aa9e19234f9343024a6880220b0dda0a5d69b1f1c010",
            "productDescription": ""
        },
        "priceData": {
            "bestPrice": "2.30",
            "price": "2.30",
            "pricePerLitre": 10.0,
            "bestPricePerLitre": 10.0
        },
        "store": {
            "id": "5e758ead04015f69bc00df1a",
            "name": "Roslyn"
        }
    },
    {
        "productData": {
            "name": "V Energy Drink Sugar Free Guarana 500ml",
            "productId": "v-energy-drink-sugar-free-guarana-500ml",
            "productShopPage": "https://roslyn.store.freshchoice.co.nz/lines/v-energy-drink-sugar-free-guarana-500ml",
            "productImageURL": "https://dtgxwmigmg3gc.cloudfront.net/imagery/assets/derivations/icon/512/512/true/eyJpZCI6Ijg4MGExMDYxOTY4NTJiYzM1ZTExMmU2MGE2OWYxNDE3Iiwic3RvcmFnZSI6InB1YmxpY19zdG9yZSJ9?signature=b0536d25b9da8158705e24c88e21fabbf85c1dabc19f18108c386e956ffd7045",
            "productDescription": ""
        },
        "priceData": {
            "bestPrice": "3.50",
            "price": "3.50",
            "pricePerLitre": 7.0,
            "bestPricePerLitre": 7.0
        },
        "store": {
            "id": "5e758ead04015f69bc00df1a",
            "name": "Roslyn"
        }
    },
    {
        "productData": {
            "name": "V Blue Energy Drink Bottle 500ml",
            "productId": "v-blue-energy-drink-bottle-500ml",
            "productShopPage": "https://roslyn.store.freshchoice.co.nz/lines/v-blue-energy-drink-bottle-500ml",
            "productImageURL": "https://dtgxwmigmg3gc.cloudfront.net/imagery/assets/derivations/icon/512/512/true/eyJpZCI6IjgyYWYxYWY4MGI4MzUxODhiYmVhZGVhM2U2NzY0MzI5Iiwic3RvcmFnZSI6InB1YmxpY19zdG9yZSJ9?signature=7e70fc576864a528a1431734d680cbf177a11b419a692dbfd34800c31b8944ec",
            "productDescription": ""
        },
        "priceData": {
            "bestPrice": "3.80",
            "price": "3.80",
            "pricePerLitre": 7.6,
            "bestPricePerLitre": 7.6
        },
        "store": {
            "id": "5e758ead04015f69bc00df1a",
            "name": "Roslyn"
        }
    },
    {
        "productData": {
            "name": "V Blue Sugarfree Energy Drink 500ml",
            "productId": "v-blue-sugarfree-energy-drink-500ml",
            "productShopPage": "https://roslyn.store.freshchoice.co.nz/lines/v-blue-sugarfree-energy-drink-500ml",
            "productImageURL": "https://dtgxwmigmg3gc.cloudfront.net/imagery/assets/derivations/icon/512/512/true/eyJpZCI6ImVmYjQyOWRmM2JjZjc3NTY1ZDIwMTEyNTY0MDdmZjA1Iiwic3RvcmFnZSI6InB1YmxpY19zdG9yZSJ9?signature=2911d59474d8305039a3be3bef0f887c38d9ab84596314b13cc4b150101175ab",
            "productDescription": ""
        },
        "priceData": {
            "bestPrice": "3.50",
            "price": "3.50",
            "pricePerLitre": 7.0,
            "bestPricePerLitre": 7.0
        },
        "store": {
            "id": "5e758ead04015f69bc00df1a",
            "name": "Roslyn"
        }
    },
    {
        "productData": {
            "name": "V Raspberry Lemonade Energy Drink 500ml",
            "productId": "v-energy-drink-raspberry-lemonade-500ml-can",
            "productShopPage": "https://roslyn.store.freshchoice.co.nz/lines/v-energy-drink-raspberry-lemonade-500ml-can",
            "productImageURL": "https://dtgxwmigmg3gc.cloudfront.net/imagery/assets/derivations/icon/512/512/true/eyJpZCI6ImE3N2Y5NzBmY2FhOWZhYmZiOTc3MmYyMzE4MGRiOTcxIiwic3RvcmFnZSI6InB1YmxpY19zdG9yZSJ9?signature=2bb7890fe6d7b0c0c6a522be31c78077be0aa570ca4c8aa5549ccf80761262dc",
            "productDescription": ""
        },
        "priceData": {
            "bestPrice": "3.50",
            "price": "3.50",
            "pricePerLitre": 7.0,
            "bestPricePerLitre": 7.0
        },
        "store": {
            "id": "5e758ead04015f69bc00df1a",
            "name": "Roslyn"
        }
    },
    {
        "productData": {
            "name": "V Sugarfree Energy Drink Berry Twist 350ml",
            "productId": "v-sugarfree-energy-drink-berry-twist-350ml",
            "productShopPage": "https://roslyn.store.freshchoice.co.nz/lines/v-sugarfree-energy-drink-berry-twist-350ml",
            "productImageURL": "https://dtgxwmigmg3gc.cloudfront.net/imagery/assets/derivations/icon/512/512/true/eyJpZCI6IjMxY2RlOWU3MTE1YTA4ZGRhYzFiODM0NjQ4NDFmOTM5Iiwic3RvcmFnZSI6InB1YmxpY19zdG9yZSJ9?signature=055982afa93dd6614e2f3de353af4c76a52ab79cac4e2b4660a75933fb1bc9a4",
            "productDescription": ""
        },
        "priceData": {
            "bestPrice": "2.30",
            "price": "2.30",
            "pricePerLitre": 10.0,
            "bestPricePerLitre": 10.0
        },
        "store": {
            "id": "5e758ead04015f69bc00df1a",
            "name": "Roslyn"
        }
    },
    {
        "productData": {
            "name": "V Blue Energy Drink Blue Guarana Can 250ml",
            "productId": "v-blue-energy-drink-blue-guarana-can-250ml",
            "productShopPage": "https://roslyn.store.freshchoice.co.nz/lines/v-blue-energy-drink-blue-guarana-can-250ml",
            "productImageURL": "https://dtgxwmigmg3gc.cloudfront.net/imagery/assets/derivations/icon/512/512/true/eyJpZCI6IjBmZjQwNDEyZWQ2ZDk4YTg3YWQ2ZDUyMWZlNjM1YzJkIiwic3RvcmFnZSI6InB1YmxpY19zdG9yZSJ9?signature=8f745abe5614ec47b3d7a07f1a34ba529184a87b2a696211ba5a0f9f29c86bf0",
            "productDescription": ""
        },
        "priceData": {
            "bestPrice": "2.20",
            "price": "2.20",
            "pricePerLitre": 8.8,
            "bestPricePerLitre": 8.8
        },
        "store": {
            "id": "5e758ead04015f69bc00df1a",
            "name": "Roslyn"
        }
    },
    {
        "productData": {
            "name": "V Blue Energy Drink Blue Guarana Can 500ml",
            "productId": "v-blue-energy-drink-blue-guarana-can-500ml",
            "productShopPage": "https://roslyn.store.freshchoice.co.nz/lines/v-blue-energy-drink-blue-guarana-can-500ml",
            "productImageURL": "https://dtgxwmigmg3gc.cloudfront.net/imagery/assets/derivations/icon/512/512/true/eyJpZCI6ImFmYjEyYjVjYTU2YWI5ZDJhMTVmNGY2MDg2NWFlNzgxIiwic3RvcmFnZSI6InB1YmxpY19zdG9yZSJ9?signature=b537a8cc5a2c0f90f1702b2c541db44c3a740a0ec4a96e92ab2d6537f9320e8d",
            "productDescription": ""
        },
        "priceData": {
            "bestPrice": "3.50",
            "price": "3.50",
            "pricePerLitre": 7.0,
            "bestPricePerLitre": 7.0
        },
        "store": {
            "id": "5e758ead04015f69bc00df1a",
            "name": "Roslyn"
        }
    },
    {
        "productData": {
            "name": "V Iced Coffee Guarana Energy 500ml",
            "productId": "v-iced-coffee-guarana-energy-500ml",
            "productShopPage": "https://roslyn.store.freshchoice.co.nz/lines/v-iced-coffee-guarana-energy-500ml",
            "productImageURL": "https://dtgxwmigmg3gc.cloudfront.net/imagery/assets/derivations/icon/512/512/true/eyJpZCI6ImM0Zjc4YjRmYWVjMjk0NTJkZTNkYzZjNmY5MzBlMjU2Iiwic3RvcmFnZSI6InB1YmxpY19zdG9yZSJ9?signature=14312b2813aab9c1ad551700ec97cd58a3a7f95bef4d0bd7ae7aa2dcf8fcdc9d",
            "productDescription": ""
        },
        "priceData": {
            "bestPrice": "4.00",
            "price": "4.00",
            "pricePerLitre": 8.0,
            "bestPricePerLitre": 8.0
        },
        "store": {
            "id": "5e758ead04015f69bc00df1a",
            "name": "Roslyn"
        }
    },
    {
        "productData": {
            "name": "V Energy Drink Sugar Free Guarana Bottle 350ml",
            "productId": "v-energy-drink-sugar-free-guarana-bottle-350ml",
            "productShopPage": "https://roslyn.store.freshchoice.co.nz/lines/v-energy-drink-sugar-free-guarana-bottle-350ml",
            "productImageURL": "https://dtgxwmigmg3gc.cloudfront.net/imagery/assets/derivations/icon/512/512/true/eyJpZCI6IjQzYmZlOTg1YzY2ZGQ0ZDI1YzUyZDk3MGJhMmJhMGM3Iiwic3RvcmFnZSI6InB1YmxpY19zdG9yZSJ9?signature=7a4bb3eb2264f52495ae9ba8fbf21b5a3e59e12c0d6208cfa1591261da333f55",
            "productDescription": ""
        },
        "priceData": {
            "bestPrice": "2.30",
            "price": "2.30",
            "pricePerLitre": 10.0,
            "bestPricePerLitre": 10.0
        },
        "store": {
            "id": "5e758ead04015f69bc00df1a",
            "name": "Roslyn"
        }
    },
    {
        "productData": {
            "name": "V Iced Chocolate Guarana Energy 500ml",
            "productId": "v-iced-chocolate-guarana-energy-500ml",
            "productShopPage": "https://roslyn.store.freshchoice.co.nz/lines/v-iced-chocolate-guarana-energy-500ml",
            "productImageURL": "https://dtgxwmigmg3gc.cloudfront.net/imagery/assets/derivations/icon/512/512/true/eyJpZCI6ImJhNzg2NDUyYzVlMGRiOTNhMGM3NjY1ZWIyNzIzNzBlIiwic3RvcmFnZSI6InB1YmxpY19zdG9yZSJ9?signature=86bcf9f7a4dbdc8f99c44e8c3a30ce7ca86025bce78792c31ce0fbc589f7f311",
            "productDescription": ""
        },
        "priceData": {
            "bestPrice": "4.19",
            "price": "4.19",
            "pricePerLitre": 8.4,
            "bestPricePerLitre": 8.4
        },
        "store": {
            "id": "5e758ead04015f69bc00df1a",
            "name": "Roslyn"
        }
    },
    {
        "productData": {
            "name": "Monster Mule Ginger Brew 500ml",
            "productId": "monster-mule-ginger-brew-500ml",
            "productShopPage": "https://roslyn.store.freshchoice.co.nz/lines/monster-mule-ginger-brew-500ml",
            "productImageURL": "https://dtgxwmigmg3gc.cloudfront.net/imagery/assets/derivations/icon/512/512/true/eyJpZCI6ImM1OTM5MTIyZTRlNmNhNzk0ODFlMDE4ZWVmMWE2Y2ZlIiwic3RvcmFnZSI6InB1YmxpY19zdG9yZSJ9?signature=5d11287f30ef58c148e37382d61c0d83097d5461683a9aa5dd9456941c1f32e5",
            "productDescription": ""
        },
        "priceData": {
            "bestPrice": "3.00",
            "price": "3.00",
            "pricePerLitre": 6.0,
            "bestPricePerLitre": 6.0
        },
        "store": {
            "id": "5e758ead04015f69bc00df1a",
            "name": "Roslyn"
        }
    },
    {
        "productData": {
            "name": "Monster Energy Pipeline Punch 500ml",
            "productId": "monster-energy-pipeline-punch-500ml",
            "productShopPage": "https://roslyn.store.freshchoice.co.nz/lines/monster-energy-pipeline-punch-500ml",
            "productImageURL": "https://dtgxwmigmg3gc.cloudfront.net/imagery/assets/derivations/icon/512/512/true/eyJpZCI6IjM3ZWY2OTY5OWFlNTJlZTRjNTY1ZmFmYWIwOTIxMjg4Iiwic3RvcmFnZSI6InB1YmxpY19zdG9yZSJ9?signature=79ed6699c35bd716a9d5d9457c39ce62c523edaa4059b6b45d4dcc7caf65cef9",
            "productDescription": ""
        },
        "priceData": {
            "bestPrice": "3.00",
            "price": "3.00",
            "pricePerLitre": 6.0,
            "bestPricePerLitre": 6.0
        },
        "store": {
            "id": "5e758ead04015f69bc00df1a",
            "name": "Roslyn"
        }
    },
    {
        "productData": {
            "name": "Live Plus Energy Drink Citrus Flavour 500ml",
            "productId": "live-plus-persist-500ml",
            "productShopPage": "https://roslyn.store.freshchoice.co.nz/lines/live-plus-persist-500ml",
            "productImageURL": "https://dtgxwmigmg3gc.cloudfront.net/imagery/assets/derivations/icon/512/512/true/eyJpZCI6IjFlNWQ5YzI4OWM1N2UzNmYzZmI2NThlMDQzZTI3ZjE4Iiwic3RvcmFnZSI6InB1YmxpY19zdG9yZSJ9?signature=756b17fefe47174b90e7dbec8cd09db27f9f59f4994bc750b71256ae93ba9fa8",
            "productDescription": ""
        },
        "priceData": {
            "bestPrice": "2.00",
            "price": "2.00",
            "pricePerLitre": 4.0,
            "bestPricePerLitre": 4.0
        },
        "store": {
            "id": "5e758ead04015f69bc00df1a",
            "name": "Roslyn"
        }
    },
    {
        "productData": {
            "name": "V Guarana Energy Drink Blue Sugarfree 250ml",
            "productId": "v-blue-sugarfree-energy-drink-250ml",
            "productShopPage": "https://roslyn.store.freshchoice.co.nz/lines/v-blue-sugarfree-energy-drink-250ml",
            "productImageURL": "https://dtgxwmigmg3gc.cloudfront.net/imagery/assets/derivations/icon/512/512/true/eyJpZCI6IjI3YWJiOTVhYjNhMjEwMDU2MWJhMmRhNTM3YjRhZjVmIiwic3RvcmFnZSI6InB1YmxpY19zdG9yZSJ9?signature=66769306ca1d0ba674603954d338186dc999f6d1839090d49fde9416b3252365",
            "productDescription": ""
        },
        "priceData": {
            "bestPrice": "2.20",
            "price": "2.20",
            "pricePerLitre": 8.8,
            "bestPricePerLitre": 8.8
        },
        "store": {
            "id": "5e758ead04015f69bc00df1a",
            "name": "Roslyn"
        }
    },
    {
        "productData": {
            "name": "Live Plus Energy Drink Original Citrus Flavour 355ml",
            "productId": "live-plus-persist-glass-355ml",
            "productShopPage": "https://roslyn.store.freshchoice.co.nz/lines/live-plus-persist-glass-355ml",
            "productImageURL": "https://dtgxwmigmg3gc.cloudfront.net/imagery/assets/derivations/icon/512/512/true/eyJpZCI6ImYzMjZlMTdmMmI5ZGRjZGYzYmFmNzNiMWQzN2Y5NDI4Iiwic3RvcmFnZSI6InB1YmxpY19zdG9yZSJ9?signature=8fa31eb2b309e9c7a293ba2e7a7541e3cdc686b1d3f519044aa97c666ae5f630",
            "productDescription": ""
        },
        "priceData": {
            "bestPrice": "2.80",
            "price": "2.80",
            "pricePerLitre": 7.9,
            "bestPricePerLitre": 7.9
        },
        "store": {
            "id": "5e758ead04015f69bc00df1a",
            "name": "Roslyn"
        }
    },
    {
        "productData": {
            "name": "Live Plus Energy Drink Original Citrus Flavour 6 x 250ml",
            "productId": "live-plus-persist-250ml-6pack",
            "productShopPage": "https://roslyn.store.freshchoice.co.nz/lines/live-plus-persist-250ml-6pack",
            "productImageURL": "https://dtgxwmigmg3gc.cloudfront.net/imagery/assets/derivations/icon/512/512/true/eyJpZCI6IjNmODNiNGI4MzI4MzJmNzhjZmJhNDA1OGUyZWFlM2ZhIiwic3RvcmFnZSI6InB1YmxpY19zdG9yZSJ9?signature=0257f943d0c41562773e51cbd42327ad911228832e33494e9c30381e20305337",
            "productDescription": ""
        },
        "priceData": {
            "bestPrice": "7.70",
            "price": "7.70",
            "pricePerLitre": 5.1,
            "bestPricePerLitre": 5.1
        },
        "store": {
            "id": "5e758ead04015f69bc00df1a",
            "name": "Roslyn"
        }
    },
    {
        "productData": {
            "name": "Live Plus Live+ Ignite Energy Drink 6 x 250ml Cans",
            "productId": "live-plus-live-ignite-energy-drink-6x250ml-cans",
            "productShopPage": "https://roslyn.store.freshchoice.co.nz/lines/live-plus-live-ignite-energy-drink-6x250ml-cans",
            "productImageURL": "https://dtgxwmigmg3gc.cloudfront.net/imagery/assets/derivations/icon/512/512/true/eyJpZCI6Ijk5ZTU3ZDdlN2RjYzc0ZmZlOWY0NGQxMDdkYTI5ZDI5Iiwic3RvcmFnZSI6InB1YmxpY19zdG9yZSJ9?signature=16b8b1fb6c1dbc73b4d1f0110b7542a3259cd273e9b6adea8e6570f5158d8342",
            "productDescription": ""
        },
        "priceData": {
            "bestPrice": "6.00",
            "price": "6.00",
            "pricePerLitre": 4.0,
            "bestPricePerLitre": 4.0
        },
        "store": {
            "id": "5e758ead04015f69bc00df1a",
            "name": "Roslyn"
        }
    },
    {
        "productData": {
            "name": "Rockstar Punched Energy Guava 500ml",
            "productId": "rockstar-punched-energy-guava-500ml",
            "productShopPage": "https://roslyn.store.freshchoice.co.nz/lines/rockstar-punched-energy-guava-500ml",
            "productImageURL": "https://dtgxwmigmg3gc.cloudfront.net/imagery/assets/derivations/icon/512/512/true/eyJpZCI6IjBmNGEyNjU2MGQwM2Y4OGI4MWE3ZTMyODUzYTRlN2QyIiwic3RvcmFnZSI6InB1YmxpY19zdG9yZSJ9?signature=fab45ac774e74d87cf7a79de075f47290676fd6d4afcf212198c745670d5ce29",
            "productDescription": ""
        },
        "priceData": {
            "bestPrice": "2.00",
            "price": "2.00",
            "pricePerLitre": 4.0,
            "bestPricePerLitre": 4.0
        },
        "store": {
            "id": "5e758ead04015f69bc00df1a",
            "name": "Roslyn"
        }
    },
    {
        "productData": {
            "name": "Mother Kicked Apple 500ml",
            "productId": "mother-kicked-apple-500ml",
            "productShopPage": "https://takaka.store.freshchoice.co.nz/lines/mother-kicked-apple-500ml",
            "productImageURL": "https://dtgxwmigmg3gc.cloudfront.net/imagery/assets/derivations/icon/512/512/true/eyJpZCI6IjNhZTlkYjkwYTM4MDFjMGEwYjUwYThhMDAwYjkyZjM0Iiwic3RvcmFnZSI6InB1YmxpY19zdG9yZSJ9?signature=c1a1db0a5d7b074c388cf08560fd44a4a2b6127821554198e54eeea8474325f6",
            "productDescription": ""
        },
        "priceData": {
            "bestPrice": "2.00",
            "price": "2.00",
            "pricePerLitre": 4.0,
            "bestPricePerLitre": 4.0
        },
        "store": {
            "id": "5e532870ec28665271010f05",
            "name": "Takaka"
        }
    },
    {
        "productData": {
            "name": "Monster Energy Ultra Paradise 500ml",
            "productId": "monster-energy-drink-ultra-paradise-500ml",
            "productShopPage": "https://takaka.store.freshchoice.co.nz/lines/monster-energy-drink-ultra-paradise-500ml",
            "productImageURL": "https://dtgxwmigmg3gc.cloudfront.net/imagery/assets/derivations/icon/512/512/true/eyJpZCI6ImZiZDRkZTQxNzA0M2FiYTUyMjMwZWI0NTcyZGNmYTE1Iiwic3RvcmFnZSI6InB1YmxpY19zdG9yZSJ9?signature=8a439bf26b71114289dfea1720ed331b1e4784c534deade29db8ac38b1cc7c1a",
            "productDescription": ""
        },
        "priceData": {
            "bestPrice": "3.00",
            "price": "3.00",
            "pricePerLitre": 6.0,
            "bestPricePerLitre": 6.0
        },
        "store": {
            "id": "5e532870ec28665271010f05",
            "name": "Takaka"
        }
    },
    {
        "productData": {
            "name": "Monster Energy Ultra Zero 500ml",
            "productId": "monster-energy-ultra-zero-500ml",
            "productShopPage": "https://takaka.store.freshchoice.co.nz/lines/monster-energy-ultra-zero-500ml",
            "productImageURL": "https://dtgxwmigmg3gc.cloudfront.net/imagery/assets/derivations/icon/512/512/true/eyJpZCI6IjdhN2FhYTUwZWU2NTYwYjBiNGY1NThhMTgwNmVlODI3Iiwic3RvcmFnZSI6InB1YmxpY19zdG9yZSJ9?signature=7907c49ba7d043175a426f84a71776de7dd51fa5c249237063aca9cb098abdbe",
            "productDescription": ""
        },
        "priceData": {
            "bestPrice": "3.00",
            "price": "3.00",
            "pricePerLitre": 6.0,
            "bestPricePerLitre": 6.0
        },
        "store": {
            "id": "5e532870ec28665271010f05",
            "name": "Takaka"
        }
    },
    {
        "productData": {
            "name": "Monster Energy Drink Ultra Rosa 500ml",
            "productId": "monster-energy-drink-ultra-rosa-500ml",
            "productShopPage": "https://takaka.store.freshchoice.co.nz/lines/monster-energy-drink-ultra-rosa-500ml",
            "productImageURL": "https://dtgxwmigmg3gc.cloudfront.net/imagery/assets/derivations/icon/512/512/true/eyJpZCI6IjZjYzFjMzcwYzM4Mzk4N2MyOTUzNWIyMTFjZTJlYjgxIiwic3RvcmFnZSI6InB1YmxpY19zdG9yZSJ9?signature=9cd08284785f9b24647ecc7d1dc08214d9d00318cc809bebdef1921d6b78bb95",
            "productDescription": ""
        },
        "priceData": {
            "bestPrice": "3.00",
            "price": "3.00",
            "pricePerLitre": 6.0,
            "bestPricePerLitre": 6.0
        },
        "store": {
            "id": "5e532870ec28665271010f05",
            "name": "Takaka"
        }
    },
    {
        "productData": {
            "name": "Mother Energy Drink Berry 500ml",
            "productId": "mother-energy-drink-berry-500ml",
            "productShopPage": "https://takaka.store.freshchoice.co.nz/lines/mother-energy-drink-berry-500ml",
            "productImageURL": "https://dtgxwmigmg3gc.cloudfront.net/imagery/assets/derivations/icon/512/512/true/eyJpZCI6ImRhYTJlNjUzNzRjZjViNjI0ZDljNzUzNDA3YmE0ZDFkIiwic3RvcmFnZSI6InB1YmxpY19zdG9yZSJ9?signature=d9ffb465d71d599811c2ff7a788845bfe297eb3624ad7866a89cf0b3ece073f0",
            "productDescription": ""
        },
        "priceData": {
            "bestPrice": "2.00",
            "price": "2.00",
            "pricePerLitre": 4.0,
            "bestPricePerLitre": 4.0
        },
        "store": {
            "id": "5e532870ec28665271010f05",
            "name": "Takaka"
        }
    },
    {
        "productData": {
            "name": "Mother Energy Drink Black 500ml",
            "productId": "mother-energy-drink-black-500ml",
            "productShopPage": "https://takaka.store.freshchoice.co.nz/lines/mother-energy-drink-black-500ml",
            "productImageURL": "https://dtgxwmigmg3gc.cloudfront.net/imagery/assets/derivations/icon/512/512/true/eyJpZCI6ImYyMzA5MjhkYjg3ODFhYmYzZDU3ZjE1YjNmYzU2MWFjIiwic3RvcmFnZSI6InB1YmxpY19zdG9yZSJ9?signature=d3dbddb83d3d457075cd5d8936bef0c5b48fce4fa3fe725995d8b6d57219ceb5",
            "productDescription": ""
        },
        "priceData": {
            "bestPrice": "2.00",
            "price": "2.00",
            "pricePerLitre": 4.0,
            "bestPricePerLitre": 4.0
        },
        "store": {
            "id": "5e532870ec28665271010f05",
            "name": "Takaka"
        }
    },
    {
        "productData": {
            "name": "Mother Energy Drink Passion 500ml",
            "productId": "mother-energy-drink-passion-500ml",
            "productShopPage": "https://takaka.store.freshchoice.co.nz/lines/mother-energy-drink-passion-500ml",
            "productImageURL": "https://dtgxwmigmg3gc.cloudfront.net/imagery/assets/derivations/icon/512/512/true/eyJpZCI6ImQwODE2YTc4ZjBmNGU4NTU5Mzg1YjkxZmI5YjIzZjM0Iiwic3RvcmFnZSI6InB1YmxpY19zdG9yZSJ9?signature=713c495fef96a6427b917f0c7c7e855a963749ac5c1bf7dfd71e24ae08ea3123",
            "productDescription": ""
        },
        "priceData": {
            "bestPrice": "2.00",
            "price": "2.00",
            "pricePerLitre": 4.0,
            "bestPricePerLitre": 4.0
        },
        "store": {
            "id": "5e532870ec28665271010f05",
            "name": "Takaka"
        }
    },
    {
        "productData": {
            "name": "Mother Tropical Blast 500ml",
            "productId": "mother-tropical-blast-500ml",
            "productShopPage": "https://takaka.store.freshchoice.co.nz/lines/mother-tropical-blast-500ml",
            "productImageURL": "https://dtgxwmigmg3gc.cloudfront.net/imagery/assets/derivations/icon/512/512/true/eyJpZCI6ImEyZmM1OTUwNDhlODM5YTRhMjQ2MTI1OGEyYzNlZWZhIiwic3RvcmFnZSI6InB1YmxpY19zdG9yZSJ9?signature=6c9470ee4067e8ec32b58eeac9d628404d3986058a9b1cdef46014d1bee50944",
            "productDescription": ""
        },
        "priceData": {
            "bestPrice": "2.00",
            "price": "2.00",
            "pricePerLitre": 4.0,
            "bestPricePerLitre": 4.0
        },
        "store": {
            "id": "5e532870ec28665271010f05",
            "name": "Takaka"
        }
    },
    {
        "productData": {
            "name": "Mother Epic Swell Energy Drink Twisted Apple 500ml",
            "productId": "mother-epic-swell-energy-drink-twisted-apple-500ml",
            "productShopPage": "https://takaka.store.freshchoice.co.nz/lines/mother-epic-swell-energy-drink-twisted-apple-500ml",
            "productImageURL": "https://dtgxwmigmg3gc.cloudfront.net/imagery/assets/derivations/icon/512/512/true/eyJpZCI6ImE2ZjYxOGNhNjUyYzMxNzRhNjg2MDBhMGVjZmQ3MmJkIiwic3RvcmFnZSI6InB1YmxpY19zdG9yZSJ9?signature=954f74f8aba0fb24cb2a5248b1e93fe8a62fb8c7f902abbb08b7aed24bc44c80",
            "productDescription": ""
        },
        "priceData": {
            "bestPrice": "2.00",
            "price": "2.00",
            "pricePerLitre": 4.0,
            "bestPricePerLitre": 4.0
        },
        "store": {
            "id": "5e532870ec28665271010f05",
            "name": "Takaka"
        }
    },
    {
        "productData": {
            "name": "Monster Energy Juice Mango Loco 500ml",
            "productId": "monster-energy-juice-mango-loco-500ml-can",
            "productShopPage": "https://takaka.store.freshchoice.co.nz/lines/monster-energy-juice-mango-loco-500ml-can",
            "productImageURL": "https://dtgxwmigmg3gc.cloudfront.net/imagery/assets/derivations/icon/512/512/true/eyJpZCI6ImUyNmIyNzdlMzJkOTg5NjI4YWYxYzg2MTU2MjI0ZjgzIiwic3RvcmFnZSI6InB1YmxpY19zdG9yZSJ9?signature=db65ff44183396e60e8f4c13003417fb1277f7685b136cf223d7701f7e945faf",
            "productDescription": ""
        },
        "priceData": {
            "bestPrice": "3.00",
            "price": "3.00",
            "pricePerLitre": 6.0,
            "bestPricePerLitre": 6.0
        },
        "store": {
            "id": "5e532870ec28665271010f05",
            "name": "Takaka"
        }
    },
    {
        "productData": {
            "name": "V Energy Drink Guarana 500ml",
            "productId": "v-energy-drink-guarana-500ml",
            "productShopPage": "https://takaka.store.freshchoice.co.nz/lines/v-energy-drink-guarana-500ml",
            "productImageURL": "https://dtgxwmigmg3gc.cloudfront.net/imagery/assets/derivations/icon/512/512/true/eyJpZCI6IjgzZDAxMjhiMzg4NmEwZmE4YTE2ZjY2NWIzNmM2NzI2Iiwic3RvcmFnZSI6InB1YmxpY19zdG9yZSJ9?signature=f55ecc561066291a4e74a967db35ea2355f881bd1708bf400fd790032384ae4f",
            "productDescription": ""
        },
        "priceData": {
            "bestPrice": "3.80",
            "price": "3.80",
            "pricePerLitre": 7.6,
            "bestPricePerLitre": 7.6
        },
        "store": {
            "id": "5e532870ec28665271010f05",
            "name": "Takaka"
        }
    },
    {
        "productData": {
            "name": "V Energy Drink Sugar Free Guarana 250ml",
            "productId": "v-energy-drink-sugar-free-guarana-250ml",
            "productShopPage": "https://takaka.store.freshchoice.co.nz/lines/v-energy-drink-sugar-free-guarana-250ml",
            "productImageURL": "https://dtgxwmigmg3gc.cloudfront.net/imagery/assets/derivations/icon/512/512/true/eyJpZCI6ImZiNzM1NmU4NTMyZDllODlkZTljZmNlOGY2MzQ5NGQwIiwic3RvcmFnZSI6InB1YmxpY19zdG9yZSJ9?signature=72b0ce0a48ca796717c115fe5e8b4564501470f63bf80ae865d26e9d131a2b8c",
            "productDescription": ""
        },
        "priceData": {
            "bestPrice": "2.20",
            "price": "2.20",
            "pricePerLitre": 8.8,
            "bestPricePerLitre": 8.8
        },
        "store": {
            "id": "5e532870ec28665271010f05",
            "name": "Takaka"
        }
    },
    {
        "productData": {
            "name": "V Energy Drink Blue Guarana Spritzed 350ml",
            "productId": "v-blue-energy-drink-blue-guarana-spritzed-350ml",
            "productShopPage": "https://takaka.store.freshchoice.co.nz/lines/v-blue-energy-drink-blue-guarana-spritzed-350ml",
            "productImageURL": "https://dtgxwmigmg3gc.cloudfront.net/imagery/assets/derivations/icon/512/512/true/eyJpZCI6ImY2OTRlZGI4NjdlNWMzZDM5NzgzMDQ0ODFkMzUxZGZiIiwic3RvcmFnZSI6InB1YmxpY19zdG9yZSJ9?signature=591b3079cb9c2407a29b3bc348eaf42dc1d34daba5c9d7aba65be654725b6719",
            "productDescription": ""
        },
        "priceData": {
            "bestPrice": "2.30",
            "price": "2.30",
            "pricePerLitre": 10.0,
            "bestPricePerLitre": 10.0
        },
        "store": {
            "id": "5e532870ec28665271010f05",
            "name": "Takaka"
        }
    },
    {
        "productData": {
            "name": "V Energy Drink Green Guarana 350ml",
            "productId": "v-energy-drink-green-guarana-350ml",
            "productShopPage": "https://takaka.store.freshchoice.co.nz/lines/v-energy-drink-green-guarana-350ml",
            "productImageURL": "https://dtgxwmigmg3gc.cloudfront.net/imagery/assets/derivations/icon/512/512/true/eyJpZCI6IjRiNjY4ZjYxOTQ2ODYyN2MzM2NiZWMyNGUyNmIyODk4Iiwic3RvcmFnZSI6InB1YmxpY19zdG9yZSJ9?signature=4cded9cb42349eef45a593461f311b1bb7fa881295733879671ad9fe9887d30c",
            "productDescription": ""
        },
        "priceData": {
            "bestPrice": "2.30",
            "price": "2.30",
            "pricePerLitre": 10.0,
            "bestPricePerLitre": 10.0
        },
        "store": {
            "id": "5e532870ec28665271010f05",
            "name": "Takaka"
        }
    },
    {
        "productData": {
            "name": "V Energy Drink Guarana Can 250ml",
            "productId": "v-energy-drink-guarana-can-250ml",
            "productShopPage": "https://takaka.store.freshchoice.co.nz/lines/v-energy-drink-guarana-can-250ml",
            "productImageURL": "https://dtgxwmigmg3gc.cloudfront.net/imagery/assets/derivations/icon/512/512/true/eyJpZCI6Ijc3Nzk1NjE2ZDhhNmFiMThhYzEzODYzOTg2ZmNkNzgwIiwic3RvcmFnZSI6InB1YmxpY19zdG9yZSJ9?signature=f5de1854d43e19cc62bff86893d4a55615cd916f8425a4dccd170b52eba81255",
            "productDescription": ""
        },
        "priceData": {
            "bestPrice": "2.20",
            "price": "2.20",
            "pricePerLitre": 8.8,
            "bestPricePerLitre": 8.8
        },
        "store": {
            "id": "5e532870ec28665271010f05",
            "name": "Takaka"
        }
    },
    {
        "productData": {
            "name": "V Energy Drink Guarana Can 500ml",
            "productId": "v-energy-drink-guarana-can-500ml",
            "productShopPage": "https://takaka.store.freshchoice.co.nz/lines/v-energy-drink-guarana-can-500ml",
            "productImageURL": "https://dtgxwmigmg3gc.cloudfront.net/imagery/assets/derivations/icon/512/512/true/eyJpZCI6ImI0NjgzNGZjNDRkMjU0MjgzYzJjZGNhMzA2NWIxYjA5Iiwic3RvcmFnZSI6InB1YmxpY19zdG9yZSJ9?signature=265e8273409849423466e7623cbbdf8352940707b8830803eec391e8f32c9c5f",
            "productDescription": ""
        },
        "priceData": {
            "bestPrice": "3.50",
            "price": "3.50",
            "pricePerLitre": 7.0,
            "bestPricePerLitre": 7.0
        },
        "store": {
            "id": "5e532870ec28665271010f05",
            "name": "Takaka"
        }
    },
    {
        "productData": {
            "name": "V Energy Drink Sugar Free Guarana 500ml",
            "productId": "v-energy-drink-sugar-free-guarana-500ml",
            "productShopPage": "https://takaka.store.freshchoice.co.nz/lines/v-energy-drink-sugar-free-guarana-500ml",
            "productImageURL": "https://dtgxwmigmg3gc.cloudfront.net/imagery/assets/derivations/icon/512/512/true/eyJpZCI6Ijg4MGExMDYxOTY4NTJiYzM1ZTExMmU2MGE2OWYxNDE3Iiwic3RvcmFnZSI6InB1YmxpY19zdG9yZSJ9?signature=b0536d25b9da8158705e24c88e21fabbf85c1dabc19f18108c386e956ffd7045",
            "productDescription": ""
        },
        "priceData": {
            "bestPrice": "3.50",
            "price": "3.50",
            "pricePerLitre": 7.0,
            "bestPricePerLitre": 7.0
        },
        "store": {
            "id": "5e532870ec28665271010f05",
            "name": "Takaka"
        }
    },
    {
        "productData": {
            "name": "V Blue Energy Drink Bottle 500ml",
            "productId": "v-blue-energy-drink-bottle-500ml",
            "productShopPage": "https://takaka.store.freshchoice.co.nz/lines/v-blue-energy-drink-bottle-500ml",
            "productImageURL": "https://dtgxwmigmg3gc.cloudfront.net/imagery/assets/derivations/icon/512/512/true/eyJpZCI6IjgyYWYxYWY4MGI4MzUxODhiYmVhZGVhM2U2NzY0MzI5Iiwic3RvcmFnZSI6InB1YmxpY19zdG9yZSJ9?signature=7e70fc576864a528a1431734d680cbf177a11b419a692dbfd34800c31b8944ec",
            "productDescription": ""
        },
        "priceData": {
            "bestPrice": "3.80",
            "price": "3.80",
            "pricePerLitre": 7.6,
            "bestPricePerLitre": 7.6
        },
        "store": {
            "id": "5e532870ec28665271010f05",
            "name": "Takaka"
        }
    },
    {
        "productData": {
            "name": "V Blue Sugarfree Energy Drink 500ml",
            "productId": "v-blue-sugarfree-energy-drink-500ml",
            "productShopPage": "https://takaka.store.freshchoice.co.nz/lines/v-blue-sugarfree-energy-drink-500ml",
            "productImageURL": "https://dtgxwmigmg3gc.cloudfront.net/imagery/assets/derivations/icon/512/512/true/eyJpZCI6ImVmYjQyOWRmM2JjZjc3NTY1ZDIwMTEyNTY0MDdmZjA1Iiwic3RvcmFnZSI6InB1YmxpY19zdG9yZSJ9?signature=2911d59474d8305039a3be3bef0f887c38d9ab84596314b13cc4b150101175ab",
            "productDescription": ""
        },
        "priceData": {
            "bestPrice": "3.50",
            "price": "3.50",
            "pricePerLitre": 7.0,
            "bestPricePerLitre": 7.0
        },
        "store": {
            "id": "5e532870ec28665271010f05",
            "name": "Takaka"
        }
    },
    {
        "productData": {
            "name": "V Sugarfree Energy Drink Berry Twist 350ml",
            "productId": "v-sugarfree-energy-drink-berry-twist-350ml",
            "productShopPage": "https://takaka.store.freshchoice.co.nz/lines/v-sugarfree-energy-drink-berry-twist-350ml",
            "productImageURL": "https://dtgxwmigmg3gc.cloudfront.net/imagery/assets/derivations/icon/512/512/true/eyJpZCI6IjMxY2RlOWU3MTE1YTA4ZGRhYzFiODM0NjQ4NDFmOTM5Iiwic3RvcmFnZSI6InB1YmxpY19zdG9yZSJ9?signature=055982afa93dd6614e2f3de353af4c76a52ab79cac4e2b4660a75933fb1bc9a4",
            "productDescription": ""
        },
        "priceData": {
            "bestPrice": "2.30",
            "price": "2.30",
            "pricePerLitre": 10.0,
            "bestPricePerLitre": 10.0
        },
        "store": {
            "id": "5e532870ec28665271010f05",
            "name": "Takaka"
        }
    },
    {
        "productData": {
            "name": "V Blue Energy Drink Blue Guarana Can 250ml",
            "productId": "v-blue-energy-drink-blue-guarana-can-250ml",
            "productShopPage": "https://takaka.store.freshchoice.co.nz/lines/v-blue-energy-drink-blue-guarana-can-250ml",
            "productImageURL": "https://dtgxwmigmg3gc.cloudfront.net/imagery/assets/derivations/icon/512/512/true/eyJpZCI6IjBmZjQwNDEyZWQ2ZDk4YTg3YWQ2ZDUyMWZlNjM1YzJkIiwic3RvcmFnZSI6InB1YmxpY19zdG9yZSJ9?signature=8f745abe5614ec47b3d7a07f1a34ba529184a87b2a696211ba5a0f9f29c86bf0",
            "productDescription": ""
        },
        "priceData": {
            "bestPrice": "2.20",
            "price": "2.20",
            "pricePerLitre": 8.8,
            "bestPricePerLitre": 8.8
        },
        "store": {
            "id": "5e532870ec28665271010f05",
            "name": "Takaka"
        }
    },
    {
        "productData": {
            "name": "V Blue Energy Drink Blue Guarana Can 500ml",
            "productId": "v-blue-energy-drink-blue-guarana-can-500ml",
            "productShopPage": "https://takaka.store.freshchoice.co.nz/lines/v-blue-energy-drink-blue-guarana-can-500ml",
            "productImageURL": "https://dtgxwmigmg3gc.cloudfront.net/imagery/assets/derivations/icon/512/512/true/eyJpZCI6ImFmYjEyYjVjYTU2YWI5ZDJhMTVmNGY2MDg2NWFlNzgxIiwic3RvcmFnZSI6InB1YmxpY19zdG9yZSJ9?signature=b537a8cc5a2c0f90f1702b2c541db44c3a740a0ec4a96e92ab2d6537f9320e8d",
            "productDescription": ""
        },
        "priceData": {
            "bestPrice": "3.50",
            "price": "3.50",
            "pricePerLitre": 7.0,
            "bestPricePerLitre": 7.0
        },
        "store": {
            "id": "5e532870ec28665271010f05",
            "name": "Takaka"
        }
    },
    {
        "productData": {
            "name": "V Energy Drink Sugar Free Guarana 275ml 4 Pack",
            "productId": "v-energy-drink-sugar-free-guarana-275ml-4-pack",
            "productShopPage": "https://takaka.store.freshchoice.co.nz/lines/v-energy-drink-sugar-free-guarana-275ml-4-pack",
            "productImageURL": "https://dtgxwmigmg3gc.cloudfront.net/imagery/assets/derivations/icon/512/512/true/eyJpZCI6IjdiYzk4MzAyN2RlNTU0MjQ4NDZkZTEzOTYzMDhmZWY0Iiwic3RvcmFnZSI6InB1YmxpY19zdG9yZSJ9?signature=6fe2c0378a010de1a1a8a9b1ea9c06d97cf3e6fef4a86c66b9cdd5f4bab7bcd6",
            "productDescription": ""
        },
        "priceData": {
            "bestPrice": "9.39",
            "price": "9.39",
            "pricePerLitre": 8.5,
            "bestPricePerLitre": 8.5
        },
        "store": {
            "id": "5e532870ec28665271010f05",
            "name": "Takaka"
        }
    },
    {
        "productData": {
            "name": "V Pure Energy Drink Bottle 330ml",
            "productId": "v-pure-330ml-bottle",
            "productShopPage": "https://takaka.store.freshchoice.co.nz/lines/v-pure-330ml-bottle",
            "productImageURL": "https://dtgxwmigmg3gc.cloudfront.net/imagery/assets/derivations/icon/512/512/true/eyJpZCI6ImFjZmFlNGE1MmQ1ZmNhOTVhN2IyNzdhOGQ3ZTBjNTY0Iiwic3RvcmFnZSI6InB1YmxpY19zdG9yZSJ9?signature=ff03797de044ef70d02854192249a79b3cd819353c7171ef7358378e76bfc089",
            "productDescription": ""
        },
        "priceData": {
            "bestPrice": "3.50",
            "price": "3.50",
            "pricePerLitre": 10.600000000000001,
            "bestPricePerLitre": 10.600000000000001
        },
        "store": {
            "id": "5e532870ec28665271010f05",
            "name": "Takaka"
        }
    },
    {
        "productData": {
            "name": "Monster Super Fuel Zero Sugar 550ml",
            "productId": "monster-super-fuel-zero-sugar-550ml",
            "productShopPage": "https://takaka.store.freshchoice.co.nz/lines/monster-super-fuel-zero-sugar-550ml",
            "productImageURL": "https://dtgxwmigmg3gc.cloudfront.net/imagery/assets/derivations/icon/512/512/true/eyJpZCI6IjRkOTE3NzhmODIxNDI1ZDJjNDg3Yjc0M2YyMzEyYmYxIiwic3RvcmFnZSI6InB1YmxpY19zdG9yZSJ9?signature=4b9dbd15c40f85466e597873c567f989183b284947e8c8dc4df58667789214a2",
            "productDescription": ""
        },
        "priceData": {
            "bestPrice": "4.00",
            "price": "4.00",
            "pricePerLitre": 7.3,
            "bestPricePerLitre": 7.3
        },
        "store": {
            "id": "5e532870ec28665271010f05",
            "name": "Takaka"
        }
    },
    {
        "productData": {
            "name": "Monster Mule Ginger Brew 500ml",
            "productId": "monster-mule-ginger-brew-500ml",
            "productShopPage": "https://takaka.store.freshchoice.co.nz/lines/monster-mule-ginger-brew-500ml",
            "productImageURL": "https://dtgxwmigmg3gc.cloudfront.net/imagery/assets/derivations/icon/512/512/true/eyJpZCI6ImM1OTM5MTIyZTRlNmNhNzk0ODFlMDE4ZWVmMWE2Y2ZlIiwic3RvcmFnZSI6InB1YmxpY19zdG9yZSJ9?signature=5d11287f30ef58c148e37382d61c0d83097d5461683a9aa5dd9456941c1f32e5",
            "productDescription": ""
        },
        "priceData": {
            "bestPrice": "3.00",
            "price": "3.00",
            "pricePerLitre": 6.0,
            "bestPricePerLitre": 6.0
        },
        "store": {
            "id": "5e532870ec28665271010f05",
            "name": "Takaka"
        }
    },
    {
        "productData": {
            "name": "Monster Super Fuel Purple Passion 550ml",
            "productId": "monster-super-fuel-purple-passion-550ml",
            "productShopPage": "https://takaka.store.freshchoice.co.nz/lines/monster-super-fuel-purple-passion-550ml",
            "productImageURL": "https://dtgxwmigmg3gc.cloudfront.net/imagery/assets/derivations/icon/512/512/true/eyJpZCI6IjNkMTY1OTQwMzgyOTZjZjVlMjNlNjBjMDQ3NTE1YWM0Iiwic3RvcmFnZSI6InB1YmxpY19zdG9yZSJ9?signature=4d4ccd77dab941d955a8037242a41833afdc7251d3bd5b5c4b99705770273998",
            "productDescription": ""
        },
        "priceData": {
            "bestPrice": "4.00",
            "price": "4.00",
            "pricePerLitre": 7.3,
            "bestPricePerLitre": 7.3
        },
        "store": {
            "id": "5e532870ec28665271010f05",
            "name": "Takaka"
        }
    },
    {
        "productData": {
            "name": "Monster Energy Pipeline Punch 500ml",
            "productId": "monster-energy-pipeline-punch-500ml",
            "productShopPage": "https://takaka.store.freshchoice.co.nz/lines/monster-energy-pipeline-punch-500ml",
            "productImageURL": "https://dtgxwmigmg3gc.cloudfront.net/imagery/assets/derivations/icon/512/512/true/eyJpZCI6IjM3ZWY2OTY5OWFlNTJlZTRjNTY1ZmFmYWIwOTIxMjg4Iiwic3RvcmFnZSI6InB1YmxpY19zdG9yZSJ9?signature=79ed6699c35bd716a9d5d9457c39ce62c523edaa4059b6b45d4dcc7caf65cef9",
            "productDescription": ""
        },
        "priceData": {
            "bestPrice": "3.00",
            "price": "3.00",
            "pricePerLitre": 6.0,
            "bestPricePerLitre": 6.0
        },
        "store": {
            "id": "5e532870ec28665271010f05",
            "name": "Takaka"
        }
    },
    {
        "productData": {
            "name": "Live Plus Energy Drink Citrus Flavour 500ml",
            "productId": "live-plus-persist-500ml",
            "productShopPage": "https://takaka.store.freshchoice.co.nz/lines/live-plus-persist-500ml",
            "productImageURL": "https://dtgxwmigmg3gc.cloudfront.net/imagery/assets/derivations/icon/512/512/true/eyJpZCI6IjFlNWQ5YzI4OWM1N2UzNmYzZmI2NThlMDQzZTI3ZjE4Iiwic3RvcmFnZSI6InB1YmxpY19zdG9yZSJ9?signature=756b17fefe47174b90e7dbec8cd09db27f9f59f4994bc750b71256ae93ba9fa8",
            "productDescription": ""
        },
        "priceData": {
            "bestPrice": "2.00",
            "price": "2.00",
            "pricePerLitre": 4.0,
            "bestPricePerLitre": 4.0
        },
        "store": {
            "id": "5e532870ec28665271010f05",
            "name": "Takaka"
        }
    },
    {
        "productData": {
            "name": "Live Plus Energy Drink Tart Apple Apple Flavour 500ml",
            "productId": "live-plus-ignite-500ml",
            "productShopPage": "https://takaka.store.freshchoice.co.nz/lines/live-plus-ignite-500ml",
            "productImageURL": "https://dtgxwmigmg3gc.cloudfront.net/imagery/assets/derivations/icon/512/512/true/eyJpZCI6IjViOGViZjhmZTQzYjFlYTMzNDM5YjJjMjg3ZDRmY2YyIiwic3RvcmFnZSI6InB1YmxpY19zdG9yZSJ9?signature=140ae19352cd0dcec7e77f90fa4dfaa9fa17086439f730510afc5d906e1415bf",
            "productDescription": ""
        },
        "priceData": {
            "bestPrice": "2.00",
            "price": "2.00",
            "pricePerLitre": 4.0,
            "bestPricePerLitre": 4.0
        },
        "store": {
            "id": "5e532870ec28665271010f05",
            "name": "Takaka"
        }
    },
    {
        "productData": {
            "name": "V Guarana Energy Drink Blue Sugarfree 250ml",
            "productId": "v-blue-sugarfree-energy-drink-250ml",
            "productShopPage": "https://takaka.store.freshchoice.co.nz/lines/v-blue-sugarfree-energy-drink-250ml",
            "productImageURL": "https://dtgxwmigmg3gc.cloudfront.net/imagery/assets/derivations/icon/512/512/true/eyJpZCI6IjI3YWJiOTVhYjNhMjEwMDU2MWJhMmRhNTM3YjRhZjVmIiwic3RvcmFnZSI6InB1YmxpY19zdG9yZSJ9?signature=66769306ca1d0ba674603954d338186dc999f6d1839090d49fde9416b3252365",
            "productDescription": ""
        },
        "priceData": {
            "bestPrice": "2.20",
            "price": "2.20",
            "pricePerLitre": 8.8,
            "bestPricePerLitre": 8.8
        },
        "store": {
            "id": "5e532870ec28665271010f05",
            "name": "Takaka"
        }
    },
    {
        "productData": {
            "name": "Live Plus Energy Drink Original Citrus Flavour 355ml",
            "productId": "live-plus-persist-glass-355ml",
            "productShopPage": "https://takaka.store.freshchoice.co.nz/lines/live-plus-persist-glass-355ml",
            "productImageURL": "https://dtgxwmigmg3gc.cloudfront.net/imagery/assets/derivations/icon/512/512/true/eyJpZCI6ImYzMjZlMTdmMmI5ZGRjZGYzYmFmNzNiMWQzN2Y5NDI4Iiwic3RvcmFnZSI6InB1YmxpY19zdG9yZSJ9?signature=8fa31eb2b309e9c7a293ba2e7a7541e3cdc686b1d3f519044aa97c666ae5f630",
            "productDescription": ""
        },
        "priceData": {
            "bestPrice": "2.80",
            "price": "2.80",
            "pricePerLitre": 7.9,
            "bestPricePerLitre": 7.9
        },
        "store": {
            "id": "5e532870ec28665271010f05",
            "name": "Takaka"
        }
    },
    {
        "productData": {
            "name": "Live Plus Energy Drink Original Citrus Flavour 6 x 250ml",
            "productId": "live-plus-persist-250ml-6pack",
            "productShopPage": "https://takaka.store.freshchoice.co.nz/lines/live-plus-persist-250ml-6pack",
            "productImageURL": "https://dtgxwmigmg3gc.cloudfront.net/imagery/assets/derivations/icon/512/512/true/eyJpZCI6IjNmODNiNGI4MzI4MzJmNzhjZmJhNDA1OGUyZWFlM2ZhIiwic3RvcmFnZSI6InB1YmxpY19zdG9yZSJ9?signature=0257f943d0c41562773e51cbd42327ad911228832e33494e9c30381e20305337",
            "productDescription": ""
        },
        "priceData": {
            "bestPrice": "7.70",
            "price": "7.70",
            "pricePerLitre": 5.1,
            "bestPricePerLitre": 5.1
        },
        "store": {
            "id": "5e532870ec28665271010f05",
            "name": "Takaka"
        }
    },
    {
        "productData": {
            "name": "Rockstar Punched Energy Guava 500ml",
            "productId": "rockstar-punched-energy-guava-500ml",
            "productShopPage": "https://takaka.store.freshchoice.co.nz/lines/rockstar-punched-energy-guava-500ml",
            "productImageURL": "https://dtgxwmigmg3gc.cloudfront.net/imagery/assets/derivations/icon/512/512/true/eyJpZCI6IjBmNGEyNjU2MGQwM2Y4OGI4MWE3ZTMyODUzYTRlN2QyIiwic3RvcmFnZSI6InB1YmxpY19zdG9yZSJ9?signature=fab45ac774e74d87cf7a79de075f47290676fd6d4afcf212198c745670d5ce29",
            "productDescription": ""
        },
        "priceData": {
            "bestPrice": "2.00",
            "price": "2.00",
            "pricePerLitre": 4.0,
            "bestPricePerLitre": 4.0
        },
        "store": {
            "id": "5e532870ec28665271010f05",
            "name": "Takaka"
        }
    },
    {
        "productData": {
            "name": "Monster Energy Drink Ultra Rosa 500ml",
            "productId": "monster-energy-drink-ultra-rosa-500ml",
            "productShopPage": "https://teanau.store.freshchoice.co.nz/lines/monster-energy-drink-ultra-rosa-500ml",
            "productImageURL": "https://dtgxwmigmg3gc.cloudfront.net/imagery/assets/derivations/icon/512/512/true/eyJpZCI6IjZjYzFjMzcwYzM4Mzk4N2MyOTUzNWIyMTFjZTJlYjgxIiwic3RvcmFnZSI6InB1YmxpY19zdG9yZSJ9?signature=9cd08284785f9b24647ecc7d1dc08214d9d00318cc809bebdef1921d6b78bb95",
            "productDescription": ""
        },
        "priceData": {
            "bestPrice": "3.00",
            "price": "3.00",
            "pricePerLitre": 6.0,
            "bestPricePerLitre": 6.0
        },
        "store": {
            "id": "5cb68105583abc41610e0b19",
            "name": "Te Anau"
        }
    },
    {
        "productData": {
            "name": "Monster Energy Pipeline Punch 500ml",
            "productId": "monster-energy-p-line-pnch-500ml",
            "productShopPage": "https://teanau.store.freshchoice.co.nz/lines/monster-energy-p-line-pnch-500ml",
            "productImageURL": "https://dtgxwmigmg3gc.cloudfront.net/imagery/assets/derivations/icon/512/512/true/eyJpZCI6IjM3ZWY2OTY5OWFlNTJlZTRjNTY1ZmFmYWIwOTIxMjg4Iiwic3RvcmFnZSI6InB1YmxpY19zdG9yZSJ9?signature=79ed6699c35bd716a9d5d9457c39ce62c523edaa4059b6b45d4dcc7caf65cef9",
            "productDescription": ""
        },
        "priceData": {
            "bestPrice": "3.00",
            "price": "3.00",
            "pricePerLitre": 6.0,
            "bestPricePerLitre": 6.0
        },
        "store": {
            "id": "5cb68105583abc41610e0b19",
            "name": "Te Anau"
        }
    },
    {
        "productData": {
            "name": "Mother Tropical Blast 500ml",
            "productId": "mother-tropical-blast-500ml",
            "productShopPage": "https://teanau.store.freshchoice.co.nz/lines/mother-tropical-blast-500ml",
            "productImageURL": "https://dtgxwmigmg3gc.cloudfront.net/imagery/assets/derivations/icon/512/512/true/eyJpZCI6ImEyZmM1OTUwNDhlODM5YTRhMjQ2MTI1OGEyYzNlZWZhIiwic3RvcmFnZSI6InB1YmxpY19zdG9yZSJ9?signature=6c9470ee4067e8ec32b58eeac9d628404d3986058a9b1cdef46014d1bee50944",
            "productDescription": ""
        },
        "priceData": {
            "bestPrice": "2.00",
            "price": "2.00",
            "pricePerLitre": 4.0,
            "bestPricePerLitre": 4.0
        },
        "store": {
            "id": "5cb68105583abc41610e0b19",
            "name": "Te Anau"
        }
    },
    {
        "productData": {
            "name": "Mother Epic Swell Energy Drink Twisted Apple 500ml",
            "productId": "mother-epic-swell-energy-drink-twisted-apple-500ml",
            "productShopPage": "https://teanau.store.freshchoice.co.nz/lines/mother-epic-swell-energy-drink-twisted-apple-500ml",
            "productImageURL": "https://dtgxwmigmg3gc.cloudfront.net/imagery/assets/derivations/icon/512/512/true/eyJpZCI6ImE2ZjYxOGNhNjUyYzMxNzRhNjg2MDBhMGVjZmQ3MmJkIiwic3RvcmFnZSI6InB1YmxpY19zdG9yZSJ9?signature=954f74f8aba0fb24cb2a5248b1e93fe8a62fb8c7f902abbb08b7aed24bc44c80",
            "productDescription": ""
        },
        "priceData": {
            "bestPrice": "2.00",
            "price": "2.00",
            "pricePerLitre": 6.0,
            "bestPricePerLitre": 6.0
        },
        "store": {
            "id": "5cb68105583abc41610e0b19",
            "name": "Te Anau"
        }
    },
    {
        "productData": {
            "name": "V Energy Drink Sugar Free Guarana 500ml",
            "productId": "v-energy-drink-sugar-free-guarana-500ml",
            "productShopPage": "https://teanau.store.freshchoice.co.nz/lines/v-energy-drink-sugar-free-guarana-500ml",
            "productImageURL": "https://dtgxwmigmg3gc.cloudfront.net/imagery/assets/derivations/icon/512/512/true/eyJpZCI6Ijg4MGExMDYxOTY4NTJiYzM1ZTExMmU2MGE2OWYxNDE3Iiwic3RvcmFnZSI6InB1YmxpY19zdG9yZSJ9?signature=b0536d25b9da8158705e24c88e21fabbf85c1dabc19f18108c386e956ffd7045",
            "productDescription": ""
        },
        "priceData": {
            "bestPrice": "3.50",
            "price": "3.50",
            "pricePerLitre": 7.0,
            "bestPricePerLitre": 7.0
        },
        "store": {
            "id": "5cb68105583abc41610e0b19",
            "name": "Te Anau"
        }
    },
    {
        "productData": {
            "name": "V Blue Sugarfree Energy Drink 500ml",
            "productId": "v-blue-sugarfree-energy-drink-500ml",
            "productShopPage": "https://teanau.store.freshchoice.co.nz/lines/v-blue-sugarfree-energy-drink-500ml",
            "productImageURL": "https://dtgxwmigmg3gc.cloudfront.net/imagery/assets/derivations/icon/512/512/true/eyJpZCI6ImVmYjQyOWRmM2JjZjc3NTY1ZDIwMTEyNTY0MDdmZjA1Iiwic3RvcmFnZSI6InB1YmxpY19zdG9yZSJ9?signature=2911d59474d8305039a3be3bef0f887c38d9ab84596314b13cc4b150101175ab",
            "productDescription": ""
        },
        "priceData": {
            "bestPrice": "3.50",
            "price": "3.50",
            "pricePerLitre": 7.0,
            "bestPricePerLitre": 7.0
        },
        "store": {
            "id": "5cb68105583abc41610e0b19",
            "name": "Te Anau"
        }
    },
    {
        "productData": {
            "name": "Monster Super Fuel Zero Sugar 550ml",
            "productId": "monster-super-fuel-zero-sugar-550ml",
            "productShopPage": "https://teanau.store.freshchoice.co.nz/lines/monster-super-fuel-zero-sugar-550ml",
            "productImageURL": "https://dtgxwmigmg3gc.cloudfront.net/imagery/assets/derivations/icon/512/512/true/eyJpZCI6IjRkOTE3NzhmODIxNDI1ZDJjNDg3Yjc0M2YyMzEyYmYxIiwic3RvcmFnZSI6InB1YmxpY19zdG9yZSJ9?signature=4b9dbd15c40f85466e597873c567f989183b284947e8c8dc4df58667789214a2",
            "productDescription": ""
        },
        "priceData": {
            "bestPrice": "4.00",
            "price": "4.00",
            "pricePerLitre": 7.3,
            "bestPricePerLitre": 7.3
        },
        "store": {
            "id": "5cb68105583abc41610e0b19",
            "name": "Te Anau"
        }
    },
    {
        "productData": {
            "name": "Monster Mule Ginger Brew 500ml",
            "productId": "monster-mule-ginger-brew-500ml",
            "productShopPage": "https://teanau.store.freshchoice.co.nz/lines/monster-mule-ginger-brew-500ml",
            "productImageURL": "https://dtgxwmigmg3gc.cloudfront.net/imagery/assets/derivations/icon/512/512/true/eyJpZCI6ImM1OTM5MTIyZTRlNmNhNzk0ODFlMDE4ZWVmMWE2Y2ZlIiwic3RvcmFnZSI6InB1YmxpY19zdG9yZSJ9?signature=5d11287f30ef58c148e37382d61c0d83097d5461683a9aa5dd9456941c1f32e5",
            "productDescription": ""
        },
        "priceData": {
            "bestPrice": "3.00",
            "price": "3.00",
            "pricePerLitre": 6.0,
            "bestPricePerLitre": 6.0
        },
        "store": {
            "id": "5cb68105583abc41610e0b19",
            "name": "Te Anau"
        }
    },
    {
        "productData": {
            "name": "Monster Super Fuel Purple Passion 550ml",
            "productId": "monster-super-fuel-purple-passion-550ml",
            "productShopPage": "https://teanau.store.freshchoice.co.nz/lines/monster-super-fuel-purple-passion-550ml",
            "productImageURL": "https://dtgxwmigmg3gc.cloudfront.net/imagery/assets/derivations/icon/512/512/true/eyJpZCI6IjNkMTY1OTQwMzgyOTZjZjVlMjNlNjBjMDQ3NTE1YWM0Iiwic3RvcmFnZSI6InB1YmxpY19zdG9yZSJ9?signature=4d4ccd77dab941d955a8037242a41833afdc7251d3bd5b5c4b99705770273998",
            "productDescription": ""
        },
        "priceData": {
            "bestPrice": "4.00",
            "price": "4.00",
            "pricePerLitre": 7.3,
            "bestPricePerLitre": 7.3
        },
        "store": {
            "id": "5cb68105583abc41610e0b19",
            "name": "Te Anau"
        }
    },
    {
        "productData": {
            "name": "V Guarana Energy Drink Blue Sugarfree 250ml",
            "productId": "v-blue-sugarfree-energy-drink-250ml",
            "productShopPage": "https://teanau.store.freshchoice.co.nz/lines/v-blue-sugarfree-energy-drink-250ml",
            "productImageURL": "https://dtgxwmigmg3gc.cloudfront.net/imagery/assets/derivations/icon/512/512/true/eyJpZCI6IjI3YWJiOTVhYjNhMjEwMDU2MWJhMmRhNTM3YjRhZjVmIiwic3RvcmFnZSI6InB1YmxpY19zdG9yZSJ9?signature=66769306ca1d0ba674603954d338186dc999f6d1839090d49fde9416b3252365",
            "productDescription": ""
        },
        "priceData": {
            "bestPrice": "2.20",
            "price": "2.20",
            "pricePerLitre": 8.8,
            "bestPricePerLitre": 8.8
        },
        "store": {
            "id": "5cb68105583abc41610e0b19",
            "name": "Te Anau"
        }
    },
    {
        "productData": {
            "name": "Rockstar Energy Drink Blueberry Can 500ml",
            "productId": "rockstar-energy-drink-xdurance-blueberry-can-500ml",
            "productShopPage": "https://teanau.store.freshchoice.co.nz/lines/rockstar-energy-drink-xdurance-blueberry-can-500ml",
            "productImageURL": "https://dtgxwmigmg3gc.cloudfront.net/imagery/assets/derivations/icon/512/512/true/eyJpZCI6IjY1MTQ4NjBlZDIwNjhlNzI5ZmRhZGMxOTM0ODQyYWU3Iiwic3RvcmFnZSI6InB1YmxpY19zdG9yZSJ9?signature=1eec52fc35535ecd0973dd7428b24690138b0ff6988229d86ccc26bfb1bbfd24",
            "productDescription": ""
        },
        "priceData": {
            "bestPrice": "2.00",
            "price": "2.00",
            "pricePerLitre": 4.0,
            "bestPricePerLitre": 4.0
        },
        "store": {
            "id": "5cb68105583abc41610e0b19",
            "name": "Te Anau"
        }
    },
    {
        "productData": {
            "name": "Mother Kicked Apple 500ml",
            "productId": "mother-kicked-apple-500ml",
            "productShopPage": "https://westport.store.freshchoice.co.nz/lines/mother-kicked-apple-500ml",
            "productImageURL": "https://dtgxwmigmg3gc.cloudfront.net/imagery/assets/derivations/icon/512/512/true/eyJpZCI6IjNhZTlkYjkwYTM4MDFjMGEwYjUwYThhMDAwYjkyZjM0Iiwic3RvcmFnZSI6InB1YmxpY19zdG9yZSJ9?signature=c1a1db0a5d7b074c388cf08560fd44a4a2b6127821554198e54eeea8474325f6",
            "productDescription": ""
        },
        "priceData": {
            "bestPrice": "2.00",
            "price": "2.00",
            "pricePerLitre": 4.0,
            "bestPricePerLitre": 4.0
        },
        "store": {
            "id": "58f6f38252ba0b28db0135b2",
            "name": "Westport"
        }
    },
    {
        "productData": {
            "name": "Monster Energy Ultra Sunrise 500ml",
            "productId": "monster-energy-ultra-sunrise-500ml",
            "productShopPage": "https://westport.store.freshchoice.co.nz/lines/monster-energy-ultra-sunrise-500ml",
            "productImageURL": "https://dtgxwmigmg3gc.cloudfront.net/imagery/assets/derivations/icon/512/512/true/eyJpZCI6ImFlNTVkY2RiZTZiZjg3OGZjZTdlOTU1OTFhMDE4YTdiIiwic3RvcmFnZSI6InB1YmxpY19zdG9yZSJ9?signature=b98350feca08b6ab128cc925fef23a58f65a36f94ede15cb2174f6f88a0f8a0f",
            "productDescription": ""
        },
        "priceData": {
            "bestPrice": "3.00",
            "price": "3.00",
            "pricePerLitre": 6.0,
            "bestPricePerLitre": 6.0
        },
        "store": {
            "id": "58f6f38252ba0b28db0135b2",
            "name": "Westport"
        }
    },
    {
        "productData": {
            "name": "Monster Energy Ultra Zero 500ml",
            "productId": "monster-energy-ultra-zero-500ml",
            "productShopPage": "https://westport.store.freshchoice.co.nz/lines/monster-energy-ultra-zero-500ml",
            "productImageURL": "https://dtgxwmigmg3gc.cloudfront.net/imagery/assets/derivations/icon/512/512/true/eyJpZCI6IjdhN2FhYTUwZWU2NTYwYjBiNGY1NThhMTgwNmVlODI3Iiwic3RvcmFnZSI6InB1YmxpY19zdG9yZSJ9?signature=7907c49ba7d043175a426f84a71776de7dd51fa5c249237063aca9cb098abdbe",
            "productDescription": ""
        },
        "priceData": {
            "bestPrice": "3.00",
            "price": "3.00",
            "pricePerLitre": 6.0,
            "bestPricePerLitre": 6.0
        },
        "store": {
            "id": "58f6f38252ba0b28db0135b2",
            "name": "Westport"
        }
    },
    {
        "productData": {
            "name": "Monster Energy Drink Can Green 500ml",
            "productId": "monster-energy-green-500ml",
            "productShopPage": "https://westport.store.freshchoice.co.nz/lines/monster-energy-green-500ml",
            "productImageURL": "https://dtgxwmigmg3gc.cloudfront.net/imagery/assets/derivations/icon/512/512/true/eyJpZCI6ImU3ZjNiNjJiNzI4Y2M0MTIxMjhiNjQ2ZmQ2OTQzMGEzIiwic3RvcmFnZSI6InB1YmxpY19zdG9yZSJ9?signature=637eac56411f57a79f345ea693f1418330d5742c3a04caddb460696dba06da06",
            "productDescription": ""
        },
        "priceData": {
            "bestPrice": "3.00",
            "price": "3.00",
            "pricePerLitre": 6.0,
            "bestPricePerLitre": 6.0
        },
        "store": {
            "id": "58f6f38252ba0b28db0135b2",
            "name": "Westport"
        }
    },
    {
        "productData": {
            "name": "Monster Energy Drink Ultra Rosa 500ml",
            "productId": "monster-energy-drink-ultra-rosa-500ml",
            "productShopPage": "https://westport.store.freshchoice.co.nz/lines/monster-energy-drink-ultra-rosa-500ml",
            "productImageURL": "https://dtgxwmigmg3gc.cloudfront.net/imagery/assets/derivations/icon/512/512/true/eyJpZCI6IjZjYzFjMzcwYzM4Mzk4N2MyOTUzNWIyMTFjZTJlYjgxIiwic3RvcmFnZSI6InB1YmxpY19zdG9yZSJ9?signature=9cd08284785f9b24647ecc7d1dc08214d9d00318cc809bebdef1921d6b78bb95",
            "productDescription": ""
        },
        "priceData": {
            "bestPrice": "3.00",
            "price": "3.00",
            "pricePerLitre": 6.0,
            "bestPricePerLitre": 6.0
        },
        "store": {
            "id": "58f6f38252ba0b28db0135b2",
            "name": "Westport"
        }
    },
    {
        "productData": {
            "name": "Mother Energy Drink Berry 500ml",
            "productId": "mother-energy-drink-berry-500ml",
            "productShopPage": "https://westport.store.freshchoice.co.nz/lines/mother-energy-drink-berry-500ml",
            "productImageURL": "https://dtgxwmigmg3gc.cloudfront.net/imagery/assets/derivations/icon/512/512/true/eyJpZCI6ImRhYTJlNjUzNzRjZjViNjI0ZDljNzUzNDA3YmE0ZDFkIiwic3RvcmFnZSI6InB1YmxpY19zdG9yZSJ9?signature=d9ffb465d71d599811c2ff7a788845bfe297eb3624ad7866a89cf0b3ece073f0",
            "productDescription": ""
        },
        "priceData": {
            "bestPrice": "2.00",
            "price": "2.00",
            "pricePerLitre": 4.0,
            "bestPricePerLitre": 4.0
        },
        "store": {
            "id": "58f6f38252ba0b28db0135b2",
            "name": "Westport"
        }
    },
    {
        "productData": {
            "name": "Mother Energy Drink Black 500ml",
            "productId": "mother-energy-drink-black-500ml",
            "productShopPage": "https://westport.store.freshchoice.co.nz/lines/mother-energy-drink-black-500ml",
            "productImageURL": "https://dtgxwmigmg3gc.cloudfront.net/imagery/assets/derivations/icon/512/512/true/eyJpZCI6ImYyMzA5MjhkYjg3ODFhYmYzZDU3ZjE1YjNmYzU2MWFjIiwic3RvcmFnZSI6InB1YmxpY19zdG9yZSJ9?signature=d3dbddb83d3d457075cd5d8936bef0c5b48fce4fa3fe725995d8b6d57219ceb5",
            "productDescription": ""
        },
        "priceData": {
            "bestPrice": "2.00",
            "price": "2.00",
            "pricePerLitre": 4.0,
            "bestPricePerLitre": 4.0
        },
        "store": {
            "id": "58f6f38252ba0b28db0135b2",
            "name": "Westport"
        }
    },
    {
        "productData": {
            "name": "Mother Energy Drink Cans 6x250ml",
            "productId": "mother-energy-drink-6x250ml-cans",
            "productShopPage": "https://westport.store.freshchoice.co.nz/lines/mother-energy-drink-6x250ml-cans",
            "productImageURL": "https://dtgxwmigmg3gc.cloudfront.net/imagery/assets/derivations/icon/512/512/true/eyJpZCI6IjEyOGFhMmU0Y2VkYTU4ZWFkZmVhOWUwZjdlNTZhOTA4Iiwic3RvcmFnZSI6InB1YmxpY19zdG9yZSJ9?signature=5db1908f64527cf28fa7bf3266a83ab854a07ca50453511f7d414d8e6d5c10fb",
            "productDescription": ""
        },
        "priceData": {
            "bestPrice": "7.70",
            "price": "7.70",
            "pricePerLitre": 5.1,
            "bestPricePerLitre": 5.1
        },
        "store": {
            "id": "58f6f38252ba0b28db0135b2",
            "name": "Westport"
        }
    },
    {
        "productData": {
            "name": "Mother Energy Drink Passion 500ml",
            "productId": "mother-energy-drink-passion-500ml",
            "productShopPage": "https://westport.store.freshchoice.co.nz/lines/mother-energy-drink-passion-500ml",
            "productImageURL": "https://dtgxwmigmg3gc.cloudfront.net/imagery/assets/derivations/icon/512/512/true/eyJpZCI6ImQwODE2YTc4ZjBmNGU4NTU5Mzg1YjkxZmI5YjIzZjM0Iiwic3RvcmFnZSI6InB1YmxpY19zdG9yZSJ9?signature=713c495fef96a6427b917f0c7c7e855a963749ac5c1bf7dfd71e24ae08ea3123",
            "productDescription": ""
        },
        "priceData": {
            "bestPrice": "2.00",
            "price": "2.00",
            "pricePerLitre": 4.0,
            "bestPricePerLitre": 4.0
        },
        "store": {
            "id": "58f6f38252ba0b28db0135b2",
            "name": "Westport"
        }
    },
    {
        "productData": {
            "name": "Mother Tropical Blast 500ml",
            "productId": "mother-tropical-blast-500ml",
            "productShopPage": "https://westport.store.freshchoice.co.nz/lines/mother-tropical-blast-500ml",
            "productImageURL": "https://dtgxwmigmg3gc.cloudfront.net/imagery/assets/derivations/icon/512/512/true/eyJpZCI6ImEyZmM1OTUwNDhlODM5YTRhMjQ2MTI1OGEyYzNlZWZhIiwic3RvcmFnZSI6InB1YmxpY19zdG9yZSJ9?signature=6c9470ee4067e8ec32b58eeac9d628404d3986058a9b1cdef46014d1bee50944",
            "productDescription": ""
        },
        "priceData": {
            "bestPrice": "2.00",
            "price": "2.00",
            "pricePerLitre": 4.0,
            "bestPricePerLitre": 4.0
        },
        "store": {
            "id": "58f6f38252ba0b28db0135b2",
            "name": "Westport"
        }
    },
    {
        "productData": {
            "name": "Mother Epic Swell Energy Drink Twisted Apple 500ml",
            "productId": "mother-epic-swell-energy-drink-twisted-apple-500ml",
            "productShopPage": "https://westport.store.freshchoice.co.nz/lines/mother-epic-swell-energy-drink-twisted-apple-500ml",
            "productImageURL": "https://dtgxwmigmg3gc.cloudfront.net/imagery/assets/derivations/icon/512/512/true/eyJpZCI6ImE2ZjYxOGNhNjUyYzMxNzRhNjg2MDBhMGVjZmQ3MmJkIiwic3RvcmFnZSI6InB1YmxpY19zdG9yZSJ9?signature=954f74f8aba0fb24cb2a5248b1e93fe8a62fb8c7f902abbb08b7aed24bc44c80",
            "productDescription": ""
        },
        "priceData": {
            "bestPrice": "2.00",
            "price": "2.00",
            "pricePerLitre": 4.0,
            "bestPricePerLitre": 4.0
        },
        "store": {
            "id": "58f6f38252ba0b28db0135b2",
            "name": "Westport"
        }
    },
    {
        "productData": {
            "name": "Monster Energy Juice Mango Loco 500ml",
            "productId": "monster-energy-juice-mango-loco-500ml-can",
            "productShopPage": "https://westport.store.freshchoice.co.nz/lines/monster-energy-juice-mango-loco-500ml-can",
            "productImageURL": "https://dtgxwmigmg3gc.cloudfront.net/imagery/assets/derivations/icon/512/512/true/eyJpZCI6ImUyNmIyNzdlMzJkOTg5NjI4YWYxYzg2MTU2MjI0ZjgzIiwic3RvcmFnZSI6InB1YmxpY19zdG9yZSJ9?signature=db65ff44183396e60e8f4c13003417fb1277f7685b136cf223d7701f7e945faf",
            "productDescription": ""
        },
        "priceData": {
            "bestPrice": "3.00",
            "price": "3.00",
            "pricePerLitre": 6.0,
            "bestPricePerLitre": 6.0
        },
        "store": {
            "id": "58f6f38252ba0b28db0135b2",
            "name": "Westport"
        }
    },
    {
        "productData": {
            "name": "V Energy Drink Guarana 500ml",
            "productId": "v-energy-drink-guarana-500ml",
            "productShopPage": "https://westport.store.freshchoice.co.nz/lines/v-energy-drink-guarana-500ml",
            "productImageURL": "https://dtgxwmigmg3gc.cloudfront.net/imagery/assets/derivations/icon/512/512/true/eyJpZCI6IjgzZDAxMjhiMzg4NmEwZmE4YTE2ZjY2NWIzNmM2NzI2Iiwic3RvcmFnZSI6InB1YmxpY19zdG9yZSJ9?signature=f55ecc561066291a4e74a967db35ea2355f881bd1708bf400fd790032384ae4f",
            "productDescription": ""
        },
        "priceData": {
            "bestPrice": "3.80",
            "price": "3.80",
            "pricePerLitre": 7.6,
            "bestPricePerLitre": 7.6
        },
        "store": {
            "id": "58f6f38252ba0b28db0135b2",
            "name": "Westport"
        }
    },
    {
        "productData": {
            "name": "V Energy Drink Sugarfree 500ml",
            "productId": "v-energy-drink-sugarfree-500ml",
            "productShopPage": "https://westport.store.freshchoice.co.nz/lines/v-energy-drink-sugarfree-500ml",
            "productImageURL": "https://dtgxwmigmg3gc.cloudfront.net/imagery/assets/derivations/icon/512/512/true/eyJpZCI6ImVkZTAxNTNmMDI1NmU1NDZjNWQ5MTc3MjE3ZTQ3YTQ0Iiwic3RvcmFnZSI6InB1YmxpY19zdG9yZSJ9?signature=abcf72d9faa9ee3044eaa3b7ee0bf9b4fd8f582379018d8727f2234b7d3f3c85",
            "productDescription": ""
        },
        "priceData": {
            "bestPrice": "3.80",
            "price": "3.80",
            "pricePerLitre": 7.6,
            "bestPricePerLitre": 7.6
        },
        "store": {
            "id": "58f6f38252ba0b28db0135b2",
            "name": "Westport"
        }
    },
    {
        "productData": {
            "name": "V Energy Drink Sugar Free Guarana 250ml",
            "productId": "v-energy-drink-sugar-free-guarana-250ml",
            "productShopPage": "https://westport.store.freshchoice.co.nz/lines/v-energy-drink-sugar-free-guarana-250ml",
            "productImageURL": "https://dtgxwmigmg3gc.cloudfront.net/imagery/assets/derivations/icon/512/512/true/eyJpZCI6ImZiNzM1NmU4NTMyZDllODlkZTljZmNlOGY2MzQ5NGQwIiwic3RvcmFnZSI6InB1YmxpY19zdG9yZSJ9?signature=72b0ce0a48ca796717c115fe5e8b4564501470f63bf80ae865d26e9d131a2b8c",
            "productDescription": ""
        },
        "priceData": {
            "bestPrice": "2.20",
            "price": "2.20",
            "pricePerLitre": 8.8,
            "bestPricePerLitre": 8.8
        },
        "store": {
            "id": "58f6f38252ba0b28db0135b2",
            "name": "Westport"
        }
    },
    {
        "productData": {
            "name": "V Energy Drink Blue Guarana Spritzed 350ml",
            "productId": "v-blue-energy-drink-blue-guarana-spritzed-350ml",
            "productShopPage": "https://westport.store.freshchoice.co.nz/lines/v-blue-energy-drink-blue-guarana-spritzed-350ml",
            "productImageURL": "https://dtgxwmigmg3gc.cloudfront.net/imagery/assets/derivations/icon/512/512/true/eyJpZCI6ImY2OTRlZGI4NjdlNWMzZDM5NzgzMDQ0ODFkMzUxZGZiIiwic3RvcmFnZSI6InB1YmxpY19zdG9yZSJ9?signature=591b3079cb9c2407a29b3bc348eaf42dc1d34daba5c9d7aba65be654725b6719",
            "productDescription": ""
        },
        "priceData": {
            "bestPrice": "2.30",
            "price": "2.30",
            "pricePerLitre": 6.6000000000000005,
            "bestPricePerLitre": 6.6000000000000005
        },
        "store": {
            "id": "58f6f38252ba0b28db0135b2",
            "name": "Westport"
        }
    },
    {
        "productData": {
            "name": "V Energy Drink Green Guarana 350ml",
            "productId": "v-energy-drink-green-guarana-350ml",
            "productShopPage": "https://westport.store.freshchoice.co.nz/lines/v-energy-drink-green-guarana-350ml",
            "productImageURL": "https://dtgxwmigmg3gc.cloudfront.net/imagery/assets/derivations/icon/512/512/true/eyJpZCI6IjRiNjY4ZjYxOTQ2ODYyN2MzM2NiZWMyNGUyNmIyODk4Iiwic3RvcmFnZSI6InB1YmxpY19zdG9yZSJ9?signature=4cded9cb42349eef45a593461f311b1bb7fa881295733879671ad9fe9887d30c",
            "productDescription": ""
        },
        "priceData": {
            "bestPrice": "2.30",
            "price": "2.30",
            "pricePerLitre": 6.6000000000000005,
            "bestPricePerLitre": 6.6000000000000005
        },
        "store": {
            "id": "58f6f38252ba0b28db0135b2",
            "name": "Westport"
        }
    },
    {
        "productData": {
            "name": "V Energy Drink Guarana Can 250ml",
            "productId": "v-energy-drink-guarana-can-250ml",
            "productShopPage": "https://westport.store.freshchoice.co.nz/lines/v-energy-drink-guarana-can-250ml",
            "productImageURL": "https://dtgxwmigmg3gc.cloudfront.net/imagery/assets/derivations/icon/512/512/true/eyJpZCI6Ijc3Nzk1NjE2ZDhhNmFiMThhYzEzODYzOTg2ZmNkNzgwIiwic3RvcmFnZSI6InB1YmxpY19zdG9yZSJ9?signature=f5de1854d43e19cc62bff86893d4a55615cd916f8425a4dccd170b52eba81255",
            "productDescription": ""
        },
        "priceData": {
            "bestPrice": "2.20",
            "price": "2.20",
            "pricePerLitre": 8.8,
            "bestPricePerLitre": 8.8
        },
        "store": {
            "id": "58f6f38252ba0b28db0135b2",
            "name": "Westport"
        }
    },
    {
        "productData": {
            "name": "V Energy Drink Guarana Can 500ml",
            "productId": "v-energy-drink-guarana-can-500ml",
            "productShopPage": "https://westport.store.freshchoice.co.nz/lines/v-energy-drink-guarana-can-500ml",
            "productImageURL": "https://dtgxwmigmg3gc.cloudfront.net/imagery/assets/derivations/icon/512/512/true/eyJpZCI6ImI0NjgzNGZjNDRkMjU0MjgzYzJjZGNhMzA2NWIxYjA5Iiwic3RvcmFnZSI6InB1YmxpY19zdG9yZSJ9?signature=265e8273409849423466e7623cbbdf8352940707b8830803eec391e8f32c9c5f",
            "productDescription": ""
        },
        "priceData": {
            "bestPrice": "3.50",
            "price": "3.50",
            "pricePerLitre": 7.0,
            "bestPricePerLitre": 7.0
        },
        "store": {
            "id": "58f6f38252ba0b28db0135b2",
            "name": "Westport"
        }
    },
    {
        "productData": {
            "name": "V Energy Drink Raspberry Lemonade 350ml",
            "productId": "v-energy-drink-raspberry-lemonade-350ml",
            "productShopPage": "https://westport.store.freshchoice.co.nz/lines/v-energy-drink-raspberry-lemonade-350ml",
            "productImageURL": "https://dtgxwmigmg3gc.cloudfront.net/imagery/assets/derivations/icon/512/512/true/eyJpZCI6IjliNWMwMGJkN2IxYWRhY2UxNzU5NzY1ZTI4MjUzZDgyIiwic3RvcmFnZSI6InB1YmxpY19zdG9yZSJ9?signature=1813e587f3636e394a15aa9e19234f9343024a6880220b0dda0a5d69b1f1c010",
            "productDescription": ""
        },
        "priceData": {
            "bestPrice": "2.30",
            "price": "2.30",
            "pricePerLitre": 6.6000000000000005,
            "bestPricePerLitre": 6.6000000000000005
        },
        "store": {
            "id": "58f6f38252ba0b28db0135b2",
            "name": "Westport"
        }
    },
    {
        "productData": {
            "name": "V Energy Drink Sugar Free Guarana 500ml",
            "productId": "v-energy-drink-sugar-free-guarana-500ml",
            "productShopPage": "https://westport.store.freshchoice.co.nz/lines/v-energy-drink-sugar-free-guarana-500ml",
            "productImageURL": "https://dtgxwmigmg3gc.cloudfront.net/imagery/assets/derivations/icon/512/512/true/eyJpZCI6Ijg4MGExMDYxOTY4NTJiYzM1ZTExMmU2MGE2OWYxNDE3Iiwic3RvcmFnZSI6InB1YmxpY19zdG9yZSJ9?signature=b0536d25b9da8158705e24c88e21fabbf85c1dabc19f18108c386e956ffd7045",
            "productDescription": ""
        },
        "priceData": {
            "bestPrice": "3.50",
            "price": "3.50",
            "pricePerLitre": 7.0,
            "bestPricePerLitre": 7.0
        },
        "store": {
            "id": "58f6f38252ba0b28db0135b2",
            "name": "Westport"
        }
    },
    {
        "productData": {
            "name": "V Blue Energy Drink Bottle 500ml",
            "productId": "v-blue-energy-drink-bottle-500ml",
            "productShopPage": "https://westport.store.freshchoice.co.nz/lines/v-blue-energy-drink-bottle-500ml",
            "productImageURL": "https://dtgxwmigmg3gc.cloudfront.net/imagery/assets/derivations/icon/512/512/true/eyJpZCI6IjgyYWYxYWY4MGI4MzUxODhiYmVhZGVhM2U2NzY0MzI5Iiwic3RvcmFnZSI6InB1YmxpY19zdG9yZSJ9?signature=7e70fc576864a528a1431734d680cbf177a11b419a692dbfd34800c31b8944ec",
            "productDescription": ""
        },
        "priceData": {
            "bestPrice": "3.80",
            "price": "3.80",
            "pricePerLitre": 7.6,
            "bestPricePerLitre": 7.6
        },
        "store": {
            "id": "58f6f38252ba0b28db0135b2",
            "name": "Westport"
        }
    },
    {
        "productData": {
            "name": "V Raspberry Lemonade Energy Drink 500ml",
            "productId": "v-energy-drink-raspberry-lemonade-500ml-can",
            "productShopPage": "https://westport.store.freshchoice.co.nz/lines/v-energy-drink-raspberry-lemonade-500ml-can",
            "productImageURL": "https://dtgxwmigmg3gc.cloudfront.net/imagery/assets/derivations/icon/512/512/true/eyJpZCI6ImE3N2Y5NzBmY2FhOWZhYmZiOTc3MmYyMzE4MGRiOTcxIiwic3RvcmFnZSI6InB1YmxpY19zdG9yZSJ9?signature=2bb7890fe6d7b0c0c6a522be31c78077be0aa570ca4c8aa5549ccf80761262dc",
            "productDescription": ""
        },
        "priceData": {
            "bestPrice": "3.50",
            "price": "3.50",
            "pricePerLitre": 7.0,
            "bestPricePerLitre": 7.0
        },
        "store": {
            "id": "58f6f38252ba0b28db0135b2",
            "name": "Westport"
        }
    },
    {
        "productData": {
            "name": "V Sugarfree Energy Drink Berry Twist 350ml",
            "productId": "v-sugarfree-energy-drink-berry-twist-350ml",
            "productShopPage": "https://westport.store.freshchoice.co.nz/lines/v-sugarfree-energy-drink-berry-twist-350ml",
            "productImageURL": "https://dtgxwmigmg3gc.cloudfront.net/imagery/assets/derivations/icon/512/512/true/eyJpZCI6IjMxY2RlOWU3MTE1YTA4ZGRhYzFiODM0NjQ4NDFmOTM5Iiwic3RvcmFnZSI6InB1YmxpY19zdG9yZSJ9?signature=055982afa93dd6614e2f3de353af4c76a52ab79cac4e2b4660a75933fb1bc9a4",
            "productDescription": ""
        },
        "priceData": {
            "bestPrice": "2.30",
            "price": "2.30",
            "pricePerLitre": 6.6000000000000005,
            "bestPricePerLitre": 6.6000000000000005
        },
        "store": {
            "id": "58f6f38252ba0b28db0135b2",
            "name": "Westport"
        }
    },
    {
        "productData": {
            "name": "V Blue Energy Drink Blue Guarana Can 250ml",
            "productId": "v-blue-energy-drink-blue-guarana-can-250ml",
            "productShopPage": "https://westport.store.freshchoice.co.nz/lines/v-blue-energy-drink-blue-guarana-can-250ml",
            "productImageURL": "https://dtgxwmigmg3gc.cloudfront.net/imagery/assets/derivations/icon/512/512/true/eyJpZCI6IjBmZjQwNDEyZWQ2ZDk4YTg3YWQ2ZDUyMWZlNjM1YzJkIiwic3RvcmFnZSI6InB1YmxpY19zdG9yZSJ9?signature=8f745abe5614ec47b3d7a07f1a34ba529184a87b2a696211ba5a0f9f29c86bf0",
            "productDescription": ""
        },
        "priceData": {
            "bestPrice": "2.20",
            "price": "2.20",
            "pricePerLitre": 8.8,
            "bestPricePerLitre": 8.8
        },
        "store": {
            "id": "58f6f38252ba0b28db0135b2",
            "name": "Westport"
        }
    },
    {
        "productData": {
            "name": "V Blue Energy Drink Blue Guarana Can 500ml",
            "productId": "v-blue-energy-drink-blue-guarana-can-500ml",
            "productShopPage": "https://westport.store.freshchoice.co.nz/lines/v-blue-energy-drink-blue-guarana-can-500ml",
            "productImageURL": "https://dtgxwmigmg3gc.cloudfront.net/imagery/assets/derivations/icon/512/512/true/eyJpZCI6ImFmYjEyYjVjYTU2YWI5ZDJhMTVmNGY2MDg2NWFlNzgxIiwic3RvcmFnZSI6InB1YmxpY19zdG9yZSJ9?signature=b537a8cc5a2c0f90f1702b2c541db44c3a740a0ec4a96e92ab2d6537f9320e8d",
            "productDescription": ""
        },
        "priceData": {
            "bestPrice": "3.50",
            "price": "3.50",
            "pricePerLitre": 7.0,
            "bestPricePerLitre": 7.0
        },
        "store": {
            "id": "58f6f38252ba0b28db0135b2",
            "name": "Westport"
        }
    },
    {
        "productData": {
            "name": "V Iced Coffee Guarana Energy 500ml",
            "productId": "v-iced-coffee-guarana-energy-500ml",
            "productShopPage": "https://westport.store.freshchoice.co.nz/lines/v-iced-coffee-guarana-energy-500ml",
            "productImageURL": "https://dtgxwmigmg3gc.cloudfront.net/imagery/assets/derivations/icon/512/512/true/eyJpZCI6ImM0Zjc4YjRmYWVjMjk0NTJkZTNkYzZjNmY5MzBlMjU2Iiwic3RvcmFnZSI6InB1YmxpY19zdG9yZSJ9?signature=14312b2813aab9c1ad551700ec97cd58a3a7f95bef4d0bd7ae7aa2dcf8fcdc9d",
            "productDescription": ""
        },
        "priceData": {
            "bestPrice": "4.00",
            "price": "4.00"
        },
        "store": {
            "id": "58f6f38252ba0b28db0135b2",
            "name": "Westport"
        }
    },
    {
        "productData": {
            "name": "V Iced Mocha Guarana Energy 500ml",
            "productId": "v-iced-mocha-guarana-energy-500ml",
            "productShopPage": "https://westport.store.freshchoice.co.nz/lines/v-iced-mocha-guarana-energy-500ml",
            "productImageURL": "https://dtgxwmigmg3gc.cloudfront.net/imagery/assets/derivations/icon/512/512/true/eyJpZCI6ImNiMDRkODVlZmQ2YjhiZGMxMWU4Zjk5OGEwOTczODg1Iiwic3RvcmFnZSI6InB1YmxpY19zdG9yZSJ9?signature=3e63d4ec34ef65794a07ea00749a785cb88ce90997e6e7d12629c3c0f205de6d",
            "productDescription": ""
        },
        "priceData": {
            "bestPrice": "4.00",
            "price": "4.00"
        },
        "store": {
            "id": "58f6f38252ba0b28db0135b2",
            "name": "Westport"
        }
    },
    {
        "productData": {
            "name": "V Energy Drink Sugar Free Guarana Bottle 350ml",
            "productId": "v-energy-drink-sugar-free-guarana-bottle-350ml",
            "productShopPage": "https://westport.store.freshchoice.co.nz/lines/v-energy-drink-sugar-free-guarana-bottle-350ml",
            "productImageURL": "https://dtgxwmigmg3gc.cloudfront.net/imagery/assets/derivations/icon/512/512/true/eyJpZCI6IjQzYmZlOTg1YzY2ZGQ0ZDI1YzUyZDk3MGJhMmJhMGM3Iiwic3RvcmFnZSI6InB1YmxpY19zdG9yZSJ9?signature=7a4bb3eb2264f52495ae9ba8fbf21b5a3e59e12c0d6208cfa1591261da333f55",
            "productDescription": ""
        },
        "priceData": {
            "bestPrice": "2.30",
            "price": "2.30",
            "pricePerLitre": 6.6000000000000005,
            "bestPricePerLitre": 6.6000000000000005
        },
        "store": {
            "id": "58f6f38252ba0b28db0135b2",
            "name": "Westport"
        }
    },
    {
        "productData": {
            "name": "V Pure Energy Drink 250ml",
            "productId": "v-pure-energy-drink-250ml",
            "productShopPage": "https://westport.store.freshchoice.co.nz/lines/v-pure-energy-drink-250ml",
            "productImageURL": "https://dtgxwmigmg3gc.cloudfront.net/imagery/assets/derivations/icon/512/512/true/eyJpZCI6Ijk3N2I4MDM5OTQxMjFjYjI5MjRmODdmOTJkM2Q2OWIxIiwic3RvcmFnZSI6InB1YmxpY19zdG9yZSJ9?signature=b74ae9543645865e1c2414381c96a37f8a53629edb30e9b6a59f54f59ba09cfb",
            "productDescription": ""
        },
        "priceData": {
            "bestPrice": "2.20",
            "price": "2.20",
            "pricePerLitre": 8.8,
            "bestPricePerLitre": 8.8
        },
        "store": {
            "id": "58f6f38252ba0b28db0135b2",
            "name": "Westport"
        }
    },
    {
        "productData": {
            "name": "Monster Energy Zero Ultra 4x500ml",
            "productId": "monster-energy-zero-ultra-4x500ml",
            "productShopPage": "https://westport.store.freshchoice.co.nz/lines/monster-energy-zero-ultra-4x500ml",
            "productImageURL": "https://dtgxwmigmg3gc.cloudfront.net/imagery/assets/derivations/icon/512/512/true/eyJpZCI6ImRiZGZlNzM5NjAyNjUwNWQxYWMzZWYxY2E3YzQzOTc2Iiwic3RvcmFnZSI6InB1YmxpY19zdG9yZSJ9?signature=b4c746d50784f81c260ccd7ebe8975ffb5e2b00c357b2f2748e310c3c70c4089",
            "productDescription": ""
        },
        "priceData": {
            "bestPrice": "11.99",
            "price": "11.99",
            "pricePerLitre": 6.0,
            "bestPricePerLitre": 6.0
        },
        "store": {
            "id": "58f6f38252ba0b28db0135b2",
            "name": "Westport"
        }
    },
    {
        "productData": {
            "name": "Monster Energy 4x500ml Cans",
            "productId": "monster-energy-4x500ml-cans",
            "productShopPage": "https://westport.store.freshchoice.co.nz/lines/monster-energy-4x500ml-cans",
            "productImageURL": "https://dtgxwmigmg3gc.cloudfront.net/imagery/assets/derivations/icon/512/512/true/eyJpZCI6ImQyNWU2MTgwNzVhMmI4MmZmMGU2YmY0OGRlYmRmNTM4Iiwic3RvcmFnZSI6InB1YmxpY19zdG9yZSJ9?signature=afd9c2e0498b55fa2db714a09690152069344eca7b7dddeeb315405178827c0a",
            "productDescription": ""
        },
        "priceData": {
            "bestPrice": "11.99",
            "price": "11.99",
            "pricePerLitre": 6.0,
            "bestPricePerLitre": 6.0
        },
        "store": {
            "id": "58f6f38252ba0b28db0135b2",
            "name": "Westport"
        }
    },
    {
        "productData": {
            "name": "Live Plus Energy Drink Citrus Flavour 500ml",
            "productId": "live-plus-persist-500ml",
            "productShopPage": "https://westport.store.freshchoice.co.nz/lines/live-plus-persist-500ml",
            "productImageURL": "https://dtgxwmigmg3gc.cloudfront.net/imagery/assets/derivations/icon/512/512/true/eyJpZCI6IjFlNWQ5YzI4OWM1N2UzNmYzZmI2NThlMDQzZTI3ZjE4Iiwic3RvcmFnZSI6InB1YmxpY19zdG9yZSJ9?signature=756b17fefe47174b90e7dbec8cd09db27f9f59f4994bc750b71256ae93ba9fa8",
            "productDescription": ""
        },
        "priceData": {
            "bestPrice": "2.00",
            "price": "2.00",
            "pricePerLitre": 4.0,
            "bestPricePerLitre": 4.0
        },
        "store": {
            "id": "58f6f38252ba0b28db0135b2",
            "name": "Westport"
        }
    },
    {
        "productData": {
            "name": "Live Plus Energy Drink Tart Apple Apple Flavour 500ml",
            "productId": "live-plus-ignite-500ml",
            "productShopPage": "https://westport.store.freshchoice.co.nz/lines/live-plus-ignite-500ml",
            "productImageURL": "https://dtgxwmigmg3gc.cloudfront.net/imagery/assets/derivations/icon/512/512/true/eyJpZCI6IjViOGViZjhmZTQzYjFlYTMzNDM5YjJjMjg3ZDRmY2YyIiwic3RvcmFnZSI6InB1YmxpY19zdG9yZSJ9?signature=140ae19352cd0dcec7e77f90fa4dfaa9fa17086439f730510afc5d906e1415bf",
            "productDescription": ""
        },
        "priceData": {
            "bestPrice": "2.00",
            "price": "2.00",
            "pricePerLitre": 4.0,
            "bestPricePerLitre": 4.0
        },
        "store": {
            "id": "58f6f38252ba0b28db0135b2",
            "name": "Westport"
        }
    },
    {
        "productData": {
            "name": "V Guarana Energy Drink Blue Sugarfree 250ml",
            "productId": "v-blue-sugarfree-energy-drink-250ml",
            "productShopPage": "https://westport.store.freshchoice.co.nz/lines/v-blue-sugarfree-energy-drink-250ml",
            "productImageURL": "https://dtgxwmigmg3gc.cloudfront.net/imagery/assets/derivations/icon/512/512/true/eyJpZCI6IjI3YWJiOTVhYjNhMjEwMDU2MWJhMmRhNTM3YjRhZjVmIiwic3RvcmFnZSI6InB1YmxpY19zdG9yZSJ9?signature=66769306ca1d0ba674603954d338186dc999f6d1839090d49fde9416b3252365",
            "productDescription": ""
        },
        "priceData": {
            "bestPrice": "2.20",
            "price": "2.20",
            "pricePerLitre": 8.8,
            "bestPricePerLitre": 8.8
        },
        "store": {
            "id": "58f6f38252ba0b28db0135b2",
            "name": "Westport"
        }
    },
    {
        "productData": {
            "name": "Live Plus Energy Drink Original Citrus Flavour 355ml",
            "productId": "live-plus-persist-glass-355ml",
            "productShopPage": "https://westport.store.freshchoice.co.nz/lines/live-plus-persist-glass-355ml",
            "productImageURL": "https://dtgxwmigmg3gc.cloudfront.net/imagery/assets/derivations/icon/512/512/true/eyJpZCI6ImYzMjZlMTdmMmI5ZGRjZGYzYmFmNzNiMWQzN2Y5NDI4Iiwic3RvcmFnZSI6InB1YmxpY19zdG9yZSJ9?signature=8fa31eb2b309e9c7a293ba2e7a7541e3cdc686b1d3f519044aa97c666ae5f630",
            "productDescription": ""
        },
        "priceData": {
            "bestPrice": "2.80",
            "price": "2.80",
            "pricePerLitre": 7.9,
            "bestPricePerLitre": 7.9
        },
        "store": {
            "id": "58f6f38252ba0b28db0135b2",
            "name": "Westport"
        }
    },
    {
        "productData": {
            "name": "Mother Kicked Apple 500ml",
            "productId": "mother-kicked-apple-500ml",
            "productShopPage": "https://ruakaka.store.freshchoice.co.nz/lines/mother-kicked-apple-500ml",
            "productImageURL": "https://dtgxwmigmg3gc.cloudfront.net/imagery/assets/derivations/icon/512/512/true/eyJpZCI6IjNhZTlkYjkwYTM4MDFjMGEwYjUwYThhMDAwYjkyZjM0Iiwic3RvcmFnZSI6InB1YmxpY19zdG9yZSJ9?signature=c1a1db0a5d7b074c388cf08560fd44a4a2b6127821554198e54eeea8474325f6",
            "productDescription": ""
        },
        "priceData": {
            "bestPrice": "2.00",
            "price": "2.00",
            "pricePerLitre": 6.0,
            "bestPricePerLitre": 6.0
        },
        "store": {
            "id": "5e7559b004015f158b09ae95",
            "name": "Ruakaka"
        }
    },
    {
        "productData": {
            "name": "Monster Energy Green 500ml",
            "productId": "monster-energy-green-500ml",
            "productShopPage": "https://ruakaka.store.freshchoice.co.nz/lines/monster-energy-green-500ml",
            "productImageURL": "https://dtgxwmigmg3gc.cloudfront.net/imagery/assets/derivations/icon/512/512/true/eyJpZCI6ImU3ZjNiNjJiNzI4Y2M0MTIxMjhiNjQ2ZmQ2OTQzMGEzIiwic3RvcmFnZSI6InB1YmxpY19zdG9yZSJ9?signature=637eac56411f57a79f345ea693f1418330d5742c3a04caddb460696dba06da06",
            "productDescription": ""
        },
        "priceData": {
            "bestPrice": "3.00",
            "price": "3.00",
            "pricePerLitre": 6.0,
            "bestPricePerLitre": 6.0
        },
        "store": {
            "id": "5e7559b004015f158b09ae95",
            "name": "Ruakaka"
        }
    },
    {
        "productData": {
            "name": "Mother Energy Drink Black 500ml",
            "productId": "mother-energy-drink-black-500ml",
            "productShopPage": "https://ruakaka.store.freshchoice.co.nz/lines/mother-energy-drink-black-500ml",
            "productImageURL": "https://dtgxwmigmg3gc.cloudfront.net/imagery/assets/derivations/icon/512/512/true/eyJpZCI6ImYyMzA5MjhkYjg3ODFhYmYzZDU3ZjE1YjNmYzU2MWFjIiwic3RvcmFnZSI6InB1YmxpY19zdG9yZSJ9?signature=d3dbddb83d3d457075cd5d8936bef0c5b48fce4fa3fe725995d8b6d57219ceb5",
            "productDescription": ""
        },
        "priceData": {
            "bestPrice": "2.00",
            "price": "2.00",
            "pricePerLitre": 4.0,
            "bestPricePerLitre": 4.0
        },
        "store": {
            "id": "5e7559b004015f158b09ae95",
            "name": "Ruakaka"
        }
    },
    {
        "productData": {
            "name": "Mother Energy Drink Passion 500ml",
            "productId": "mother-energy-drink-passion-500ml",
            "productShopPage": "https://ruakaka.store.freshchoice.co.nz/lines/mother-energy-drink-passion-500ml",
            "productImageURL": "https://dtgxwmigmg3gc.cloudfront.net/imagery/assets/derivations/icon/512/512/true/eyJpZCI6ImQwODE2YTc4ZjBmNGU4NTU5Mzg1YjkxZmI5YjIzZjM0Iiwic3RvcmFnZSI6InB1YmxpY19zdG9yZSJ9?signature=713c495fef96a6427b917f0c7c7e855a963749ac5c1bf7dfd71e24ae08ea3123",
            "productDescription": ""
        },
        "priceData": {
            "bestPrice": "2.00",
            "price": "2.00",
            "pricePerLitre": 6.0,
            "bestPricePerLitre": 6.0
        },
        "store": {
            "id": "5e7559b004015f158b09ae95",
            "name": "Ruakaka"
        }
    },
    {
        "productData": {
            "name": "Mother Epic Swell Energy Drink Twisted Apple 500ml",
            "productId": "mother-epic-swell-energy-drink-twisted-apple-500ml",
            "productShopPage": "https://ruakaka.store.freshchoice.co.nz/lines/mother-epic-swell-energy-drink-twisted-apple-500ml",
            "productImageURL": "https://dtgxwmigmg3gc.cloudfront.net/imagery/assets/derivations/icon/512/512/true/eyJpZCI6ImE2ZjYxOGNhNjUyYzMxNzRhNjg2MDBhMGVjZmQ3MmJkIiwic3RvcmFnZSI6InB1YmxpY19zdG9yZSJ9?signature=954f74f8aba0fb24cb2a5248b1e93fe8a62fb8c7f902abbb08b7aed24bc44c80",
            "productDescription": ""
        },
        "priceData": {
            "bestPrice": "2.00",
            "price": "2.00",
            "pricePerLitre": 4.0,
            "bestPricePerLitre": 4.0
        },
        "store": {
            "id": "5e7559b004015f158b09ae95",
            "name": "Ruakaka"
        }
    },
    {
        "productData": {
            "name": "V Energy Drink 710ml Can",
            "productId": "v-energy-drink-710ml-can",
            "productShopPage": "https://ruakaka.store.freshchoice.co.nz/lines/v-energy-drink-710ml-can",
            "productImageURL": "https://dtgxwmigmg3gc.cloudfront.net/imagery/assets/derivations/icon/512/512/true/eyJpZCI6ImU1Mjg5NDIyNDI0MzhlNGM0N2IxY2FmMmExOWQ0OGI0Iiwic3RvcmFnZSI6InB1YmxpY19zdG9yZSJ9?signature=875386458f8ad66eb59967a1ca6ad24a19d1592f97a894e439af7d9be1852340",
            "productDescription": ""
        },
        "priceData": {
            "bestPrice": "3.99",
            "price": "3.99",
            "pricePerLitre": 5.6000000000000005,
            "bestPricePerLitre": 5.6000000000000005
        },
        "store": {
            "id": "5e7559b004015f158b09ae95",
            "name": "Ruakaka"
        }
    },
    {
        "productData": {
            "name": "V Energy Drink Guarana 500ml",
            "productId": "v-energy-drink-guarana-500ml",
            "productShopPage": "https://ruakaka.store.freshchoice.co.nz/lines/v-energy-drink-guarana-500ml",
            "productImageURL": "https://dtgxwmigmg3gc.cloudfront.net/imagery/assets/derivations/icon/512/512/true/eyJpZCI6IjgzZDAxMjhiMzg4NmEwZmE4YTE2ZjY2NWIzNmM2NzI2Iiwic3RvcmFnZSI6InB1YmxpY19zdG9yZSJ9?signature=f55ecc561066291a4e74a967db35ea2355f881bd1708bf400fd790032384ae4f",
            "productDescription": ""
        },
        "priceData": {
            "bestPrice": "3.80",
            "price": "3.80",
            "pricePerLitre": 7.6,
            "bestPricePerLitre": 7.6
        },
        "store": {
            "id": "5e7559b004015f158b09ae95",
            "name": "Ruakaka"
        }
    },
    {
        "productData": {
            "name": "V Energy Drink Blue Guarana Spritzed 350ml",
            "productId": "v-blue-energy-drink-blue-guarana-spritzed-350ml",
            "productShopPage": "https://ruakaka.store.freshchoice.co.nz/lines/v-blue-energy-drink-blue-guarana-spritzed-350ml",
            "productImageURL": "https://dtgxwmigmg3gc.cloudfront.net/imagery/assets/derivations/icon/512/512/true/eyJpZCI6ImY2OTRlZGI4NjdlNWMzZDM5NzgzMDQ0ODFkMzUxZGZiIiwic3RvcmFnZSI6InB1YmxpY19zdG9yZSJ9?signature=591b3079cb9c2407a29b3bc348eaf42dc1d34daba5c9d7aba65be654725b6719",
            "productDescription": ""
        },
        "priceData": {
            "bestPrice": "2.30",
            "price": "2.30",
            "pricePerLitre": 10.0,
            "bestPricePerLitre": 10.0
        },
        "store": {
            "id": "5e7559b004015f158b09ae95",
            "name": "Ruakaka"
        }
    },
    {
        "productData": {
            "name": "V Energy Drink Green Guarana 350ml",
            "productId": "v-energy-drink-green-guarana-350ml",
            "productShopPage": "https://ruakaka.store.freshchoice.co.nz/lines/v-energy-drink-green-guarana-350ml",
            "productImageURL": "https://dtgxwmigmg3gc.cloudfront.net/imagery/assets/derivations/icon/512/512/true/eyJpZCI6IjRiNjY4ZjYxOTQ2ODYyN2MzM2NiZWMyNGUyNmIyODk4Iiwic3RvcmFnZSI6InB1YmxpY19zdG9yZSJ9?signature=4cded9cb42349eef45a593461f311b1bb7fa881295733879671ad9fe9887d30c",
            "productDescription": ""
        },
        "priceData": {
            "bestPrice": "2.30",
            "price": "2.30",
            "pricePerLitre": 10.0,
            "bestPricePerLitre": 10.0
        },
        "store": {
            "id": "5e7559b004015f158b09ae95",
            "name": "Ruakaka"
        }
    },
    {
        "productData": {
            "name": "V Energy Drink Guarana Can 500ml",
            "productId": "v-energy-drink-guarana-can-500ml",
            "productShopPage": "https://ruakaka.store.freshchoice.co.nz/lines/v-energy-drink-guarana-can-500ml",
            "productImageURL": "https://dtgxwmigmg3gc.cloudfront.net/imagery/assets/derivations/icon/512/512/true/eyJpZCI6ImI0NjgzNGZjNDRkMjU0MjgzYzJjZGNhMzA2NWIxYjA5Iiwic3RvcmFnZSI6InB1YmxpY19zdG9yZSJ9?signature=265e8273409849423466e7623cbbdf8352940707b8830803eec391e8f32c9c5f",
            "productDescription": ""
        },
        "priceData": {
            "bestPrice": "3.50",
            "price": "3.50",
            "pricePerLitre": 7.0,
            "bestPricePerLitre": 7.0
        },
        "store": {
            "id": "5e7559b004015f158b09ae95",
            "name": "Ruakaka"
        }
    },
    {
        "productData": {
            "name": "V Energy Drink Sugar Free Guarana 500ml",
            "productId": "v-energy-drink-sugar-free-guarana-500ml",
            "productShopPage": "https://ruakaka.store.freshchoice.co.nz/lines/v-energy-drink-sugar-free-guarana-500ml",
            "productImageURL": "https://dtgxwmigmg3gc.cloudfront.net/imagery/assets/derivations/icon/512/512/true/eyJpZCI6Ijg4MGExMDYxOTY4NTJiYzM1ZTExMmU2MGE2OWYxNDE3Iiwic3RvcmFnZSI6InB1YmxpY19zdG9yZSJ9?signature=b0536d25b9da8158705e24c88e21fabbf85c1dabc19f18108c386e956ffd7045",
            "productDescription": ""
        },
        "priceData": {
            "bestPrice": "3.50",
            "price": "3.50",
            "pricePerLitre": 7.0,
            "bestPricePerLitre": 7.0
        },
        "store": {
            "id": "5e7559b004015f158b09ae95",
            "name": "Ruakaka"
        }
    },
    {
        "productData": {
            "name": "V Blue Sugarfree Energy Drink 500ml",
            "productId": "v-blue-sugarfree-energy-drink-500ml",
            "productShopPage": "https://ruakaka.store.freshchoice.co.nz/lines/v-blue-sugarfree-energy-drink-500ml",
            "productImageURL": "https://dtgxwmigmg3gc.cloudfront.net/imagery/assets/derivations/icon/512/512/true/eyJpZCI6ImVmYjQyOWRmM2JjZjc3NTY1ZDIwMTEyNTY0MDdmZjA1Iiwic3RvcmFnZSI6InB1YmxpY19zdG9yZSJ9?signature=2911d59474d8305039a3be3bef0f887c38d9ab84596314b13cc4b150101175ab",
            "productDescription": ""
        },
        "priceData": {
            "bestPrice": "3.50",
            "price": "3.50",
            "pricePerLitre": 7.0,
            "bestPricePerLitre": 7.0
        },
        "store": {
            "id": "5e7559b004015f158b09ae95",
            "name": "Ruakaka"
        }
    },
    {
        "productData": {
            "name": "V Blue Energy Drink Blue Guarana Can 500ml",
            "productId": "v-blue-energy-drink-blue-guarana-can-500ml",
            "productShopPage": "https://ruakaka.store.freshchoice.co.nz/lines/v-blue-energy-drink-blue-guarana-can-500ml",
            "productImageURL": "https://dtgxwmigmg3gc.cloudfront.net/imagery/assets/derivations/icon/512/512/true/eyJpZCI6ImFmYjEyYjVjYTU2YWI5ZDJhMTVmNGY2MDg2NWFlNzgxIiwic3RvcmFnZSI6InB1YmxpY19zdG9yZSJ9?signature=b537a8cc5a2c0f90f1702b2c541db44c3a740a0ec4a96e92ab2d6537f9320e8d",
            "productDescription": ""
        },
        "priceData": {
            "bestPrice": "3.50",
            "price": "3.50",
            "pricePerLitre": 7.0,
            "bestPricePerLitre": 7.0
        },
        "store": {
            "id": "5e7559b004015f158b09ae95",
            "name": "Ruakaka"
        }
    },
    {
        "productData": {
            "name": "V Energy Drink Sugar Free Guarana Bottle 350ml",
            "productId": "v-energy-drink-sugar-free-guarana-bottle-350ml",
            "productShopPage": "https://ruakaka.store.freshchoice.co.nz/lines/v-energy-drink-sugar-free-guarana-bottle-350ml",
            "productImageURL": "https://dtgxwmigmg3gc.cloudfront.net/imagery/assets/derivations/icon/512/512/true/eyJpZCI6IjQzYmZlOTg1YzY2ZGQ0ZDI1YzUyZDk3MGJhMmJhMGM3Iiwic3RvcmFnZSI6InB1YmxpY19zdG9yZSJ9?signature=7a4bb3eb2264f52495ae9ba8fbf21b5a3e59e12c0d6208cfa1591261da333f55",
            "productDescription": ""
        },
        "priceData": {
            "bestPrice": "2.30",
            "price": "2.30",
            "pricePerLitre": 10.0,
            "bestPricePerLitre": 10.0
        },
        "store": {
            "id": "5e7559b004015f158b09ae95",
            "name": "Ruakaka"
        }
    },
    {
        "productData": {
            "name": "Monster Energy Pipeline Punch 500ml",
            "productId": "monster-energy-pipeline-punch-500ml",
            "productShopPage": "https://ruakaka.store.freshchoice.co.nz/lines/monster-energy-pipeline-punch-500ml",
            "productImageURL": "https://dtgxwmigmg3gc.cloudfront.net/imagery/assets/derivations/icon/512/512/true/eyJpZCI6IjM3ZWY2OTY5OWFlNTJlZTRjNTY1ZmFmYWIwOTIxMjg4Iiwic3RvcmFnZSI6InB1YmxpY19zdG9yZSJ9?signature=79ed6699c35bd716a9d5d9457c39ce62c523edaa4059b6b45d4dcc7caf65cef9",
            "productDescription": ""
        },
        "priceData": {
            "bestPrice": "3.00",
            "price": "3.00",
            "pricePerLitre": 6.0,
            "bestPricePerLitre": 6.0
        },
        "store": {
            "id": "5e7559b004015f158b09ae95",
            "name": "Ruakaka"
        }
    },
    {
        "productData": {
            "name": "Live Plus Energy Drink Citrus Flavour 500ml",
            "productId": "live-plus-persist-500ml",
            "productShopPage": "https://ruakaka.store.freshchoice.co.nz/lines/live-plus-persist-500ml",
            "productImageURL": "https://dtgxwmigmg3gc.cloudfront.net/imagery/assets/derivations/icon/512/512/true/eyJpZCI6IjFlNWQ5YzI4OWM1N2UzNmYzZmI2NThlMDQzZTI3ZjE4Iiwic3RvcmFnZSI6InB1YmxpY19zdG9yZSJ9?signature=756b17fefe47174b90e7dbec8cd09db27f9f59f4994bc750b71256ae93ba9fa8",
            "productDescription": ""
        },
        "priceData": {
            "bestPrice": "2.00",
            "price": "2.00",
            "pricePerLitre": 6.0,
            "bestPricePerLitre": 6.0
        },
        "store": {
            "id": "5e7559b004015f158b09ae95",
            "name": "Ruakaka"
        }
    },
    {
        "productData": {
            "name": "Live Plus Energy Drink Persist Glass 355ml",
            "productId": "live-plus-energy-drink-persist-glass-355ml",
            "productShopPage": "https://ruakaka.store.freshchoice.co.nz/lines/live-plus-energy-drink-persist-glass-355ml",
            "productImageURL": "https://dtgxwmigmg3gc.cloudfront.net/imagery/assets/derivations/icon/512/512/true/eyJpZCI6IjBiMjhiZTQ0NDk1ODBiZWI4NDRkY2JhM2MxZDdhOTMwIiwic3RvcmFnZSI6InB1YmxpY19zdG9yZSJ9?signature=62025738d86469fbbd64cd53b03b4beee6372d1fbd30b8a9c5708ffdafeebf0d",
            "productDescription": ""
        },
        "priceData": {
            "bestPrice": "2.80",
            "price": "2.80",
            "pricePerLitre": 7.9,
            "bestPricePerLitre": 7.9
        },
        "store": {
            "id": "5e7559b004015f158b09ae95",
            "name": "Ruakaka"
        }
    },
    {
        "productData": {
            "name": "Rockstar Punched Energy Guava 500ml",
            "productId": "rockstar-punched-energy-guava-500ml",
            "productShopPage": "https://ruakaka.store.freshchoice.co.nz/lines/rockstar-punched-energy-guava-500ml",
            "productImageURL": "https://dtgxwmigmg3gc.cloudfront.net/imagery/assets/derivations/icon/512/512/true/eyJpZCI6IjBmNGEyNjU2MGQwM2Y4OGI4MWE3ZTMyODUzYTRlN2QyIiwic3RvcmFnZSI6InB1YmxpY19zdG9yZSJ9?signature=fab45ac774e74d87cf7a79de075f47290676fd6d4afcf212198c745670d5ce29",
            "productDescription": ""
        },
        "priceData": {
            "bestPrice": "2.00",
            "price": "2.00",
            "pricePerLitre": 5.2,
            "bestPricePerLitre": 5.2
        },
        "store": {
            "id": "5e7559b004015f158b09ae95",
            "name": "Ruakaka"
        }
    },
    {
        "productData": {
            "name": "Mother Kicked Apple 500ml",
            "productId": "mother-kicked-apple-500ml",
            "productShopPage": "https://oxford.store.freshchoice.co.nz/lines/mother-kicked-apple-500ml",
            "productImageURL": "https://dtgxwmigmg3gc.cloudfront.net/imagery/assets/derivations/icon/512/512/true/eyJpZCI6IjNhZTlkYjkwYTM4MDFjMGEwYjUwYThhMDAwYjkyZjM0Iiwic3RvcmFnZSI6InB1YmxpY19zdG9yZSJ9?signature=c1a1db0a5d7b074c388cf08560fd44a4a2b6127821554198e54eeea8474325f6",
            "productDescription": ""
        },
        "priceData": {
            "bestPrice": "2.00",
            "price": "2.00",
            "pricePerLitre": 6.0,
            "bestPricePerLitre": 6.0
        },
        "store": {
            "id": "5e76bfc21db5f5696b000db2",
            "name": "Oxford"
        }
    },
    {
        "productData": {
            "name": "Monster Energy Import 550ml",
            "productId": "monster-energy-import-550ml",
            "productShopPage": "https://oxford.store.freshchoice.co.nz/lines/monster-energy-import-550ml",
            "productImageURL": "https://dtgxwmigmg3gc.cloudfront.net/imagery/assets/derivations/icon/512/512/true/eyJpZCI6IjExYzliZTgxY2M3MTNjMDQzM2NmZGQ2ZWE1NjI3MTA0Iiwic3RvcmFnZSI6InB1YmxpY19zdG9yZSJ9?signature=e09322a0a00112a858095e689d2e825f79d154fd3e8577005948dde9d51afb47",
            "productDescription": ""
        },
        "priceData": {
            "bestPrice": "3.50",
            "price": "3.50",
            "pricePerLitre": 7.0,
            "bestPricePerLitre": 7.0
        },
        "store": {
            "id": "5e76bfc21db5f5696b000db2",
            "name": "Oxford"
        }
    },
    {
        "productData": {
            "name": "Monster Energy Ultra Paradise 500ml",
            "productId": "monster-energy-drink-ultra-paradise-500ml",
            "productShopPage": "https://oxford.store.freshchoice.co.nz/lines/monster-energy-drink-ultra-paradise-500ml",
            "productImageURL": "https://dtgxwmigmg3gc.cloudfront.net/imagery/assets/derivations/icon/512/512/true/eyJpZCI6ImZiZDRkZTQxNzA0M2FiYTUyMjMwZWI0NTcyZGNmYTE1Iiwic3RvcmFnZSI6InB1YmxpY19zdG9yZSJ9?signature=8a439bf26b71114289dfea1720ed331b1e4784c534deade29db8ac38b1cc7c1a",
            "productDescription": ""
        },
        "priceData": {
            "bestPrice": "3.00",
            "price": "3.00",
            "pricePerLitre": 6.0,
            "bestPricePerLitre": 6.0
        },
        "store": {
            "id": "5e76bfc21db5f5696b000db2",
            "name": "Oxford"
        }
    },
    {
        "productData": {
            "name": "Monster Energy Ultra Sunrise 500ml",
            "productId": "monster-energy-ultra-sunrise-500ml",
            "productShopPage": "https://oxford.store.freshchoice.co.nz/lines/monster-energy-ultra-sunrise-500ml",
            "productImageURL": "https://dtgxwmigmg3gc.cloudfront.net/imagery/assets/derivations/icon/512/512/true/eyJpZCI6ImFlNTVkY2RiZTZiZjg3OGZjZTdlOTU1OTFhMDE4YTdiIiwic3RvcmFnZSI6InB1YmxpY19zdG9yZSJ9?signature=b98350feca08b6ab128cc925fef23a58f65a36f94ede15cb2174f6f88a0f8a0f",
            "productDescription": ""
        },
        "priceData": {
            "bestPrice": "3.00",
            "price": "3.00",
            "pricePerLitre": 6.0,
            "bestPricePerLitre": 6.0
        },
        "store": {
            "id": "5e76bfc21db5f5696b000db2",
            "name": "Oxford"
        }
    },
    {
        "productData": {
            "name": "Monster Energy Ultra Zero 500ml",
            "productId": "monster-energy-ultra-zero-500ml",
            "productShopPage": "https://oxford.store.freshchoice.co.nz/lines/monster-energy-ultra-zero-500ml",
            "productImageURL": "https://dtgxwmigmg3gc.cloudfront.net/imagery/assets/derivations/icon/512/512/true/eyJpZCI6IjdhN2FhYTUwZWU2NTYwYjBiNGY1NThhMTgwNmVlODI3Iiwic3RvcmFnZSI6InB1YmxpY19zdG9yZSJ9?signature=7907c49ba7d043175a426f84a71776de7dd51fa5c249237063aca9cb098abdbe",
            "productDescription": ""
        },
        "priceData": {
            "bestPrice": "3.00",
            "price": "3.00",
            "pricePerLitre": 6.0,
            "bestPricePerLitre": 6.0
        },
        "store": {
            "id": "5e76bfc21db5f5696b000db2",
            "name": "Oxford"
        }
    },
    {
        "productData": {
            "name": "Monster Energy Green 500ml",
            "productId": "monster-energy-green-500ml",
            "productShopPage": "https://oxford.store.freshchoice.co.nz/lines/monster-energy-green-500ml",
            "productImageURL": "https://dtgxwmigmg3gc.cloudfront.net/imagery/assets/derivations/icon/512/512/true/eyJpZCI6ImU3ZjNiNjJiNzI4Y2M0MTIxMjhiNjQ2ZmQ2OTQzMGEzIiwic3RvcmFnZSI6InB1YmxpY19zdG9yZSJ9?signature=637eac56411f57a79f345ea693f1418330d5742c3a04caddb460696dba06da06",
            "productDescription": ""
        },
        "priceData": {
            "bestPrice": "3.00",
            "price": "3.00",
            "pricePerLitre": 6.0,
            "bestPricePerLitre": 6.0
        },
        "store": {
            "id": "5e76bfc21db5f5696b000db2",
            "name": "Oxford"
        }
    },
    {
        "productData": {
            "name": "Monster Energy Drink Ultra Rosa 500ml",
            "productId": "monster-energy-drink-ultra-rosa-500ml",
            "productShopPage": "https://oxford.store.freshchoice.co.nz/lines/monster-energy-drink-ultra-rosa-500ml",
            "productImageURL": "https://dtgxwmigmg3gc.cloudfront.net/imagery/assets/derivations/icon/512/512/true/eyJpZCI6IjZjYzFjMzcwYzM4Mzk4N2MyOTUzNWIyMTFjZTJlYjgxIiwic3RvcmFnZSI6InB1YmxpY19zdG9yZSJ9?signature=9cd08284785f9b24647ecc7d1dc08214d9d00318cc809bebdef1921d6b78bb95",
            "productDescription": ""
        },
        "priceData": {
            "bestPrice": "3.00",
            "price": "3.00",
            "pricePerLitre": 6.0,
            "bestPricePerLitre": 6.0
        },
        "store": {
            "id": "5e76bfc21db5f5696b000db2",
            "name": "Oxford"
        }
    },
    {
        "productData": {
            "name": "Mother Energy Drink Berry 500ml",
            "productId": "mother-energy-drink-berry-500ml",
            "productShopPage": "https://oxford.store.freshchoice.co.nz/lines/mother-energy-drink-berry-500ml",
            "productImageURL": "https://dtgxwmigmg3gc.cloudfront.net/imagery/assets/derivations/icon/512/512/true/eyJpZCI6ImRhYTJlNjUzNzRjZjViNjI0ZDljNzUzNDA3YmE0ZDFkIiwic3RvcmFnZSI6InB1YmxpY19zdG9yZSJ9?signature=d9ffb465d71d599811c2ff7a788845bfe297eb3624ad7866a89cf0b3ece073f0",
            "productDescription": ""
        },
        "priceData": {
            "bestPrice": "2.00",
            "price": "2.00",
            "pricePerLitre": 4.0,
            "bestPricePerLitre": 4.0
        },
        "store": {
            "id": "5e76bfc21db5f5696b000db2",
            "name": "Oxford"
        }
    },
    {
        "productData": {
            "name": "Mother Energy Drink Black 500ml",
            "productId": "mother-energy-drink-black-500ml",
            "productShopPage": "https://oxford.store.freshchoice.co.nz/lines/mother-energy-drink-black-500ml",
            "productImageURL": "https://dtgxwmigmg3gc.cloudfront.net/imagery/assets/derivations/icon/512/512/true/eyJpZCI6ImYyMzA5MjhkYjg3ODFhYmYzZDU3ZjE1YjNmYzU2MWFjIiwic3RvcmFnZSI6InB1YmxpY19zdG9yZSJ9?signature=d3dbddb83d3d457075cd5d8936bef0c5b48fce4fa3fe725995d8b6d57219ceb5",
            "productDescription": ""
        },
        "priceData": {
            "bestPrice": "2.00",
            "price": "2.00",
            "pricePerLitre": 4.0,
            "bestPricePerLitre": 4.0
        },
        "store": {
            "id": "5e76bfc21db5f5696b000db2",
            "name": "Oxford"
        }
    },
    {
        "productData": {
            "name": "Mother Energy Drink Passion 500ml",
            "productId": "mother-energy-drink-passion-500ml",
            "productShopPage": "https://oxford.store.freshchoice.co.nz/lines/mother-energy-drink-passion-500ml",
            "productImageURL": "https://dtgxwmigmg3gc.cloudfront.net/imagery/assets/derivations/icon/512/512/true/eyJpZCI6ImQwODE2YTc4ZjBmNGU4NTU5Mzg1YjkxZmI5YjIzZjM0Iiwic3RvcmFnZSI6InB1YmxpY19zdG9yZSJ9?signature=713c495fef96a6427b917f0c7c7e855a963749ac5c1bf7dfd71e24ae08ea3123",
            "productDescription": ""
        },
        "priceData": {
            "bestPrice": "2.00",
            "price": "2.00",
            "pricePerLitre": 4.0,
            "bestPricePerLitre": 4.0
        },
        "store": {
            "id": "5e76bfc21db5f5696b000db2",
            "name": "Oxford"
        }
    },
    {
        "productData": {
            "name": "Mother Tropical Blast 500ml",
            "productId": "mother-tropical-blast-500ml",
            "productShopPage": "https://oxford.store.freshchoice.co.nz/lines/mother-tropical-blast-500ml",
            "productImageURL": "https://dtgxwmigmg3gc.cloudfront.net/imagery/assets/derivations/icon/512/512/true/eyJpZCI6ImEyZmM1OTUwNDhlODM5YTRhMjQ2MTI1OGEyYzNlZWZhIiwic3RvcmFnZSI6InB1YmxpY19zdG9yZSJ9?signature=6c9470ee4067e8ec32b58eeac9d628404d3986058a9b1cdef46014d1bee50944",
            "productDescription": ""
        },
        "priceData": {
            "bestPrice": "2.00",
            "price": "2.00",
            "pricePerLitre": 6.0,
            "bestPricePerLitre": 6.0
        },
        "store": {
            "id": "5e76bfc21db5f5696b000db2",
            "name": "Oxford"
        }
    },
    {
        "productData": {
            "name": "Mother Epic Swell Energy Drink Twisted Apple 500ml",
            "productId": "mother-epic-swell-energy-drink-twisted-apple-500ml",
            "productShopPage": "https://oxford.store.freshchoice.co.nz/lines/mother-epic-swell-energy-drink-twisted-apple-500ml",
            "productImageURL": "https://dtgxwmigmg3gc.cloudfront.net/imagery/assets/derivations/icon/512/512/true/eyJpZCI6ImE2ZjYxOGNhNjUyYzMxNzRhNjg2MDBhMGVjZmQ3MmJkIiwic3RvcmFnZSI6InB1YmxpY19zdG9yZSJ9?signature=954f74f8aba0fb24cb2a5248b1e93fe8a62fb8c7f902abbb08b7aed24bc44c80",
            "productDescription": ""
        },
        "priceData": {
            "bestPrice": "2.00",
            "price": "2.00",
            "pricePerLitre": 4.0,
            "bestPricePerLitre": 4.0
        },
        "store": {
            "id": "5e76bfc21db5f5696b000db2",
            "name": "Oxford"
        }
    },
    {
        "productData": {
            "name": "Monster Energy Juice Mango Loco 500ml",
            "productId": "monster-energy-juice-mango-loco-500ml-can",
            "productShopPage": "https://oxford.store.freshchoice.co.nz/lines/monster-energy-juice-mango-loco-500ml-can",
            "productImageURL": "https://dtgxwmigmg3gc.cloudfront.net/imagery/assets/derivations/icon/512/512/true/eyJpZCI6ImUyNmIyNzdlMzJkOTg5NjI4YWYxYzg2MTU2MjI0ZjgzIiwic3RvcmFnZSI6InB1YmxpY19zdG9yZSJ9?signature=db65ff44183396e60e8f4c13003417fb1277f7685b136cf223d7701f7e945faf",
            "productDescription": ""
        },
        "priceData": {
            "bestPrice": "3.00",
            "price": "3.00",
            "pricePerLitre": 6.0,
            "bestPricePerLitre": 6.0
        },
        "store": {
            "id": "5e76bfc21db5f5696b000db2",
            "name": "Oxford"
        }
    },
    {
        "productData": {
            "name": "V Energy Drink 710ml Can",
            "productId": "v-energy-drink-710ml-can",
            "productShopPage": "https://oxford.store.freshchoice.co.nz/lines/v-energy-drink-710ml-can",
            "productImageURL": "https://dtgxwmigmg3gc.cloudfront.net/imagery/assets/derivations/icon/512/512/true/eyJpZCI6ImU1Mjg5NDIyNDI0MzhlNGM0N2IxY2FmMmExOWQ0OGI0Iiwic3RvcmFnZSI6InB1YmxpY19zdG9yZSJ9?signature=875386458f8ad66eb59967a1ca6ad24a19d1592f97a894e439af7d9be1852340",
            "productDescription": ""
        },
        "priceData": {
            "bestPrice": "3.99",
            "price": "3.99",
            "pricePerLitre": 5.6000000000000005,
            "bestPricePerLitre": 5.6000000000000005
        },
        "store": {
            "id": "5e76bfc21db5f5696b000db2",
            "name": "Oxford"
        }
    },
    {
        "productData": {
            "name": "V Energy Drink Sugarfree 500ml",
            "productId": "v-energy-drink-sugarfree-500ml",
            "productShopPage": "https://oxford.store.freshchoice.co.nz/lines/v-energy-drink-sugarfree-500ml",
            "productImageURL": "https://dtgxwmigmg3gc.cloudfront.net/imagery/assets/derivations/icon/512/512/true/eyJpZCI6ImVkZTAxNTNmMDI1NmU1NDZjNWQ5MTc3MjE3ZTQ3YTQ0Iiwic3RvcmFnZSI6InB1YmxpY19zdG9yZSJ9?signature=abcf72d9faa9ee3044eaa3b7ee0bf9b4fd8f582379018d8727f2234b7d3f3c85",
            "productDescription": ""
        },
        "priceData": {
            "bestPrice": "3.80",
            "price": "3.80",
            "pricePerLitre": 7.6,
            "bestPricePerLitre": 7.6
        },
        "store": {
            "id": "5e76bfc21db5f5696b000db2",
            "name": "Oxford"
        }
    },
    {
        "productData": {
            "name": "V Energy Drink Sugar Free Guarana 250ml",
            "productId": "v-energy-drink-sugar-free-guarana-250ml",
            "productShopPage": "https://oxford.store.freshchoice.co.nz/lines/v-energy-drink-sugar-free-guarana-250ml",
            "productImageURL": "https://dtgxwmigmg3gc.cloudfront.net/imagery/assets/derivations/icon/512/512/true/eyJpZCI6ImZiNzM1NmU4NTMyZDllODlkZTljZmNlOGY2MzQ5NGQwIiwic3RvcmFnZSI6InB1YmxpY19zdG9yZSJ9?signature=72b0ce0a48ca796717c115fe5e8b4564501470f63bf80ae865d26e9d131a2b8c",
            "productDescription": ""
        },
        "priceData": {
            "bestPrice": "2.20",
            "price": "2.20",
            "pricePerLitre": 8.8,
            "bestPricePerLitre": 8.8
        },
        "store": {
            "id": "5e76bfc21db5f5696b000db2",
            "name": "Oxford"
        }
    },
    {
        "productData": {
            "name": "V Energy Drink Blue Guarana Spritzed 350ml",
            "productId": "v-blue-energy-drink-blue-guarana-spritzed-350ml",
            "productShopPage": "https://oxford.store.freshchoice.co.nz/lines/v-blue-energy-drink-blue-guarana-spritzed-350ml",
            "productImageURL": "https://dtgxwmigmg3gc.cloudfront.net/imagery/assets/derivations/icon/512/512/true/eyJpZCI6ImY2OTRlZGI4NjdlNWMzZDM5NzgzMDQ0ODFkMzUxZGZiIiwic3RvcmFnZSI6InB1YmxpY19zdG9yZSJ9?signature=591b3079cb9c2407a29b3bc348eaf42dc1d34daba5c9d7aba65be654725b6719",
            "productDescription": ""
        },
        "priceData": {
            "bestPrice": "2.30",
            "price": "2.30",
            "pricePerLitre": 10.0,
            "bestPricePerLitre": 10.0
        },
        "store": {
            "id": "5e76bfc21db5f5696b000db2",
            "name": "Oxford"
        }
    },
    {
        "productData": {
            "name": "V Energy Drink Green Guarana 350ml",
            "productId": "v-energy-drink-green-guarana-350ml",
            "productShopPage": "https://oxford.store.freshchoice.co.nz/lines/v-energy-drink-green-guarana-350ml",
            "productImageURL": "https://dtgxwmigmg3gc.cloudfront.net/imagery/assets/derivations/icon/512/512/true/eyJpZCI6IjRiNjY4ZjYxOTQ2ODYyN2MzM2NiZWMyNGUyNmIyODk4Iiwic3RvcmFnZSI6InB1YmxpY19zdG9yZSJ9?signature=4cded9cb42349eef45a593461f311b1bb7fa881295733879671ad9fe9887d30c",
            "productDescription": ""
        },
        "priceData": {
            "bestPrice": "2.30",
            "price": "2.30",
            "pricePerLitre": 10.0,
            "bestPricePerLitre": 10.0
        },
        "store": {
            "id": "5e76bfc21db5f5696b000db2",
            "name": "Oxford"
        }
    },
    {
        "productData": {
            "name": "V Energy Drink Guarana Can 250ml",
            "productId": "v-energy-drink-guarana-can-250ml",
            "productShopPage": "https://oxford.store.freshchoice.co.nz/lines/v-energy-drink-guarana-can-250ml",
            "productImageURL": "https://dtgxwmigmg3gc.cloudfront.net/imagery/assets/derivations/icon/512/512/true/eyJpZCI6Ijc3Nzk1NjE2ZDhhNmFiMThhYzEzODYzOTg2ZmNkNzgwIiwic3RvcmFnZSI6InB1YmxpY19zdG9yZSJ9?signature=f5de1854d43e19cc62bff86893d4a55615cd916f8425a4dccd170b52eba81255",
            "productDescription": ""
        },
        "priceData": {
            "bestPrice": "2.20",
            "price": "2.20",
            "pricePerLitre": 8.8,
            "bestPricePerLitre": 8.8
        },
        "store": {
            "id": "5e76bfc21db5f5696b000db2",
            "name": "Oxford"
        }
    },
    {
        "productData": {
            "name": "V Energy Drink Guarana Can 500ml",
            "productId": "v-energy-drink-guarana-can-500ml",
            "productShopPage": "https://oxford.store.freshchoice.co.nz/lines/v-energy-drink-guarana-can-500ml",
            "productImageURL": "https://dtgxwmigmg3gc.cloudfront.net/imagery/assets/derivations/icon/512/512/true/eyJpZCI6ImI0NjgzNGZjNDRkMjU0MjgzYzJjZGNhMzA2NWIxYjA5Iiwic3RvcmFnZSI6InB1YmxpY19zdG9yZSJ9?signature=265e8273409849423466e7623cbbdf8352940707b8830803eec391e8f32c9c5f",
            "productDescription": ""
        },
        "priceData": {
            "bestPrice": "3.50",
            "price": "3.50",
            "pricePerLitre": 7.0,
            "bestPricePerLitre": 7.0
        },
        "store": {
            "id": "5e76bfc21db5f5696b000db2",
            "name": "Oxford"
        }
    },
    {
        "productData": {
            "name": "V Energy Drink Sugar Free Guarana 500ml",
            "productId": "v-energy-drink-sugar-free-guarana-500ml",
            "productShopPage": "https://oxford.store.freshchoice.co.nz/lines/v-energy-drink-sugar-free-guarana-500ml",
            "productImageURL": "https://dtgxwmigmg3gc.cloudfront.net/imagery/assets/derivations/icon/512/512/true/eyJpZCI6Ijg4MGExMDYxOTY4NTJiYzM1ZTExMmU2MGE2OWYxNDE3Iiwic3RvcmFnZSI6InB1YmxpY19zdG9yZSJ9?signature=b0536d25b9da8158705e24c88e21fabbf85c1dabc19f18108c386e956ffd7045",
            "productDescription": ""
        },
        "priceData": {
            "bestPrice": "3.50",
            "price": "3.50",
            "pricePerLitre": 7.0,
            "bestPricePerLitre": 7.0
        },
        "store": {
            "id": "5e76bfc21db5f5696b000db2",
            "name": "Oxford"
        }
    },
    {
        "productData": {
            "name": "V Blue Energy Drink Bottle 500ml",
            "productId": "v-blue-energy-drink-bottle-500ml",
            "productShopPage": "https://oxford.store.freshchoice.co.nz/lines/v-blue-energy-drink-bottle-500ml",
            "productImageURL": "https://dtgxwmigmg3gc.cloudfront.net/imagery/assets/derivations/icon/512/512/true/eyJpZCI6IjgyYWYxYWY4MGI4MzUxODhiYmVhZGVhM2U2NzY0MzI5Iiwic3RvcmFnZSI6InB1YmxpY19zdG9yZSJ9?signature=7e70fc576864a528a1431734d680cbf177a11b419a692dbfd34800c31b8944ec",
            "productDescription": ""
        },
        "priceData": {
            "bestPrice": "3.80",
            "price": "3.80",
            "pricePerLitre": 7.6,
            "bestPricePerLitre": 7.6
        },
        "store": {
            "id": "5e76bfc21db5f5696b000db2",
            "name": "Oxford"
        }
    },
    {
        "productData": {
            "name": "V Blue Sugarfree Energy Drink 500ml",
            "productId": "v-blue-sugarfree-energy-drink-500ml",
            "productShopPage": "https://oxford.store.freshchoice.co.nz/lines/v-blue-sugarfree-energy-drink-500ml",
            "productImageURL": "https://dtgxwmigmg3gc.cloudfront.net/imagery/assets/derivations/icon/512/512/true/eyJpZCI6ImVmYjQyOWRmM2JjZjc3NTY1ZDIwMTEyNTY0MDdmZjA1Iiwic3RvcmFnZSI6InB1YmxpY19zdG9yZSJ9?signature=2911d59474d8305039a3be3bef0f887c38d9ab84596314b13cc4b150101175ab",
            "productDescription": ""
        },
        "priceData": {
            "bestPrice": "3.50",
            "price": "3.50",
            "pricePerLitre": 7.0,
            "bestPricePerLitre": 7.0
        },
        "store": {
            "id": "5e76bfc21db5f5696b000db2",
            "name": "Oxford"
        }
    },
    {
        "productData": {
            "name": "V Blue Energy Drink Blue Guarana Can 500ml",
            "productId": "v-blue-energy-drink-blue-guarana-can-500ml",
            "productShopPage": "https://oxford.store.freshchoice.co.nz/lines/v-blue-energy-drink-blue-guarana-can-500ml",
            "productImageURL": "https://dtgxwmigmg3gc.cloudfront.net/imagery/assets/derivations/icon/512/512/true/eyJpZCI6ImFmYjEyYjVjYTU2YWI5ZDJhMTVmNGY2MDg2NWFlNzgxIiwic3RvcmFnZSI6InB1YmxpY19zdG9yZSJ9?signature=b537a8cc5a2c0f90f1702b2c541db44c3a740a0ec4a96e92ab2d6537f9320e8d",
            "productDescription": ""
        },
        "priceData": {
            "bestPrice": "3.50",
            "price": "3.50",
            "pricePerLitre": 7.0,
            "bestPricePerLitre": 7.0
        },
        "store": {
            "id": "5e76bfc21db5f5696b000db2",
            "name": "Oxford"
        }
    },
    {
        "productData": {
            "name": "V Iced Coffee Guarana Energy 500ml",
            "productId": "v-iced-coffee-guarana-energy-500ml",
            "productShopPage": "https://oxford.store.freshchoice.co.nz/lines/v-iced-coffee-guarana-energy-500ml",
            "productImageURL": "https://dtgxwmigmg3gc.cloudfront.net/imagery/assets/derivations/icon/512/512/true/eyJpZCI6ImM0Zjc4YjRmYWVjMjk0NTJkZTNkYzZjNmY5MzBlMjU2Iiwic3RvcmFnZSI6InB1YmxpY19zdG9yZSJ9?signature=14312b2813aab9c1ad551700ec97cd58a3a7f95bef4d0bd7ae7aa2dcf8fcdc9d",
            "productDescription": ""
        },
        "priceData": {
            "bestPrice": "4.00",
            "price": "4.00"
        },
        "store": {
            "id": "5e76bfc21db5f5696b000db2",
            "name": "Oxford"
        }
    },
    {
        "productData": {
            "name": "V Iced Mocha Guarana Energy 500ml",
            "productId": "v-iced-mocha-guarana-energy-500ml",
            "productShopPage": "https://oxford.store.freshchoice.co.nz/lines/v-iced-mocha-guarana-energy-500ml",
            "productImageURL": "https://dtgxwmigmg3gc.cloudfront.net/imagery/assets/derivations/icon/512/512/true/eyJpZCI6ImNiMDRkODVlZmQ2YjhiZGMxMWU4Zjk5OGEwOTczODg1Iiwic3RvcmFnZSI6InB1YmxpY19zdG9yZSJ9?signature=3e63d4ec34ef65794a07ea00749a785cb88ce90997e6e7d12629c3c0f205de6d",
            "productDescription": ""
        },
        "priceData": {
            "bestPrice": "4.00",
            "price": "4.00"
        },
        "store": {
            "id": "5e76bfc21db5f5696b000db2",
            "name": "Oxford"
        }
    },
    {
        "productData": {
            "name": "V Energy Drink Sugar Free Guarana Bottle 350ml",
            "productId": "v-energy-drink-sugar-free-guarana-bottle-350ml",
            "productShopPage": "https://oxford.store.freshchoice.co.nz/lines/v-energy-drink-sugar-free-guarana-bottle-350ml",
            "productImageURL": "https://dtgxwmigmg3gc.cloudfront.net/imagery/assets/derivations/icon/512/512/true/eyJpZCI6IjQzYmZlOTg1YzY2ZGQ0ZDI1YzUyZDk3MGJhMmJhMGM3Iiwic3RvcmFnZSI6InB1YmxpY19zdG9yZSJ9?signature=7a4bb3eb2264f52495ae9ba8fbf21b5a3e59e12c0d6208cfa1591261da333f55",
            "productDescription": ""
        },
        "priceData": {
            "bestPrice": "2.30",
            "price": "2.30",
            "pricePerLitre": 10.0,
            "bestPricePerLitre": 10.0
        },
        "store": {
            "id": "5e76bfc21db5f5696b000db2",
            "name": "Oxford"
        }
    },
    {
        "productData": {
            "name": "Monster Super Fuel Zero Sugar 550ml",
            "productId": "monster-super-fuel-zero-sugar-550ml",
            "productShopPage": "https://oxford.store.freshchoice.co.nz/lines/monster-super-fuel-zero-sugar-550ml",
            "productImageURL": "https://dtgxwmigmg3gc.cloudfront.net/imagery/assets/derivations/icon/512/512/true/eyJpZCI6IjRkOTE3NzhmODIxNDI1ZDJjNDg3Yjc0M2YyMzEyYmYxIiwic3RvcmFnZSI6InB1YmxpY19zdG9yZSJ9?signature=4b9dbd15c40f85466e597873c567f989183b284947e8c8dc4df58667789214a2",
            "productDescription": ""
        },
        "priceData": {
            "bestPrice": "4.00",
            "price": "4.00",
            "pricePerLitre": 7.3,
            "bestPricePerLitre": 7.3
        },
        "store": {
            "id": "5e76bfc21db5f5696b000db2",
            "name": "Oxford"
        }
    },
    {
        "productData": {
            "name": "Monster Mule Ginger Brew 500ml",
            "productId": "monster-mule-ginger-brew-500ml",
            "productShopPage": "https://oxford.store.freshchoice.co.nz/lines/monster-mule-ginger-brew-500ml",
            "productImageURL": "https://dtgxwmigmg3gc.cloudfront.net/imagery/assets/derivations/icon/512/512/true/eyJpZCI6ImM1OTM5MTIyZTRlNmNhNzk0ODFlMDE4ZWVmMWE2Y2ZlIiwic3RvcmFnZSI6InB1YmxpY19zdG9yZSJ9?signature=5d11287f30ef58c148e37382d61c0d83097d5461683a9aa5dd9456941c1f32e5",
            "productDescription": ""
        },
        "priceData": {
            "bestPrice": "3.00",
            "price": "3.00",
            "pricePerLitre": 6.0,
            "bestPricePerLitre": 6.0
        },
        "store": {
            "id": "5e76bfc21db5f5696b000db2",
            "name": "Oxford"
        }
    },
    {
        "productData": {
            "name": "Monster Super Fuel Purple Passion 550ml",
            "productId": "monster-super-fuel-purple-passion-550ml",
            "productShopPage": "https://oxford.store.freshchoice.co.nz/lines/monster-super-fuel-purple-passion-550ml",
            "productImageURL": "https://dtgxwmigmg3gc.cloudfront.net/imagery/assets/derivations/icon/512/512/true/eyJpZCI6IjNkMTY1OTQwMzgyOTZjZjVlMjNlNjBjMDQ3NTE1YWM0Iiwic3RvcmFnZSI6InB1YmxpY19zdG9yZSJ9?signature=4d4ccd77dab941d955a8037242a41833afdc7251d3bd5b5c4b99705770273998",
            "productDescription": ""
        },
        "priceData": {
            "bestPrice": "4.00",
            "price": "4.00",
            "pricePerLitre": 7.3,
            "bestPricePerLitre": 7.3
        },
        "store": {
            "id": "5e76bfc21db5f5696b000db2",
            "name": "Oxford"
        }
    },
    {
        "productData": {
            "name": "Monster Energy Pipeline Punch 500ml",
            "productId": "monster-energy-pipeline-punch-500ml",
            "productShopPage": "https://oxford.store.freshchoice.co.nz/lines/monster-energy-pipeline-punch-500ml",
            "productImageURL": "https://dtgxwmigmg3gc.cloudfront.net/imagery/assets/derivations/icon/512/512/true/eyJpZCI6IjM3ZWY2OTY5OWFlNTJlZTRjNTY1ZmFmYWIwOTIxMjg4Iiwic3RvcmFnZSI6InB1YmxpY19zdG9yZSJ9?signature=79ed6699c35bd716a9d5d9457c39ce62c523edaa4059b6b45d4dcc7caf65cef9",
            "productDescription": ""
        },
        "priceData": {
            "bestPrice": "3.00",
            "price": "3.00",
            "pricePerLitre": 6.0,
            "bestPricePerLitre": 6.0
        },
        "store": {
            "id": "5e76bfc21db5f5696b000db2",
            "name": "Oxford"
        }
    },
    {
        "productData": {
            "name": "Live Plus Energy Drink Citrus Flavour 500ml",
            "productId": "live-plus-persist-500ml",
            "productShopPage": "https://oxford.store.freshchoice.co.nz/lines/live-plus-persist-500ml",
            "productImageURL": "https://dtgxwmigmg3gc.cloudfront.net/imagery/assets/derivations/icon/512/512/true/eyJpZCI6IjFlNWQ5YzI4OWM1N2UzNmYzZmI2NThlMDQzZTI3ZjE4Iiwic3RvcmFnZSI6InB1YmxpY19zdG9yZSJ9?signature=756b17fefe47174b90e7dbec8cd09db27f9f59f4994bc750b71256ae93ba9fa8",
            "productDescription": ""
        },
        "priceData": {
            "bestPrice": "2.00",
            "price": "2.00",
            "pricePerLitre": 4.0,
            "bestPricePerLitre": 4.0
        },
        "store": {
            "id": "5e76bfc21db5f5696b000db2",
            "name": "Oxford"
        }
    },
    {
        "productData": {
            "name": "V Guarana Energy Drink Blue Sugarfree 250ml",
            "productId": "v-blue-sugarfree-energy-drink-250ml",
            "productShopPage": "https://oxford.store.freshchoice.co.nz/lines/v-blue-sugarfree-energy-drink-250ml",
            "productImageURL": "https://dtgxwmigmg3gc.cloudfront.net/imagery/assets/derivations/icon/512/512/true/eyJpZCI6IjI3YWJiOTVhYjNhMjEwMDU2MWJhMmRhNTM3YjRhZjVmIiwic3RvcmFnZSI6InB1YmxpY19zdG9yZSJ9?signature=66769306ca1d0ba674603954d338186dc999f6d1839090d49fde9416b3252365",
            "productDescription": ""
        },
        "priceData": {
            "bestPrice": "2.20",
            "price": "2.20",
            "pricePerLitre": 8.8,
            "bestPricePerLitre": 8.8
        },
        "store": {
            "id": "5e76bfc21db5f5696b000db2",
            "name": "Oxford"
        }
    },
    {
        "productData": {
            "name": "Live Plus Live+ Ignite Energy Drink 6 x 250ml Cans",
            "productId": "live-plus-live-ignite-energy-drink-6x250ml-cans",
            "productShopPage": "https://oxford.store.freshchoice.co.nz/lines/live-plus-live-ignite-energy-drink-6x250ml-cans",
            "productImageURL": "https://dtgxwmigmg3gc.cloudfront.net/imagery/assets/derivations/icon/512/512/true/eyJpZCI6Ijk5ZTU3ZDdlN2RjYzc0ZmZlOWY0NGQxMDdkYTI5ZDI5Iiwic3RvcmFnZSI6InB1YmxpY19zdG9yZSJ9?signature=16b8b1fb6c1dbc73b4d1f0110b7542a3259cd273e9b6adea8e6570f5158d8342",
            "productDescription": ""
        },
        "priceData": {
            "bestPrice": "7.70",
            "price": "7.70",
            "pricePerLitre": 5.1,
            "bestPricePerLitre": 5.1
        },
        "store": {
            "id": "5e76bfc21db5f5696b000db2",
            "name": "Oxford"
        }
    },
    {
        "productData": {
            "name": "Rockstar Punched Energy Guava 500ml",
            "productId": "rockstar-punched-energy-guava-500ml",
            "productShopPage": "https://oxford.store.freshchoice.co.nz/lines/rockstar-punched-energy-guava-500ml",
            "productImageURL": "https://dtgxwmigmg3gc.cloudfront.net/imagery/assets/derivations/icon/512/512/true/eyJpZCI6IjBmNGEyNjU2MGQwM2Y4OGI4MWE3ZTMyODUzYTRlN2QyIiwic3RvcmFnZSI6InB1YmxpY19zdG9yZSJ9?signature=fab45ac774e74d87cf7a79de075f47290676fd6d4afcf212198c745670d5ce29",
            "productDescription": ""
        },
        "priceData": {
            "bestPrice": "2.00",
            "price": "2.00",
            "pricePerLitre": 5.2,
            "bestPricePerLitre": 5.2
        },
        "store": {
            "id": "5e76bfc21db5f5696b000db2",
            "name": "Oxford"
        }
    }
]