[
    {
        "productData": {
            "name": "Powerade Mt Blast 750ml",
            "productId": "R671608",
            "productShopPage": "https://www.thewarehouse.co.nz/p/product/R671608.html",
            "productDescription": "Made in New Zealand from imported and local ingredients. A combination of electrolytes and carbohydrates that provide effective hydration and energy. Powerade isotonic sportsdrinks contain four electrolytes - sodium, potassium, calcium and magnesium - designed to be in balance with your body’s fluids to hydrate and provide energy when you need it most. Sipper cap bottle.",
            "productImageURL": "https://www.thewarehouse.co.nz/dw/image/v2/BDMG_PRD/on/demandware.static/-/Sites-twl-master-catalog/default/dwf5cf9f20/images/hi-res/CC/4B/R671608_40.jpg?sw=765&sh=765",
            "volume": "750ml"
        },
        "priceData": {
            "bestPrice": "3.49",
            "price": "3.49",
            "pricePerLitre": 4.653333333333333,
            "bestPricePerLitre": 4.653333333333333
        },
        "timestamp": "2021-08-16T17:01:58.687372"
    },
    {
        "productData": {
            "name": "Powerade Berry Ice 750ml",
            "productId": "R671606",
            "productShopPage": "https://www.thewarehouse.co.nz/p/product/R671606.html",
            "productDescription": "Made in New Zealand from imported and local ingredients. A combination of electrolytes and carbohydrates that provide effective hydration and energy. Powerade isotonic sportsdrinks contain four electrolytes - sodium, potassium, calcium and magnesium - designed to be in balance with your body’s fluids to hydrate and provide energy when you need it most. Sipper cap bottle.",
            "productImageURL": "https://www.thewarehouse.co.nz/dw/image/v2/BDMG_PRD/on/demandware.static/-/Sites-twl-master-catalog/default/dwcd15a0f1/images/hi-res/E6/8A/R671606_40.jpg?sw=765&sh=765",
            "volume": "750ml"
        },
        "priceData": {
            "bestPrice": "3.49",
            "price": "3.49",
            "pricePerLitre": 4.653333333333333,
            "bestPricePerLitre": 4.653333333333333
        },
        "timestamp": "2021-08-16T17:01:59.514063"
    },
    {
        "productData": {
            "name": "Gatorade Fierce Berry 1L",
            "productId": "R1907052",
            "productShopPage": "https://www.thewarehouse.co.nz/p/product/R1907052.html",
            "productDescription": "For over 40 years, Gatorade has proven again and again to keep athletes hydrated and performing at their best. Original Gatorade delivers a unique formula of sodium, potassium and essential carbohydrates to your muscles and mind during the heat of battle to help you maintain your high level of performance when it matters most.",
            "productImageURL": "https://www.thewarehouse.co.nz/dw/image/v2/BDMG_PRD/on/demandware.static/-/Sites-twl-master-catalog/default/dwbea72bc8/images/hi-res/6D/95/R1907052_40.jpg?sw=765&sh=765"
        },
        "priceData": {
            "bestPrice": "3.50",
            "price": "3.50"
        },
        "timestamp": "2021-08-16T17:02:00.258466"
    },
    {
        "productData": {
            "name": "Cha Cha Kombucha Raspberry 330ml",
            "productId": "R2613851",
            "productShopPage": "https://www.thewarehouse.co.nz/p/product/R2613851.html",
            "productDescription": "Cha Cha Kombucha is a sparkling prebiotic drink. Made from natural ingredients including acacia and honey. Cha Cha is packed full of goodness",
            "productImageURL": "https://www.thewarehouse.co.nz/dw/image/v2/BDMG_PRD/on/demandware.static/-/Sites-twl-master-catalog/default/dwf426b169/images/hi-res/02/87/R2613851_40.jpg?sw=765&sh=765",
            "volume": "330ml"
        },
        "priceData": {
            "bestPrice": "2.00",
            "price": "2.00",
            "pricePerLitre": 6.0606060606060606,
            "bestPricePerLitre": 6.0606060606060606
        },
        "timestamp": "2021-08-16T17:02:00.989943"
    },
    {
        "productData": {
            "name": "BOSS Coffee Iced Latte 237ml",
            "productId": "R2628987",
            "productShopPage": "https://www.thewarehouse.co.nz/p/product/R2628987.html",
            "productDescription": "FOR THE AMBITIOUS, THE GO-GETTERS, THE THINKERS, AND VISIONARIES, SUNTORY BOSS COFFEE IS THE BRAND THAT DELIVERS FLAVOUR AND QUALITY IN ONE SIMPLE PACKAGE. WE’LL NEVER SETTLE FOR ANYTHING LESS THAN PERFECTION AND OUR PROCESS PROVES IT- WE FLASH BREW OUR BEANS TO UNLOCK RICH AROMAS BEFORE QUICKLY COOLING TO LOCK THEM IN. THIS IS WHAT DEFINES US, MAKES US UNIQUE, AND SETS US APART.",
            "productImageURL": "https://www.thewarehouse.co.nz/dw/image/v2/BDMG_PRD/on/demandware.static/-/Sites-twl-master-catalog/default/dw73b98cad/images/hi-res/62/A7/R2628987_40.jpg?sw=765&sh=765",
            "volume": "237ml"
        },
        "priceData": {
            "bestPrice": "3.50",
            "price": "3.50",
            "pricePerLitre": 14.767932489451477,
            "bestPricePerLitre": 14.767932489451477
        },
        "timestamp": "2021-08-16T17:02:01.772086"
    },
    {
        "productData": {
            "name": "Red Bull Energy Drink Can 250ml",
            "productId": "R501186",
            "productShopPage": "https://www.thewarehouse.co.nz/p/product/R501186.html",
            "productDescription": "Red Bull Energy Drink has been developed for people who want to have a clear and focused mind, perform physically, are dynamic and performance-oriented whilst also balancing this with a fun and active lifestyle.",
            "productImageURL": "https://www.thewarehouse.co.nz/dw/image/v2/BDMG_PRD/on/demandware.static/-/Sites-twl-master-catalog/default/dw8d947f90/images/hi-res/80/61/R501186_40.jpg?sw=765&sh=765",
            "volume": "250ml"
        },
        "priceData": {
            "bestPrice": "2.50",
            "price": "2.50",
            "pricePerLitre": 10.0,
            "bestPricePerLitre": 10.0
        },
        "timestamp": "2021-08-16T17:02:02.937674"
    },
    {
        "productData": {
            "name": "BOSS Coffee Iced Long Black 237ml",
            "productId": "R2628988",
            "productShopPage": "https://www.thewarehouse.co.nz/p/product/R2628988.html",
            "productDescription": "FOR THE AMBITIOUS, THE GO-GETTERS, THE THINKERS, AND VISIONARIES, SUNTORY BOSS COFFEE IS THE BRAND THAT DELIVERS FLAVOUR AND QUALITY IN ONE SIMPLE PACKAGE. WE’LL NEVER SETTLE FOR ANYTHING LESS THAN PERFECTION AND OUR PROCESS PROVES IT- WE FLASH BREW OUR BEANS TO UNLOCK RICH AROMAS BEFORE QUICKLY COOLING TO LOCK THEM IN. THIS IS WHAT DEFINES US, MAKES US UNIQUE, AND SETS US APART.",
            "productImageURL": "https://www.thewarehouse.co.nz/dw/image/v2/BDMG_PRD/on/demandware.static/-/Sites-twl-master-catalog/default/dwd94718b0/images/hi-res/DA/4F/R2628988_40.jpg?sw=765&sh=765",
            "volume": "237ml"
        },
        "priceData": {
            "bestPrice": "3.50",
            "price": "3.50",
            "pricePerLitre": 14.767932489451477,
            "bestPricePerLitre": 14.767932489451477
        },
        "timestamp": "2021-08-16T17:02:03.820105"
    },
    {
        "productData": {
            "name": "Red Bull Red Bull Sugar Free 473ml",
            "productId": "R2378859",
            "productShopPage": "https://www.thewarehouse.co.nz/p/product/R2378859.html",
            "productDescription": "",
            "productImageURL": "https://www.thewarehouse.co.nz/dw/image/v2/BDMG_PRD/on/demandware.static/-/Sites-twl-master-catalog/default/dwfed809c6/images/hi-res/99/F1/R2378859_40.jpg?sw=765&sh=765",
            "volume": "473ml"
        },
        "priceData": {
            "bestPrice": "3.50",
            "price": "3.50",
            "pricePerLitre": 7.399577167019027,
            "bestPricePerLitre": 7.399577167019027
        },
        "timestamp": "2021-08-16T17:02:04.647478"
    },
    {
        "productData": {
            "name": "Cha Cha Kombucha Apple 330ml",
            "productId": "R2613850",
            "productShopPage": "https://www.thewarehouse.co.nz/p/product/R2613850.html",
            "productDescription": "Cha Cha Kombucha is a sparkling prebiotic drink. Made from natural ingredients including acacia and honey. Cha Cha is packed full of goodness",
            "productImageURL": "https://www.thewarehouse.co.nz/dw/image/v2/BDMG_PRD/on/demandware.static/-/Sites-twl-master-catalog/default/dw279fc154/images/hi-res/C9/4F/R2613850_40.jpg?sw=765&sh=765",
            "volume": "330ml"
        },
        "priceData": {
            "bestPrice": "2.00",
            "price": "2.00",
            "pricePerLitre": 6.0606060606060606,
            "bestPricePerLitre": 6.0606060606060606
        },
        "timestamp": "2021-08-16T17:02:05.511364"
    },
    {
        "productData": {
            "name": "BOSS Coffee Iced Vanilla Latte 237ml",
            "productId": "R2717468",
            "productShopPage": "https://www.thewarehouse.co.nz/p/product/R2717468.html",
            "productDescription": "",
            "productImageURL": "https://www.thewarehouse.co.nz/dw/image/v2/BDMG_PRD/on/demandware.static/-/Sites-twl-master-catalog/default/dw8d257264/images/hi-res/57/C6/R2717468_40.jpg?sw=765&sh=765",
            "volume": "237ml"
        },
        "priceData": {
            "bestPrice": "3.50",
            "price": "3.50",
            "pricePerLitre": 14.767932489451477,
            "bestPricePerLitre": 14.767932489451477
        },
        "timestamp": "2021-08-16T17:02:06.273351"
    },
    {
        "productData": {
            "name": "Live Live+ Ascend Can 250ml",
            "productId": "R2457276",
            "productShopPage": "https://www.thewarehouse.co.nz/p/product/R2457276.html",
            "productDescription": "Enjoy a Sugar free Energy Drink.",
            "productImageURL": "https://www.thewarehouse.co.nz/dw/image/v2/BDMG_PRD/on/demandware.static/-/Sites-twl-master-catalog/default/dwc7243839/images/hi-res/C7/09/R2457276_40.jpg?sw=765&sh=765",
            "volume": "250ml"
        },
        "priceData": {
            "bestPrice": "1.00",
            "price": "1.00",
            "pricePerLitre": 4.0,
            "bestPricePerLitre": 4.0
        },
        "timestamp": "2021-08-16T17:02:07.267902"
    },
    {
        "productData": {
            "name": "Live + Persist Can 250ml",
            "productId": "R2457274",
            "productShopPage": "https://www.thewarehouse.co.nz/p/product/R2457274.html",
            "productDescription": "Live+ Persist 250ml is an energy drink that offers a refreshing blend of citrus and lime. Formerly called Lift Plus Original, it has a new look but the same great taste.",
            "productImageURL": "https://www.thewarehouse.co.nz/dw/image/v2/BDMG_PRD/on/demandware.static/-/Sites-twl-master-catalog/default/dw2b8f7a3c/images/hi-res/F8/82/R2457274_40.jpg?sw=765&sh=765",
            "volume": "250ml"
        },
        "priceData": {
            "bestPrice": "1.00",
            "price": "1.00",
            "pricePerLitre": 4.0,
            "bestPricePerLitre": 4.0
        },
        "timestamp": "2021-08-16T17:02:08.244854"
    },
    {
        "productData": {
            "name": "Red Bull Sugarfree Cans 250ml 4 Pack",
            "productId": "R1559892",
            "productShopPage": "https://www.thewarehouse.co.nz/p/product/R1559892.html",
            "productDescription": "Red Bull Energy Drink - Vitalizes Body and Mind",
            "productImageURL": "https://www.thewarehouse.co.nz/dw/image/v2/BDMG_PRD/on/demandware.static/-/Sites-twl-master-catalog/default/dwaabdc8f0/images/hi-res/88/31/R1559892_40.jpg?sw=765&sh=765",
            "multipack": {
                "quantity": "4"
            },
            "volume": "250ml"
        },
        "priceData": {
            "bestPrice": "8.00",
            "price": "8.00",
            "pricePerLitre": 8.0,
            "bestPricePerLitre": 8.0
        },
        "timestamp": "2021-08-16T17:02:09.146378"
    },
    {
        "productData": {
            "name": "Milo RTD Can 240ml",
            "productId": "R2755897",
            "productShopPage": "https://www.thewarehouse.co.nz/p/product/R2755897.html",
            "productDescription": "",
            "productImageURL": "https://www.thewarehouse.co.nz/dw/image/v2/BDMG_PRD/on/demandware.static/-/Sites-twl-master-catalog/default/dw3256dcd7/images/hi-res/5D/0E/R2755897_30.jpg?sw=765&sh=765",
            "volume": "240ml"
        },
        "priceData": {
            "bestPrice": "1.89",
            "price": "1.89",
            "pricePerLitre": 7.875,
            "bestPricePerLitre": 7.875
        },
        "timestamp": "2021-08-16T17:02:10.139720"
    },
    {
        "productData": {
            "name": "Gatorade Blue Bolt 1L",
            "productId": "R1907053",
            "productShopPage": "https://www.thewarehouse.co.nz/p/product/R1907053.html",
            "productDescription": "For over 40 years, Gatorade has proven again and again to keep athletes hydrated and performing at their best. Original Gatorade delivers a unique formula of sodium, potassium and essential carbohydrates to your muscles and mind during the heat of battle to help you maintain your high level of performance when it matters most.",
            "productImageURL": "https://www.thewarehouse.co.nz/dw/image/v2/BDMG_PRD/on/demandware.static/-/Sites-twl-master-catalog/default/dw285b40ff/images/hi-res/79/91/R1907053_40.jpg?sw=765&sh=765"
        },
        "priceData": {
            "bestPrice": "3.50",
            "price": "3.50"
        },
        "timestamp": "2021-08-16T17:02:10.880810"
    },
    {
        "productData": {
            "name": "Red Bull Cans 250ml 4 Pack",
            "productId": "R501187",
            "productShopPage": "https://www.thewarehouse.co.nz/p/product/R501187.html",
            "productDescription": "",
            "productImageURL": "https://www.thewarehouse.co.nz/dw/image/v2/BDMG_PRD/on/demandware.static/-/Sites-twl-master-catalog/default/dw389d7fe8/images/hi-res/2B/80/R501187_40.jpg?sw=765&sh=765",
            "multipack": {
                "quantity": "4"
            },
            "volume": "250ml"
        },
        "priceData": {
            "bestPrice": "8.00",
            "price": "8.00",
            "pricePerLitre": 8.0,
            "bestPricePerLitre": 8.0
        },
        "timestamp": "2021-08-16T17:02:11.679362"
    },
    {
        "productData": {
            "name": "Red Bull Energy Drink Can 473ml",
            "productId": "R1559891",
            "productShopPage": "https://www.thewarehouse.co.nz/p/product/R1559891.html",
            "productDescription": "",
            "productImageURL": "https://www.thewarehouse.co.nz/dw/image/v2/BDMG_PRD/on/demandware.static/-/Sites-twl-master-catalog/default/dw256b591b/images/hi-res/09/F5/R1559891_40.jpg?sw=765&sh=765",
            "volume": "473ml"
        },
        "priceData": {
            "bestPrice": "3.50",
            "price": "3.50",
            "pricePerLitre": 7.399577167019027,
            "bestPricePerLitre": 7.399577167019027
        },
        "timestamp": "2021-08-16T17:02:12.546054"
    },
    {
        "productData": {
            "name": "BOSS Coffee Iced Long Black 237ml 4 Pack",
            "productId": "R2720433",
            "productShopPage": "https://www.thewarehouse.co.nz/p/product/R2720433.html",
            "productDescription": "",
            "productImageURL": "https://www.thewarehouse.co.nz/dw/image/v2/BDMG_PRD/on/demandware.static/-/Sites-twl-master-catalog/default/dwd864bea4/images/hi-res/37/80/R2720433_40.jpg?sw=765&sh=765",
            "multipack": {
                "quantity": "4"
            },
            "volume": "237ml"
        },
        "priceData": {
            "bestPrice": "10.00",
            "price": "10.00",
            "pricePerLitre": 10.548523206751055,
            "bestPricePerLitre": 10.548523206751055
        },
        "timestamp": "2021-08-16T17:02:13.258900"
    },
    {
        "productData": {
            "name": "BOSS Coffee Iced Latte 237ml 4 Pack",
            "productId": "R2720434",
            "productShopPage": "https://www.thewarehouse.co.nz/p/product/R2720434.html",
            "productDescription": "",
            "productImageURL": "https://www.thewarehouse.co.nz/dw/image/v2/BDMG_PRD/on/demandware.static/-/Sites-twl-master-catalog/default/dwbf64c17a/images/hi-res/85/9A/R2720434_40.jpg?sw=765&sh=765",
            "multipack": {
                "quantity": "4"
            },
            "volume": "237ml"
        },
        "priceData": {
            "bestPrice": "10.00",
            "price": "10.00",
            "pricePerLitre": 10.548523206751055,
            "bestPricePerLitre": 10.548523206751055
        },
        "timestamp": "2021-08-16T17:02:13.930589"
    },
    {
        "productData": {
            "name": "Nescafe Original RTD Can 240ml",
            "productId": "R2494486",
            "productShopPage": "https://www.thewarehouse.co.nz/p/product/R2494486.html",
            "productDescription": "Enjoy a Nescafé Original Coffee 240ml in a convenient ready to drink can. Made with great, quality coffee, milk, sugar and sweetener (stevia). Best served cold.",
            "productImageURL": "https://www.thewarehouse.co.nz/dw/image/v2/BDMG_PRD/on/demandware.static/-/Sites-twl-master-catalog/default/dwf5b2a8f9/images/hi-res/18/20/R2494486_30.jpg?sw=765&sh=765",
            "volume": "240ml"
        },
        "priceData": {
            "bestPrice": "1.00",
            "price": "1.00",
            "pricePerLitre": 4.166666666666667,
            "bestPricePerLitre": 4.166666666666667
        },
        "timestamp": "2021-08-16T17:02:14.704844"
    },
    {
        "productData": {
            "name": "Gforce Apple & Blackcurrant 750ml",
            "productId": "R2381465",
            "productShopPage": "https://www.thewarehouse.co.nz/p/product/R2381465.html",
            "productDescription": "",
            "productImageURL": "https://www.thewarehouse.co.nz/dw/image/v2/BDMG_PRD/on/demandware.static/-/Sites-twl-master-catalog/default/dwf2f31443/images/hi-res/13/6F/R2381465_40.jpg?sw=765&sh=765",
            "volume": "750ml"
        },
        "priceData": {
            "bestPrice": "2.00",
            "price": "2.00",
            "pricePerLitre": 2.6666666666666665,
            "bestPricePerLitre": 2.6666666666666665
        },
        "timestamp": "2021-08-16T17:02:15.495397"
    },
    {
        "productData": {
            "name": "Gforce G Force Orange Mandarin 750ml",
            "productId": "R2137497",
            "productShopPage": "https://www.thewarehouse.co.nz/p/product/R2137497.html",
            "productDescription": "",
            "productImageURL": "https://www.thewarehouse.co.nz/dw/image/v2/BDMG_PRD/on/demandware.static/-/Sites-twl-master-catalog/default/dw7369b872/images/hi-res/49/B1/R2137497_40.jpg?sw=765&sh=765",
            "volume": "750ml"
        },
        "priceData": {
            "bestPrice": "2.00",
            "price": "2.00",
            "pricePerLitre": 2.6666666666666665,
            "bestPricePerLitre": 2.6666666666666665
        },
        "timestamp": "2021-08-16T17:02:16.285587"
    },
    {
        "productData": {
            "name": "Rockstar Silver Ice 250ml",
            "productId": "R2607463",
            "productShopPage": "https://www.thewarehouse.co.nz/p/product/R2607463.html",
            "productDescription": "If Sprite were an energy drink, it would be Rockstar Pure Zero Silver Ice. The \"energy drink\" taste is present but not overwhelming and the lemon-lime twist is refreshing",
            "productImageURL": "https://www.thewarehouse.co.nz/dw/image/v2/BDMG_PRD/on/demandware.static/-/Sites-twl-master-catalog/default/dw3d4d88b3/images/hi-res/F7/8C/R2607463_30.jpg?sw=765&sh=765",
            "volume": "250ml"
        },
        "priceData": {
            "bestPrice": "1.00",
            "price": "1.00",
            "pricePerLitre": 4.0,
            "bestPricePerLitre": 4.0
        },
        "timestamp": "2021-08-16T17:02:17.061414"
    },
    {
        "productData": {
            "name": "Nescafe Latte RTD Can 240ml",
            "productId": "R2494487",
            "productShopPage": "https://www.thewarehouse.co.nz/p/product/R2494487.html",
            "productDescription": "Enjoy a Nescafé Latte Coffee 240ml in a convenient ready to drink can. Made with great, quality coffee, milk, sugar and sweetener (stevia). Best served cold.",
            "productImageURL": "https://www.thewarehouse.co.nz/dw/image/v2/BDMG_PRD/on/demandware.static/-/Sites-twl-master-catalog/default/dwb5a745ff/images/hi-res/83/7D/R2494487_30.jpg?sw=765&sh=765",
            "volume": "240ml"
        },
        "priceData": {
            "bestPrice": "1.00",
            "price": "1.00",
            "pricePerLitre": 4.166666666666667,
            "bestPricePerLitre": 4.166666666666667
        },
        "timestamp": "2021-08-16T17:02:17.810969"
    },
    {
        "productData": {
            "name": "Nescafe Mocha Can 240ml",
            "productId": "R2538645",
            "productShopPage": "https://www.thewarehouse.co.nz/p/product/R2538645.html",
            "productDescription": "Nescafé Mocha RTD can is the perfect balance of the richness of chocolate and boldness of coffee. It will satisfy your craving and give you the extra focus you need. Enjoy a refreshing treat any time of day. Best served cold.",
            "productImageURL": "https://www.thewarehouse.co.nz/dw/image/v2/BDMG_PRD/on/demandware.static/-/Sites-twl-master-catalog/default/dw0459aa69/images/hi-res/4C/ED/R2538645_40.jpg?sw=765&sh=765",
            "volume": "240ml"
        },
        "priceData": {
            "bestPrice": "1.00",
            "price": "1.00",
            "pricePerLitre": 4.166666666666667,
            "bestPricePerLitre": 4.166666666666667
        },
        "timestamp": "2021-08-16T17:02:18.525386"
    },
    {
        "productData": {
            "name": "Wicked Energy Drink 500ml",
            "productId": "R2381615",
            "productShopPage": "https://www.thewarehouse.co.nz/p/product/R2381615.html",
            "productDescription": "Inspired by the body art phenomenon that is sweeping the globe, Wicked is an energy drink combining tattoo attitude with caffeine and taurine.",
            "productImageURL": "https://www.thewarehouse.co.nz/dw/image/v2/BDMG_PRD/on/demandware.static/-/Sites-twl-master-catalog/default/dw811c035e/images/hi-res/54/0F/R2381615_30.jpg?sw=765&sh=765",
            "volume": "500ml"
        },
        "priceData": {
            "bestPrice": "1.00",
            "price": "1.00",
            "pricePerLitre": 2.0,
            "bestPricePerLitre": 2.0
        },
        "timestamp": "2021-08-16T17:02:19.350906"
    },
    {
        "productData": {
            "name": "V Energy Drinks Can Green 200ml 10 Pack",
            "productId": "R2229714",
            "productShopPage": "https://www.thewarehouse.co.nz/p/product/R2229714.html",
            "productDescription": "New Zealand's favourite energy drink providing a pick me up, on the go pack to vitalise body and mind. Containing guarana and B vitamins you can think of it as your mid-afternoon wake-up call.",
            "productImageURL": "https://www.thewarehouse.co.nz/dw/image/v2/BDMG_PRD/on/demandware.static/-/Sites-twl-master-catalog/default/dwafc28e1d/images/hi-res/FD/FA/R2229714_40.jpg?sw=765&sh=765",
            "multipack": {
                "quantity": "10"
            },
            "volume": "200ml"
        },
        "priceData": {
            "bestPrice": "10.00",
            "price": "10.00",
            "pricePerLitre": 5.0,
            "bestPricePerLitre": 5.0
        },
        "timestamp": "2021-08-16T17:02:20.101831"
    },
    {
        "productData": {
            "name": "V Can 710ml",
            "productId": "R1648759",
            "productShopPage": "https://www.thewarehouse.co.nz/p/product/R1648759.html",
            "productDescription": "New Zealand's favourite energy drink providing a pick me up, on the go pack to vitalise body and mind. Containing guarana and b vitamins you can think of it as your mid-afternoon wake-up call.",
            "productImageURL": "https://www.thewarehouse.co.nz/dw/image/v2/BDMG_PRD/on/demandware.static/-/Sites-twl-master-catalog/default/dw0a362170/images/hi-res/1E/79/R1648759_40.jpg?sw=765&sh=765",
            "volume": "710ml"
        },
        "priceData": {
            "bestPrice": "3.00",
            "price": "3.00",
            "pricePerLitre": 4.225352112676056,
            "bestPricePerLitre": 4.225352112676056
        },
        "timestamp": "2021-08-16T17:02:20.897848"
    },
    {
        "productData": {
            "name": "Rockstar Tropical Guava 250ml",
            "productId": "R2607462",
            "productShopPage": "https://www.thewarehouse.co.nz/p/product/R2607462.html",
            "productDescription": "Rockstar contains a potent herbal blend of Guarana, Ginseng and Ginkgo. Scientifically formulated to deliver an energy punch for active and busy people – from athletes to rock stars. Enjoy this refreshing lightly carbonated drink super chilled.",
            "productImageURL": "https://www.thewarehouse.co.nz/dw/image/v2/BDMG_PRD/on/demandware.static/-/Sites-twl-master-catalog/default/dwcc9e1978/images/hi-res/2D/D4/R2607462_30.jpg?sw=765&sh=765",
            "volume": "250ml"
        },
        "priceData": {
            "bestPrice": "1.00",
            "price": "1.00",
            "pricePerLitre": 4.0,
            "bestPricePerLitre": 4.0
        },
        "timestamp": "2021-08-16T17:02:21.610245"
    },
    {
        "productData": {
            "name": "V Energy Drink Blue 275ml 4 Pack",
            "productId": "R2391372",
            "productShopPage": "https://www.thewarehouse.co.nz/p/product/R2391372.html",
            "productDescription": "",
            "productImageURL": "https://www.thewarehouse.co.nz/dw/image/v2/BDMG_PRD/on/demandware.static/-/Sites-twl-master-catalog/default/dw1474fe66/images/hi-res/4B/AB/R2391372_40.jpg?sw=765&sh=765",
            "multipack": {
                "quantity": "4"
            },
            "volume": "275ml"
        },
        "priceData": {
            "bestPrice": "5.00",
            "price": "5.00",
            "pricePerLitre": 4.545454545454545,
            "bestPricePerLitre": 4.545454545454545
        },
        "timestamp": "2021-08-16T17:02:22.415535"
    },
    {
        "productData": {
            "name": "V Energy Drinks Can Blue 200ml 10 Pack",
            "productId": "R2426919",
            "productShopPage": "https://www.thewarehouse.co.nz/p/product/R2426919.html",
            "productDescription": "V Blue's mysterious flavour is so secret that only people-in-the-know really know the recipe. Blue could be this or that, but it’s sure to give you the energy hit you're craving.",
            "productImageURL": "https://www.thewarehouse.co.nz/dw/image/v2/BDMG_PRD/on/demandware.static/-/Sites-twl-master-catalog/default/dw894f12ce/images/hi-res/2E/27/R2426919_40.jpg?sw=765&sh=765",
            "multipack": {
                "quantity": "10"
            },
            "volume": "200ml"
        },
        "priceData": {
            "bestPrice": "10.00",
            "price": "10.00",
            "pricePerLitre": 5.0,
            "bestPricePerLitre": 5.0
        },
        "timestamp": "2021-08-16T17:02:23.123630"
    },
    {
        "productData": {
            "name": "Rockstar Punched Guava 710ml",
            "productId": "R2481578",
            "productShopPage": "https://www.thewarehouse.co.nz/p/product/R2481578.html",
            "productDescription": "Rockstar contains a potent herbal blend of guarana, ginseng and ginkgo.  This is scientifically formulated to deliver an energy punch for active and busy people - from athletes to rock stars.  Enjoy this tropical guava flavoured energy drink.  Best consumed if super chilled.",
            "productImageURL": "https://www.thewarehouse.co.nz/dw/image/v2/BDMG_PRD/on/demandware.static/-/Sites-twl-master-catalog/default/dwd00b08eb/images/hi-res/DF/E9/R2481578_30.jpg?sw=765&sh=765",
            "volume": "710ml"
        },
        "priceData": {
            "bestPrice": "3.00",
            "price": "3.00",
            "pricePerLitre": 4.225352112676056,
            "bestPricePerLitre": 4.225352112676056
        },
        "timestamp": "2021-08-16T17:02:23.867273"
    },
    {
        "productData": {
            "name": "V Iced Chocolate+Guarana Energy 500ml",
            "productId": "R2456984",
            "productShopPage": "https://www.thewarehouse.co.nz/p/product/R2456984.html",
            "productDescription": "",
            "productImageURL": "https://www.thewarehouse.co.nz/dw/image/v2/BDMG_PRD/on/demandware.static/-/Sites-twl-master-catalog/default/dw77a84801/images/hi-res/BB/F8/R2456984_40.jpg?sw=765&sh=765",
            "volume": "500ml"
        },
        "priceData": {
            "bestPrice": "3.00",
            "price": "3.00",
            "pricePerLitre": 6.0,
            "bestPricePerLitre": 6.0
        },
        "timestamp": "2021-08-16T17:02:24.600054"
    },
    {
        "productData": {
            "name": "V Iced Coffee+Guarana Energy 500ml",
            "productId": "R2456983",
            "productShopPage": "https://www.thewarehouse.co.nz/p/product/R2456983.html",
            "productDescription": "",
            "productImageURL": "https://www.thewarehouse.co.nz/dw/image/v2/BDMG_PRD/on/demandware.static/-/Sites-twl-master-catalog/default/dw8cd0123f/images/hi-res/7B/64/R2456983_40.jpg?sw=765&sh=765",
            "volume": "500ml"
        },
        "priceData": {
            "bestPrice": "3.00",
            "price": "3.00",
            "pricePerLitre": 6.0,
            "bestPricePerLitre": 6.0
        },
        "timestamp": "2021-08-16T17:02:25.402046"
    },
    {
        "productData": {
            "name": "V Iced Mocha 500ml",
            "productId": "R2560028",
            "productShopPage": "https://www.thewarehouse.co.nz/p/product/R2560028.html",
            "productDescription": "Jump start your morning with a delicious V Iced Mocha, fuelled with caffeine and guarana energy. Enjoy a tastey energy hit when you're not ready for the fizzyness.",
            "productImageURL": "https://www.thewarehouse.co.nz/dw/image/v2/BDMG_PRD/on/demandware.static/-/Sites-twl-master-catalog/default/dwb7026dcd/images/hi-res/C6/3B/R2560028_40.jpg?sw=765&sh=765",
            "volume": "500ml"
        },
        "priceData": {
            "bestPrice": "3.00",
            "price": "3.00",
            "pricePerLitre": 6.0,
            "bestPricePerLitre": 6.0
        },
        "timestamp": "2021-08-16T17:02:26.147096"
    },
    {
        "productData": {
            "name": "V Energy Drink Blue Can 500ml",
            "productId": "R1573117",
            "productShopPage": "https://www.thewarehouse.co.nz/p/product/R1573117.html",
            "productDescription": "V Blue's mysterious flavour is so secret that only people-in-the-know really know the recipe. Blue could be this or that, but it’s sure to give you the energy hit you're craving.",
            "productImageURL": "https://www.thewarehouse.co.nz/dw/image/v2/BDMG_PRD/on/demandware.static/-/Sites-twl-master-catalog/default/dw0c5d49c4/images/hi-res/81/13/R1573117_40.jpg?sw=765&sh=765",
            "volume": "500ml"
        },
        "priceData": {
            "bestPrice": "4.00",
            "price": "4.00",
            "pricePerLitre": 8.0,
            "bestPricePerLitre": 8.0
        },
        "timestamp": "2021-08-16T17:02:26.940709"
    },
    {
        "productData": {
            "name": "V Energy Drink Cans 355ml 6 Pack",
            "productId": "R1539597",
            "productShopPage": "https://www.thewarehouse.co.nz/p/product/R1539597.html",
            "productDescription": "New Zealand's favourite energy drink providing a pick me up, on the go pack to vitalise body and mind. Containing guarana and B vitamins you can think of it as your mid-afternoon wake-up call..",
            "productImageURL": "https://www.thewarehouse.co.nz/dw/image/v2/BDMG_PRD/on/demandware.static/-/Sites-twl-master-catalog/default/dwbc0ca214/images/hi-res/EA/A3/R1539597_40.jpg?sw=765&sh=765",
            "multipack": {
                "quantity": "6"
            },
            "volume": "355ml"
        },
        "priceData": {
            "bestPrice": "12.00",
            "price": "12.00",
            "pricePerLitre": 5.633802816901408,
            "bestPricePerLitre": 5.633802816901408
        },
        "timestamp": "2021-08-16T17:02:27.627799"
    },
    {
        "productData": {
            "name": "V Energy Drink Blue Can Sugarfree 500ml",
            "productId": "R2739987",
            "productShopPage": "https://www.thewarehouse.co.nz/p/product/R2739987.html",
            "productDescription": "",
            "productImageURL": "https://www.thewarehouse.co.nz/dw/image/v2/BDMG_PRD/on/demandware.static/-/Sites-twl-master-catalog/default/dw124e70ad/images/hi-res/BD/03/R2739987_30.jpg?sw=765&sh=765",
            "volume": "500ml"
        },
        "priceData": {
            "bestPrice": "4.00",
            "price": "4.00",
            "pricePerLitre": 8.0,
            "bestPricePerLitre": 8.0
        },
        "timestamp": "2021-08-16T17:02:28.412814"
    },
    {
        "productData": {
            "name": "V Blue Bottle 350ml",
            "productId": "R1573116",
            "productShopPage": "https://www.thewarehouse.co.nz/p/product/R1573116.html",
            "productDescription": "V Blue's mysterious flavour is so secret that only people-in-the-know really know the recipe. Blue could be this or that, but it’s sure to give you the energy hit you're craving.",
            "productImageURL": "https://www.thewarehouse.co.nz/dw/image/v2/BDMG_PRD/on/demandware.static/-/Sites-twl-master-catalog/default/dw53b360fd/images/hi-res/30/46/R1573116_40.jpg?sw=765&sh=765",
            "volume": "350ml"
        },
        "priceData": {
            "bestPrice": "3.80",
            "price": "3.80",
            "pricePerLitre": 10.857142857142858,
            "bestPricePerLitre": 10.857142857142858
        },
        "timestamp": "2021-08-16T17:02:29.147058"
    },
    {
        "productData": {
            "name": "V Energy Drink 250ml",
            "productId": "R151415",
            "productShopPage": "https://www.thewarehouse.co.nz/p/product/R151415.html",
            "productDescription": "New Zealand's favourite energy drink providing a pick me up, on the go pack to vitalise body and mind. Containing guarana and B vitamins you can think of it as your mid-afternoon wake-up call.",
            "productImageURL": "https://www.thewarehouse.co.nz/dw/image/v2/BDMG_PRD/on/demandware.static/-/Sites-twl-master-catalog/default/dwdc7c2709/images/hi-res/FE/EB/R151415_40.jpg?sw=765&sh=765",
            "volume": "250ml"
        },
        "priceData": {
            "bestPrice": "2.60",
            "price": "2.60",
            "pricePerLitre": 10.4,
            "bestPricePerLitre": 10.4
        },
        "timestamp": "2021-08-16T17:02:29.877255"
    },
    {
        "productData": {
            "name": "V Energy Drink Bottle 350ml",
            "productId": "R500135",
            "productShopPage": "https://www.thewarehouse.co.nz/p/product/R500135.html",
            "productDescription": "New Zealand's favourite energy drink providing a pick me up, on the go pack to vitalise body and mind. Containing guarana and b vitamins you can think of it as your mid-afternoon wake-up call.",
            "productImageURL": "https://www.thewarehouse.co.nz/dw/image/v2/BDMG_PRD/on/demandware.static/-/Sites-twl-master-catalog/default/dw3d2eb149/images/hi-res/10/3E/R500135_40.jpg?sw=765&sh=765",
            "volume": "350ml"
        },
        "priceData": {
            "bestPrice": "3.80",
            "price": "3.80",
            "pricePerLitre": 10.857142857142858,
            "bestPricePerLitre": 10.857142857142858
        },
        "timestamp": "2021-08-16T17:02:30.686376"
    },
    {
        "productData": {
            "name": "V Energy Drink Green Can 300ml 4 Pack",
            "productId": "R2226500",
            "productShopPage": "https://www.thewarehouse.co.nz/p/product/R2226500.html",
            "productDescription": "New Zealand's favourite energy drink providing a pick me up, on the go pack to vitalise body and mind. Containing guarana and B vitamins you can think of it as your mid-afternoon wake-up call..",
            "productImageURL": "https://www.thewarehouse.co.nz/dw/image/v2/BDMG_PRD/on/demandware.static/-/Sites-twl-master-catalog/default/dw05744b72/images/hi-res/E6/2C/R2226500_40.jpg?sw=765&sh=765",
            "multipack": {
                "quantity": "4"
            },
            "volume": "300ml"
        },
        "priceData": {
            "bestPrice": "8.00",
            "price": "8.00",
            "pricePerLitre": 6.666666666666667,
            "bestPricePerLitre": 6.666666666666667
        },
        "timestamp": "2021-08-16T17:02:31.375136"
    },
    {
        "productData": {
            "name": "V Sugar Free Can 250ml",
            "productId": "R671491",
            "productShopPage": "https://www.thewarehouse.co.nz/p/product/R671491.html",
            "productDescription": "Switch on with Guarana and caffeine charged V Energy, without the sugar. Woohoo!",
            "productImageURL": "https://www.thewarehouse.co.nz/dw/image/v2/BDMG_PRD/on/demandware.static/-/Sites-twl-master-catalog/default/dw84417ddf/images/hi-res/58/6B/R671491_40.jpg?sw=765&sh=765",
            "volume": "250ml"
        },
        "priceData": {
            "bestPrice": "2.60",
            "price": "2.60",
            "pricePerLitre": 10.4,
            "bestPricePerLitre": 10.4
        },
        "timestamp": "2021-08-16T17:02:32.324132"
    },
    {
        "productData": {
            "name": "V Raspberry Lemonade 500ml",
            "productId": "R2657178",
            "productShopPage": "https://www.thewarehouse.co.nz/p/product/R2657178.html",
            "productDescription": "The trademark V energy boost with a sweet & fruity raspberry lemonade flavour. Crack open a can of V motivation and Make it Happen.",
            "productImageURL": "https://www.thewarehouse.co.nz/dw/image/v2/BDMG_PRD/on/demandware.static/-/Sites-twl-master-catalog/default/dw2a4cbcb4/images/hi-res/82/7D/R2657178_40.jpg?sw=765&sh=765",
            "volume": "500ml"
        },
        "priceData": {
            "bestPrice": "4.00",
            "price": "4.00",
            "pricePerLitre": 8.0,
            "bestPricePerLitre": 8.0
        },
        "timestamp": "2021-08-16T17:02:33.157364"
    },
    {
        "productData": {
            "name": "Rockstar Guava 500ml",
            "productId": "R1445715",
            "productShopPage": "https://www.thewarehouse.co.nz/p/product/R1445715.html",
            "productDescription": "Rockstar contains a potent herbal blend of guarana, ginseng and ginkgo.  This is scientifically formulated to deliver an energy punch for active and busy people - from athletes to rock stars.  Enjoy this tropical guava flavoured energy drink.  Best consumed if super chilled.",
            "productImageURL": "https://www.thewarehouse.co.nz/dw/image/v2/BDMG_PRD/on/demandware.static/-/Sites-twl-master-catalog/default/dw3a942a6f/images/hi-res/CE/2A/R1445715_40.jpg?sw=765&sh=765",
            "volume": "500ml"
        },
        "priceData": {
            "bestPrice": "2.00",
            "price": "2.00",
            "pricePerLitre": 4.0,
            "bestPricePerLitre": 4.0
        },
        "timestamp": "2021-08-16T17:02:33.905099"
    },
    {
        "productData": {
            "name": "V Energy Drink Sugar Free 350ml Bottle",
            "productId": "R671492",
            "productShopPage": "https://www.thewarehouse.co.nz/p/product/R671492.html",
            "productDescription": "V is New Zealand's favourite energy drink, having won Kiwis' hearts and taste buds since it launched in August 1997",
            "productImageURL": "https://www.thewarehouse.co.nz/dw/image/v2/BDMG_PRD/on/demandware.static/-/Sites-twl-master-catalog/default/dw174ae9a0/images/hi-res/0A/57/R671492_40.jpg?sw=765&sh=765",
            "volume": "350ml"
        },
        "priceData": {
            "bestPrice": "3.80",
            "price": "3.80",
            "pricePerLitre": 10.857142857142858,
            "bestPricePerLitre": 10.857142857142858
        },
        "timestamp": "2021-08-16T17:02:34.680767"
    },
    {
        "productData": {
            "name": "V Energy Drinks Can Green 500ml",
            "productId": "R1233239",
            "productShopPage": "https://www.thewarehouse.co.nz/p/product/R1233239.html",
            "productDescription": "New Zealand's favourite energy drink providing a pick me up, on the go pack to vitalise body and mind. Containing guarana and b vitamins you can think of it as your mid-afternoon wake-up call.",
            "productImageURL": "https://www.thewarehouse.co.nz/dw/image/v2/BDMG_PRD/on/demandware.static/-/Sites-twl-master-catalog/default/dw2ff23046/images/hi-res/3C/E9/R1233239_40.jpg?sw=765&sh=765",
            "volume": "500ml"
        },
        "priceData": {
            "bestPrice": "4.00",
            "price": "4.00",
            "pricePerLitre": 8.0,
            "bestPricePerLitre": 8.0
        },
        "timestamp": "2021-08-16T17:02:35.388940"
    },
    {
        "productData": {
            "name": "V Energy Drink Blue Can Sugarfree 250ml",
            "productId": "R2739986",
            "productShopPage": "https://www.thewarehouse.co.nz/p/product/R2739986.html",
            "productDescription": "",
            "productImageURL": "https://www.thewarehouse.co.nz/dw/image/v2/BDMG_PRD/on/demandware.static/-/Sites-twl-master-catalog/default/dw6059a991/images/hi-res/56/4A/R2739986_30.jpg?sw=765&sh=765",
            "volume": "250ml"
        },
        "priceData": {
            "bestPrice": "2.60",
            "price": "2.60",
            "pricePerLitre": 10.4,
            "bestPricePerLitre": 10.4
        },
        "timestamp": "2021-08-16T17:02:36.226163"
    },
    {
        "productData": {
            "name": "V Raspberry Lemonade 350ml",
            "productId": "R2657177",
            "productShopPage": "https://www.thewarehouse.co.nz/p/product/R2657177.html",
            "productDescription": "The trademark V energy boost with a sweet & fruity raspberry lemonade flavour. Crack open a can of V motivation and Make it Happen.",
            "productImageURL": "https://www.thewarehouse.co.nz/dw/image/v2/BDMG_PRD/on/demandware.static/-/Sites-twl-master-catalog/default/dw69051164/images/hi-res/F7/C6/R2657177_40.jpg?sw=765&sh=765",
            "volume": "350ml"
        },
        "priceData": {
            "bestPrice": "3.80",
            "price": "3.80",
            "pricePerLitre": 10.857142857142858,
            "bestPricePerLitre": 10.857142857142858
        },
        "timestamp": "2021-08-16T17:02:37.174273"
    },
    {
        "productData": {
            "name": "V Energy Drink Sugar Free 275ml 4 Pack",
            "productId": "R2391373",
            "productShopPage": "https://www.thewarehouse.co.nz/p/product/R2391373.html",
            "productDescription": "",
            "productImageURL": "https://www.thewarehouse.co.nz/dw/image/v2/BDMG_PRD/on/demandware.static/-/Sites-twl-master-catalog/default/dwc55b34ee/images/hi-res/41/D7/R2391373_30.jpg?sw=765&sh=765",
            "multipack": {
                "quantity": "4"
            },
            "volume": "275ml"
        },
        "priceData": {
            "bestPrice": "5.00",
            "price": "5.00",
            "pricePerLitre": 4.545454545454545,
            "bestPricePerLitre": 4.545454545454545
        },
        "timestamp": "2021-08-16T17:02:37.935248"
    },
    {
        "productData": {
            "name": "Live + Persist Can 250ml",
            "productId": "R2457274",
            "productShopPage": "https://www.thewarehouse.co.nz/p/product/R2457274.html",
            "productDescription": "Live+ Persist 250ml is an energy drink that offers a refreshing blend of citrus and lime. Formerly called Lift Plus Original, it has a new look but the same great taste.",
            "productImageURL": "https://www.thewarehouse.co.nz/dw/image/v2/BDMG_PRD/on/demandware.static/-/Sites-twl-master-catalog/default/dw2b8f7a3c/images/hi-res/F8/82/R2457274_40.jpg?sw=765&sh=765",
            "volume": "250ml"
        },
        "priceData": {
            "bestPrice": "1.00",
            "price": "1.00",
            "pricePerLitre": 4.0,
            "bestPricePerLitre": 4.0
        },
        "timestamp": "2021-08-16T17:02:38.730698"
    },
    {
        "productData": {
            "name": "Mother Energy Drink Can 250ml",
            "productId": "R2197289",
            "productShopPage": "https://www.thewarehouse.co.nz/p/product/R2197289.html",
            "productDescription": "Mother is the energy drink that gives you the energy and drive to tackle life head-on.  Mother delivers full potency with a maximum 32mg of caffeine (per 100mls).",
            "productImageURL": "https://www.thewarehouse.co.nz/dw/image/v2/BDMG_PRD/on/demandware.static/-/Sites-twl-master-catalog/default/dw216c4787/images/hi-res/FF/C5/R2197289_40.jpg?sw=765&sh=765",
            "volume": "250ml"
        },
        "priceData": {
            "bestPrice": "1.00",
            "price": "1.00",
            "pricePerLitre": 4.0,
            "bestPricePerLitre": 4.0
        },
        "timestamp": "2021-08-16T17:02:39.601886"
    },
    {
        "productData": {
            "name": "Live Live+ Ascend Can 250ml",
            "productId": "R2457276",
            "productShopPage": "https://www.thewarehouse.co.nz/p/product/R2457276.html",
            "productDescription": "Enjoy a Sugar free Energy Drink.",
            "productImageURL": "https://www.thewarehouse.co.nz/dw/image/v2/BDMG_PRD/on/demandware.static/-/Sites-twl-master-catalog/default/dwc7243839/images/hi-res/C7/09/R2457276_40.jpg?sw=765&sh=765",
            "volume": "250ml"
        },
        "priceData": {
            "bestPrice": "1.00",
            "price": "1.00",
            "pricePerLitre": 4.0,
            "bestPricePerLitre": 4.0
        },
        "timestamp": "2021-08-16T17:02:40.384078"
    }
]