[
    {
        "productData": {
            "name": "FILEMETA",
            "productId": "FILEMETA",
            "productShopPage": "",
            "productImageURL": "",
            "productDescription": "THIS IS NOT A REAL PRODUCT, THIS IS METADATA OF THIS FILE"
        },
        "priceData": {
            "bestPrice": "0.00",
            "price": "0.00",
            "pricePerLitre": 0,
            "bestPricePerLitre": 0
        },
        "timestamp": "2021-08-28T01:19:46.354208",
        "siteconfig": {
            "siteMeta": {
                "name": "New World",
                "mainURL": "https://www.newworld.co.nz",
                "productPrefix": "nw"
            },
            "regex": {
                "dollars": ">([0-9][0-9]?)",
                "cents": ">([0-9][0-9])",
                "volumeData": "Serving.pack: (\\d{1,}) Serving size: (.{1,})"
            }
        }
    },
    {
        "productData": {
            "name": "V Blue Guarana Energy Drink 10pk",
            "productId": "5290181_ea_000",
            "productShopPage": "https://www.newworld.co.nz/shop/product/5290181_ea_000nw",
            "productImageURL": "https://a.fsimg.co.nz/product/retail/fan/image/master/5290181.png",
            "productDescription": "Product of New Zealand",
            "volume": "250mL",
            "multipack": {
                "quantity": "10"
            }
        },
        "priceData": {
            "bestPrice": "17.99",
            "price": "17.99",
            "pricePerLitre": 7.2,
            "bestPricePerLitre": 7.2
        },
        "store": {
            "id": "65201d94-8805-4be8-b1ba-f547d6bf7ecd",
            "name": "New World Taihape"
        }
    },
    {
        "productData": {
            "name": "V Blue Guarana Energy Drink 250ml",
            "productId": "5007495_ea_000",
            "productShopPage": "https://www.newworld.co.nz/shop/product/5007495_ea_000nw",
            "productImageURL": "https://a.fsimg.co.nz/product/retail/fan/image/master/5007495.png",
            "productDescription": "Contains Caffeine, Wheat Derivatives.\n\nProduct of New Zealand",
            "volume": "250mL",
            "multipack": {
                "quantity": "1"
            }
        },
        "priceData": {
            "bestPrice": "1.99",
            "price": "1.99",
            "pricePerLitre": 8.0,
            "bestPricePerLitre": 8.0
        },
        "store": {
            "id": "65201d94-8805-4be8-b1ba-f547d6bf7ecd",
            "name": "New World Taihape"
        }
    },
    {
        "productData": {
            "name": "V Sugarfree Guarana Energy Drink 250ml",
            "productId": "5001639_ea_000",
            "productShopPage": "https://www.newworld.co.nz/shop/product/5001639_ea_000nw",
            "productImageURL": "https://a.fsimg.co.nz/product/retail/fan/image/master/5001639.png",
            "productDescription": "Sugar Free. Contains Caffeine.\n\nProduct of New Zealand",
            "volume": "250mL",
            "multipack": {
                "quantity": "1"
            }
        },
        "priceData": {
            "bestPrice": "1.99",
            "price": "1.99",
            "pricePerLitre": 8.0,
            "bestPricePerLitre": 8.0
        },
        "store": {
            "id": "65201d94-8805-4be8-b1ba-f547d6bf7ecd",
            "name": "New World Taihape"
        }
    },
    {
        "productData": {
            "name": "V Green Guarana Energy Drink 6pk",
            "productId": "5272987_ea_000",
            "productShopPage": "https://www.newworld.co.nz/shop/product/5272987_ea_000nw",
            "productImageURL": "https://a.fsimg.co.nz/product/retail/fan/image/master/5272987.png",
            "productDescription": "Product of New Zealand",
            "volume": "330mL",
            "multipack": {
                "quantity": "6"
            }
        },
        "priceData": {
            "bestPrice": "9.99",
            "price": "9.99",
            "pricePerLitre": 5.05,
            "bestPricePerLitre": 5.05
        },
        "store": {
            "id": "65201d94-8805-4be8-b1ba-f547d6bf7ecd",
            "name": "New World Taihape"
        }
    },
    {
        "productData": {
            "name": "Live Plus Tart Apple Energy Drink 250ml",
            "productId": "5236676_ea_000",
            "productShopPage": "https://www.newworld.co.nz/shop/product/5236676_ea_000nw",
            "productImageURL": "https://a.fsimg.co.nz/product/retail/fan/image/master/5236676.png",
            "productDescription": "Limit 12 assorted.\n\n\n\n\nProduct of New Zealand",
            "volume": "250mL",
            "multipack": {
                "quantity": "1"
            }
        },
        "priceData": {
            "bestPrice": "0.99",
            "price": "0.99",
            "pricePerLitre": 3.96,
            "bestPricePerLitre": 3.96
        },
        "store": {
            "id": "65201d94-8805-4be8-b1ba-f547d6bf7ecd",
            "name": "New World Taihape"
        }
    },
    {
        "productData": {
            "name": "Live Plus Persist Energy Drink 250ml",
            "productId": "5236678_ea_000",
            "productShopPage": "https://www.newworld.co.nz/shop/product/5236678_ea_000nw",
            "productImageURL": "https://a.fsimg.co.nz/product/retail/fan/image/master/5236678.png",
            "productDescription": "Limit 12 assorted.\n\n\n\n\nProduct of New Zealand",
            "volume": "",
            "multipack": {
                "quantity": ""
            }
        },
        "priceData": {
            "bestPrice": "0.99",
            "price": "0.99"
        },
        "store": {
            "id": "65201d94-8805-4be8-b1ba-f547d6bf7ecd",
            "name": "New World Taihape"
        }
    },
    {
        "productData": {
            "name": "V Green Guarana Energy Drink 10pk",
            "productId": "5289889_ea_000",
            "productShopPage": "https://www.newworld.co.nz/shop/product/5289889_ea_000nw",
            "productImageURL": "https://a.fsimg.co.nz/product/retail/fan/image/master/5289889.png",
            "productDescription": "Product of New Zealand",
            "volume": "250mL",
            "multipack": {
                "quantity": "10"
            }
        },
        "priceData": {
            "bestPrice": "17.99",
            "price": "17.99",
            "pricePerLitre": 7.2,
            "bestPricePerLitre": 7.2
        },
        "store": {
            "id": "65201d94-8805-4be8-b1ba-f547d6bf7ecd",
            "name": "New World Taihape"
        }
    },
    {
        "productData": {
            "name": "V Sugarfree Blue Guarana Energy Drink 500ml",
            "productId": "5283362_ea_000",
            "productShopPage": "https://www.newworld.co.nz/shop/product/5283362_ea_000nw",
            "productImageURL": "https://a.fsimg.co.nz/product/retail/fan/image/master/5283362.png",
            "productDescription": "Sugar free\n\nProduct of New Zealand",
            "volume": "500mL",
            "multipack": {
                "quantity": "1"
            }
        },
        "priceData": {
            "bestPrice": "3.49",
            "price": "3.49",
            "pricePerLitre": 7.0,
            "bestPricePerLitre": 7.0
        },
        "store": {
            "id": "65201d94-8805-4be8-b1ba-f547d6bf7ecd",
            "name": "New World Taihape"
        }
    },
    {
        "productData": {
            "name": "V Original Guarana Energy Drink 350ml",
            "productId": "5003156_ea_000",
            "productShopPage": "https://www.newworld.co.nz/shop/product/5003156_ea_000nw",
            "productImageURL": "https://a.fsimg.co.nz/product/retail/fan/image/master/5003156.png",
            "productDescription": "Buy 2 for $5.00.\n\n\nContains Caffeine.\n\nProduct of New Zealand",
            "volume": "350mL",
            "multipack": {
                "quantity": "1"
            }
        },
        "priceData": {
            "bestPrice": 2.5,
            "price": 2.0,
            "pricePerLitre": 5.714285714285714,
            "bestPricePerLitre": 7.142857142857143,
            "multiBuy": {
                "quantity": 2.0,
                "value": 5.0,
                "perUnit": 2.5
            }
        },
        "store": {
            "id": "65201d94-8805-4be8-b1ba-f547d6bf7ecd",
            "name": "New World Taihape"
        }
    },
    {
        "productData": {
            "name": "V Blue Guarana Energy Drink Cans 10pk",
            "productId": "5228254_ea_000",
            "productShopPage": "https://www.newworld.co.nz/shop/product/5228254_ea_000nw",
            "productImageURL": "https://a.fsimg.co.nz/product/retail/fan/image/master/5228254.png",
            "productDescription": "Product of New Zealand",
            "volume": "200mL",
            "multipack": {
                "quantity": "10"
            }
        },
        "priceData": {
            "bestPrice": "15.89",
            "price": "15.89",
            "pricePerLitre": 7.945,
            "bestPricePerLitre": 7.945
        },
        "store": {
            "id": "65201d94-8805-4be8-b1ba-f547d6bf7ecd",
            "name": "New World Taihape"
        }
    },
    {
        "productData": {
            "name": "V Blue Guarana Energy Drink 4pk",
            "productId": "5210055_ea_000",
            "productShopPage": "https://www.newworld.co.nz/shop/product/5210055_ea_000nw",
            "productImageURL": "https://a.fsimg.co.nz/product/retail/fan/image/master/5210055.png",
            "productDescription": "Product of New Zealand",
            "volume": "275mL",
            "multipack": {
                "quantity": "4"
            }
        },
        "priceData": {
            "bestPrice": "9.59",
            "price": "9.59",
            "pricePerLitre": 8.7,
            "bestPricePerLitre": 8.7
        },
        "store": {
            "id": "65201d94-8805-4be8-b1ba-f547d6bf7ecd",
            "name": "New World Taihape"
        }
    },
    {
        "productData": {
            "name": "V Blue Guarana Energy Drink 350ml",
            "productId": "5007492_ea_000",
            "productShopPage": "https://www.newworld.co.nz/shop/product/5007492_ea_000nw",
            "productImageURL": "https://a.fsimg.co.nz/product/retail/fan/image/master/5007492.png",
            "productDescription": "Buy 2 for $5.00.\n\n\nContains Caffeine, Wheat Derivatives.\n\nProduct of New Zealand",
            "volume": "350mL",
            "multipack": {
                "quantity": "1"
            }
        },
        "priceData": {
            "bestPrice": 2.5,
            "price": 2.0,
            "pricePerLitre": 5.714285714285714,
            "bestPricePerLitre": 7.142857142857143,
            "multiBuy": {
                "quantity": 2.0,
                "value": 5.0,
                "perUnit": 2.5
            }
        },
        "store": {
            "id": "65201d94-8805-4be8-b1ba-f547d6bf7ecd",
            "name": "New World Taihape"
        }
    },
    {
        "productData": {
            "name": "V Blue Energy Drink 500ml",
            "productId": "5020662_ea_000",
            "productShopPage": "https://www.newworld.co.nz/shop/product/5020662_ea_000nw",
            "productImageURL": "https://a.fsimg.co.nz/product/retail/fan/image/master/5020662.png",
            "productDescription": "Buy 2 for $5.00.\n\n\n\n\nProduct of New Zealand",
            "volume": "500mL",
            "multipack": {
                "quantity": "1"
            }
        },
        "priceData": {
            "bestPrice": 2.5,
            "price": 2.0,
            "pricePerLitre": 4.0,
            "bestPricePerLitre": 5.0,
            "multiBuy": {
                "quantity": 2.0,
                "value": 5.0,
                "perUnit": 2.5
            }
        },
        "store": {
            "id": "65201d94-8805-4be8-b1ba-f547d6bf7ecd",
            "name": "New World Taihape"
        }
    },
    {
        "productData": {
            "name": "V Blue Guarana Energy Drink 500ml",
            "productId": "5007494_ea_000",
            "productShopPage": "https://www.newworld.co.nz/shop/product/5007494_ea_000nw",
            "productImageURL": "https://a.fsimg.co.nz/product/retail/fan/image/master/5007494.png",
            "productDescription": "Contains Wheat Derivatives, Caffeine.\n\nProduct of New Zealand",
            "volume": "500mL",
            "multipack": {
                "quantity": "1"
            }
        },
        "priceData": {
            "bestPrice": "3.49",
            "price": "3.49",
            "pricePerLitre": 7.0,
            "bestPricePerLitre": 7.0
        },
        "store": {
            "id": "65201d94-8805-4be8-b1ba-f547d6bf7ecd",
            "name": "New World Taihape"
        }
    },
    {
        "productData": {
            "name": "Red Bull Energy Drink 473ml",
            "productId": "5005255_ea_000",
            "productShopPage": "https://www.newworld.co.nz/shop/product/5005255_ea_000nw",
            "productImageURL": "https://a.fsimg.co.nz/product/retail/fan/image/master/5005255.png",
            "productDescription": "Red Bull Energy Drink's special formula contains ingredients of high quality: Caffeine, Taurine, B-Group Vitamins, Sugars, Alpine Water.One 250ml can of Red Bull Energy Drinks contains 80 mg of caffeine, about the same amount as in a cup of home-brewed coffee.The amount of sugars in a can of Red Bull Energy Drink is comparable to the level of sugars in an equivalent amount of apple or orange juice – 11 g per 100ml.Red Bull cans are made of 100% recyclable aluminium.Red Bull Energy Drink 473ml canVitalizes Body and Mind.®RED BULL GIVES YOU WINGSInspired by functional drinks from the Far East, Dietrich Mateschitz founded Red Bull in the mid-1980s. He developed a new product and a unique marketing concept and launched Red Bull Energy Drink on April 1, 1987 in Austria. A brand new product category - Energy Drinks - was born.\n\nProduct of Imported",
            "volume": "473mL",
            "multipack": {
                "quantity": "1"
            }
        },
        "priceData": {
            "bestPrice": "3.79",
            "price": "3.79",
            "pricePerLitre": 8.0,
            "bestPricePerLitre": 8.0
        },
        "store": {
            "id": "65201d94-8805-4be8-b1ba-f547d6bf7ecd",
            "name": "New World Taihape"
        }
    },
    {
        "productData": {
            "name": "V Original Guarana Energy Drink 250ml",
            "productId": "5003151_ea_000",
            "productShopPage": "https://www.newworld.co.nz/shop/product/5003151_ea_000nw",
            "productImageURL": "https://a.fsimg.co.nz/product/retail/fan/image/master/5003151.png",
            "productDescription": "Contains Caffeine.\n\nProduct of New Zealand",
            "volume": "250mL",
            "multipack": {
                "quantity": "1"
            }
        },
        "priceData": {
            "bestPrice": "1.99",
            "price": "1.99",
            "pricePerLitre": 8.0,
            "bestPricePerLitre": 8.0
        },
        "store": {
            "id": "65201d94-8805-4be8-b1ba-f547d6bf7ecd",
            "name": "New World Taihape"
        }
    },
    {
        "productData": {
            "name": "Red Bull Energy Drink 250ml Cans 4pk",
            "productId": "5001443_ea_000",
            "productShopPage": "https://www.newworld.co.nz/shop/product/5001443_ea_000nw",
            "productImageURL": "https://a.fsimg.co.nz/product/retail/fan/image/master/5001443.png",
            "productDescription": "Red Bull Energy Drink's special formula contains ingredients of high quality: Caffeine, Taurine, B-Group Vitamins, Sugars, Alpine Water.One 250ml can of Red Bull Energy Drinks contains 80 mg of caffeine, about the same amount as in a cup of home-brewed coffee.The amount of sugars in a can of Red Bull Energy Drink is comparable to the level of sugars in an equivalent amount of apple or orange juice – 11 g per 100ml.Red Bull cans are made of 100% recyclable aluminium.Pack of four 250ml Red Bull Energy Drink cansVitalizes Body and Mind.®RED BULL GIVES YOU WINGSInspired by functional drinks from the Far East, Dietrich Mateschitz founded Red Bull in the mid-1980s. He developed a new product and a unique marketing concept and launched Red Bull Energy Drink on April 1, 1987 in Austria. A brand new product category - Energy Drinks - was born.",
            "volume": "250mL",
            "multipack": {
                "quantity": "4"
            }
        },
        "priceData": {
            "bestPrice": "8.59",
            "price": "8.59",
            "pricePerLitre": 8.6,
            "bestPricePerLitre": 8.6
        },
        "store": {
            "id": "65201d94-8805-4be8-b1ba-f547d6bf7ecd",
            "name": "New World Taihape"
        }
    },
    {
        "productData": {
            "name": "Lucozade Orange Energy Drink 380ml",
            "productId": "5009239_ea_000",
            "productShopPage": "https://www.newworld.co.nz/shop/product/5009239_ea_000nw",
            "productImageURL": "https://a.fsimg.co.nz/product/retail/fan/image/master/5009239.png",
            "productDescription": "Powered by Glucose.\n\nProduct of New Zealand",
            "volume": "380mL",
            "multipack": {
                "quantity": "1"
            }
        },
        "priceData": {
            "bestPrice": "2.69",
            "price": "2.69",
            "pricePerLitre": 7.08,
            "bestPricePerLitre": 7.08
        },
        "store": {
            "id": "65201d94-8805-4be8-b1ba-f547d6bf7ecd",
            "name": "New World Taihape"
        }
    },
    {
        "productData": {
            "name": "Rockstar Watermelon Freeze Energy Drink 500ml",
            "productId": "5257298_ea_000",
            "productShopPage": "https://www.newworld.co.nz/shop/product/5257298_ea_000nw",
            "productImageURL": "https://a.fsimg.co.nz/product/retail/fan/image/master/5257298.png",
            "productDescription": "Buy 3 for $5.00.\n\n\n\n\nProduct of New Zealand",
            "volume": "500mL",
            "multipack": {
                "quantity": "1"
            }
        },
        "priceData": {
            "bestPrice": 1.6666666666666667,
            "price": 1.0,
            "pricePerLitre": 2.0,
            "bestPricePerLitre": 3.3333333333333335,
            "multiBuy": {
                "quantity": 3.0,
                "value": 5.0,
                "perUnit": 1.6666666666666667
            }
        },
        "store": {
            "id": "65201d94-8805-4be8-b1ba-f547d6bf7ecd",
            "name": "New World Taihape"
        }
    },
    {
        "productData": {
            "name": "V Pure Natural Energy Drink Can 250ml",
            "productId": "5237735_ea_000",
            "productShopPage": "https://www.newworld.co.nz/shop/product/5237735_ea_000nw",
            "productImageURL": "https://a.fsimg.co.nz/product/retail/fan/image/master/5237735.png",
            "productDescription": "6 natural ingredients; Nothing artificial; Apple juice - Apple and lemon juice is reconstituted; Lemon juice - Apple and lemon juice is reconstituted\n\nProduct of New Zealand",
            "volume": "250mL",
            "multipack": {
                "quantity": "1"
            }
        },
        "priceData": {
            "bestPrice": "1.99",
            "price": "1.99",
            "pricePerLitre": 8.0,
            "bestPricePerLitre": 8.0
        },
        "store": {
            "id": "65201d94-8805-4be8-b1ba-f547d6bf7ecd",
            "name": "New World Taihape"
        }
    },
    {
        "productData": {
            "name": "Rockstar Original Energy Drink 500ml",
            "productId": "5215383_ea_000",
            "productShopPage": "https://www.newworld.co.nz/shop/product/5215383_ea_000nw",
            "productImageURL": "https://a.fsimg.co.nz/product/retail/fan/image/master/5215383.png",
            "productDescription": "Buy 3 for $5.00.\n\n\nCaffeine; B vitamins; Vitamin C; Taurine; Ginseng\n\nProduct of New Zealand",
            "volume": "500mL",
            "multipack": {
                "quantity": "1"
            }
        },
        "priceData": {
            "bestPrice": 1.6666666666666667,
            "price": 1.0,
            "pricePerLitre": 2.0,
            "bestPricePerLitre": 3.3333333333333335,
            "multiBuy": {
                "quantity": 3.0,
                "value": 5.0,
                "perUnit": 1.6666666666666667
            }
        },
        "store": {
            "id": "65201d94-8805-4be8-b1ba-f547d6bf7ecd",
            "name": "New World Taihape"
        }
    },
    {
        "productData": {
            "name": "Monster Mango Loco Energy Drink 500ml",
            "productId": "5242374_ea_000",
            "productShopPage": "https://www.newworld.co.nz/shop/product/5242374_ea_000nw",
            "productImageURL": "https://a.fsimg.co.nz/product/retail/fan/image/master/5242374.png",
            "productDescription": "Product of Imported",
            "volume": "500mL",
            "multipack": {
                "quantity": "1"
            }
        },
        "priceData": {
            "bestPrice": "2.99",
            "price": "2.99",
            "pricePerLitre": 6.0,
            "bestPricePerLitre": 6.0
        },
        "store": {
            "id": "65201d94-8805-4be8-b1ba-f547d6bf7ecd",
            "name": "New World Taihape"
        }
    },
    {
        "productData": {
            "name": "Monster Mule Energy Drink 500ml",
            "productId": "5269459_ea_000",
            "productShopPage": "https://www.newworld.co.nz/shop/product/5269459_ea_000nw",
            "productImageURL": "https://a.fsimg.co.nz/product/retail/fan/image/master/5269459.png",
            "productDescription": "Product of Imported",
            "volume": "500mL",
            "multipack": {
                "quantity": "1"
            }
        },
        "priceData": {
            "bestPrice": "2.99",
            "price": "2.99",
            "pricePerLitre": 6.0,
            "bestPricePerLitre": 6.0
        },
        "store": {
            "id": "65201d94-8805-4be8-b1ba-f547d6bf7ecd",
            "name": "New World Taihape"
        }
    },
    {
        "productData": {
            "name": "Monster Ultra Paradise Energy Drink 500ml",
            "productId": "5261257_ea_000",
            "productShopPage": "https://www.newworld.co.nz/shop/product/5261257_ea_000nw",
            "productImageURL": "https://a.fsimg.co.nz/product/retail/fan/image/master/5261257.png",
            "productDescription": "Product of Imported",
            "volume": "500mL",
            "multipack": {
                "quantity": "1"
            }
        },
        "priceData": {
            "bestPrice": "2.99",
            "price": "2.99",
            "pricePerLitre": 6.0,
            "bestPricePerLitre": 6.0
        },
        "store": {
            "id": "65201d94-8805-4be8-b1ba-f547d6bf7ecd",
            "name": "New World Taihape"
        }
    },
    {
        "productData": {
            "name": "V Energy Drink Green Cans 4pk",
            "productId": "5002893_ea_000",
            "productShopPage": "https://www.newworld.co.nz/shop/product/5002893_ea_000nw",
            "productImageURL": "https://a.fsimg.co.nz/product/retail/fan/image/master/5002893.png",
            "productDescription": "Limit 12 assorted.\n\n\nContains Caffeine.\n\nProduct of New Zealand",
            "volume": "250mL",
            "multipack": {
                "quantity": "4"
            }
        },
        "priceData": {
            "bestPrice": "5.99",
            "price": "5.99",
            "pricePerLitre": 5.99,
            "bestPricePerLitre": 5.99
        },
        "store": {
            "id": "65201d94-8805-4be8-b1ba-f547d6bf7ecd",
            "name": "New World Taihape"
        }
    },
    {
        "productData": {
            "name": "Monster Ultra Zero Drink 500ml",
            "productId": "5090618_ea_000",
            "productShopPage": "https://www.newworld.co.nz/shop/product/5090618_ea_000nw",
            "productImageURL": "https://a.fsimg.co.nz/product/retail/fan/image/master/5090618.png",
            "productDescription": "A little less sweet, lighter-tasting, zero calories, but with a full load of our Monster energy blend. Sure, white is the new black. Monster Energy Zero Ultra. Unleash the Ultra Beast!\n\nProduct of Imported",
            "volume": "500mL",
            "multipack": {
                "quantity": "1"
            }
        },
        "priceData": {
            "bestPrice": "2.99",
            "price": "2.99",
            "pricePerLitre": 6.0,
            "bestPricePerLitre": 6.0
        },
        "store": {
            "id": "65201d94-8805-4be8-b1ba-f547d6bf7ecd",
            "name": "New World Taihape"
        }
    },
    {
        "productData": {
            "name": "Monster Super Fuel Zero Sugar Energy Drink 550ml",
            "productId": "5284331_ea_000",
            "productShopPage": "https://www.newworld.co.nz/shop/product/5284331_ea_000nw",
            "productImageURL": "https://a.fsimg.co.nz/product/retail/fan/image/master/5284331.png",
            "productDescription": "Product of Imported",
            "volume": "550mL",
            "multipack": {
                "quantity": "1"
            }
        },
        "priceData": {
            "bestPrice": "3.49",
            "price": "3.49",
            "pricePerLitre": 6.345454545454546,
            "bestPricePerLitre": 6.345454545454546
        },
        "store": {
            "id": "65201d94-8805-4be8-b1ba-f547d6bf7ecd",
            "name": "New World Taihape"
        }
    },
    {
        "productData": {
            "name": "Mother Energy Drink Can 500ml",
            "productId": "5011153_ea_000",
            "productShopPage": "https://www.newworld.co.nz/shop/product/5011153_ea_000nw",
            "productImageURL": "https://a.fsimg.co.nz/product/retail/fan/image/master/5011153.png",
            "productDescription": "Contains Caffeine.\n\nProduct of New Zealand",
            "volume": "500mL",
            "multipack": {
                "quantity": "1"
            }
        },
        "priceData": {
            "bestPrice": "1.99",
            "price": "1.99",
            "pricePerLitre": 4.0,
            "bestPricePerLitre": 4.0
        },
        "store": {
            "id": "65201d94-8805-4be8-b1ba-f547d6bf7ecd",
            "name": "New World Taihape"
        }
    },
    {
        "productData": {
            "name": "Monster Super Fuel Purple Passion Energy Drink 550ml",
            "productId": "5284332_ea_000",
            "productShopPage": "https://www.newworld.co.nz/shop/product/5284332_ea_000nw",
            "productImageURL": "https://a.fsimg.co.nz/product/retail/fan/image/master/5284332.png",
            "productDescription": "Product of Imported",
            "volume": "550mL",
            "multipack": {
                "quantity": "1"
            }
        },
        "priceData": {
            "bestPrice": "3.49",
            "price": "3.49",
            "pricePerLitre": 6.345454545454546,
            "bestPricePerLitre": 6.345454545454546
        },
        "store": {
            "id": "65201d94-8805-4be8-b1ba-f547d6bf7ecd",
            "name": "New World Taihape"
        }
    },
    {
        "productData": {
            "name": "Monster Pipeline Punch Energy Drink 500ml",
            "productId": "5242373_ea_000",
            "productShopPage": "https://www.newworld.co.nz/shop/product/5242373_ea_000nw",
            "productImageURL": "https://a.fsimg.co.nz/product/retail/fan/image/master/5242373.png",
            "productDescription": "Product of Imported",
            "volume": "500mL",
            "multipack": {
                "quantity": "1"
            }
        },
        "priceData": {
            "bestPrice": "2.99",
            "price": "2.99",
            "pricePerLitre": 6.0,
            "bestPricePerLitre": 6.0
        },
        "store": {
            "id": "65201d94-8805-4be8-b1ba-f547d6bf7ecd",
            "name": "New World Taihape"
        }
    },
    {
        "productData": {
            "name": "Monster Energy Drink 500ml",
            "productId": "5007647_ea_000",
            "productShopPage": "https://www.newworld.co.nz/shop/product/5007647_ea_000nw",
            "productImageURL": "https://a.fsimg.co.nz/product/retail/fan/image/master/5007647.png",
            "productDescription": "Contains Caffeine.\n\nProduct of Imported",
            "volume": "500mL",
            "multipack": {
                "quantity": "1"
            }
        },
        "priceData": {
            "bestPrice": "2.99",
            "price": "2.99",
            "pricePerLitre": 6.0,
            "bestPricePerLitre": 6.0
        },
        "store": {
            "id": "65201d94-8805-4be8-b1ba-f547d6bf7ecd",
            "name": "New World Taihape"
        }
    },
    {
        "productData": {
            "name": "V Sugarfree Guarana Energy Drink 500ml",
            "productId": "5007644_ea_000",
            "productShopPage": "https://www.newworld.co.nz/shop/product/5007644_ea_000nw",
            "productImageURL": "https://a.fsimg.co.nz/product/retail/fan/image/master/5007644.png",
            "productDescription": "Sugar Free.\n\nProduct of New Zealand",
            "volume": "500mL",
            "multipack": {
                "quantity": "1"
            }
        },
        "priceData": {
            "bestPrice": "3.49",
            "price": "3.49",
            "pricePerLitre": 7.0,
            "bestPricePerLitre": 7.0
        },
        "store": {
            "id": "65201d94-8805-4be8-b1ba-f547d6bf7ecd",
            "name": "New World Taihape"
        }
    },
    {
        "productData": {
            "name": "V Original Guarana Energy Drink 500ml",
            "productId": "5004703_ea_000",
            "productShopPage": "https://www.newworld.co.nz/shop/product/5004703_ea_000nw",
            "productImageURL": "https://a.fsimg.co.nz/product/retail/fan/image/master/5004703.png",
            "productDescription": "Contains Caffeine.\n\nProduct of New Zealand",
            "volume": "500mL",
            "multipack": {
                "quantity": "1"
            }
        },
        "priceData": {
            "bestPrice": "3.49",
            "price": "3.49",
            "pricePerLitre": 7.0,
            "bestPricePerLitre": 7.0
        },
        "store": {
            "id": "65201d94-8805-4be8-b1ba-f547d6bf7ecd",
            "name": "New World Taihape"
        }
    },
    {
        "productData": {
            "name": "V Original Guarana Energy Drink 500ml",
            "productId": "5007441_ea_000",
            "productShopPage": "https://www.newworld.co.nz/shop/product/5007441_ea_000nw",
            "productImageURL": "https://a.fsimg.co.nz/product/retail/fan/image/master/5007441.png",
            "productDescription": "Buy 2 for $5.00.\n\n\nContains Wheat Derivatives, Caffeine.\n\nProduct of New Zealand",
            "volume": "500mL",
            "multipack": {
                "quantity": "1"
            }
        },
        "priceData": {
            "bestPrice": 2.5,
            "price": 2.0,
            "pricePerLitre": 4.0,
            "bestPricePerLitre": 5.0,
            "multiBuy": {
                "quantity": 2.0,
                "value": 5.0,
                "perUnit": 2.5
            }
        },
        "store": {
            "id": "65201d94-8805-4be8-b1ba-f547d6bf7ecd",
            "name": "New World Taihape"
        }
    },
    {
        "productData": {
            "name": "V Blue Guarana Energy Drink 10pk",
            "productId": "5290181_ea_000",
            "productShopPage": "https://www.newworld.co.nz/shop/product/5290181_ea_000nw",
            "productImageURL": "https://a.fsimg.co.nz/product/retail/fan/image/master/5290181.png",
            "productDescription": "Product of New Zealand",
            "volume": "250mL",
            "multipack": {
                "quantity": "10"
            }
        },
        "priceData": {
            "bestPrice": "17.99",
            "price": "17.99",
            "pricePerLitre": 7.2,
            "bestPricePerLitre": 7.2
        },
        "store": {
            "id": "59b56cc6-645c-4fa8-836b-c667662d7ec4",
            "name": "New World Pioneer"
        }
    },
    {
        "productData": {
            "name": "V Blue Guarana Energy Drink 250ml",
            "productId": "5007495_ea_000",
            "productShopPage": "https://www.newworld.co.nz/shop/product/5007495_ea_000nw",
            "productImageURL": "https://a.fsimg.co.nz/product/retail/fan/image/master/5007495.png",
            "productDescription": "Contains Caffeine, Wheat Derivatives.\n\nProduct of New Zealand",
            "volume": "250mL",
            "multipack": {
                "quantity": "1"
            }
        },
        "priceData": {
            "bestPrice": "1.99",
            "price": "1.99",
            "pricePerLitre": 8.0,
            "bestPricePerLitre": 8.0
        },
        "store": {
            "id": "59b56cc6-645c-4fa8-836b-c667662d7ec4",
            "name": "New World Pioneer"
        }
    },
    {
        "productData": {
            "name": "V Sugarfree Blue Guarana Energy Drink 4pk",
            "productId": "5289891_ea_000",
            "productShopPage": "https://www.newworld.co.nz/shop/product/5289891_ea_000nw",
            "productImageURL": "https://a.fsimg.co.nz/product/retail/fan/image/master/5289891.png",
            "productDescription": "Limit 12 assorted.\n\n\n\n\nProduct of New Zealand",
            "volume": "250mL",
            "multipack": {
                "quantity": "4"
            }
        },
        "priceData": {
            "bestPrice": "5.99",
            "price": "5.99",
            "pricePerLitre": 5.99,
            "bestPricePerLitre": 5.99
        },
        "store": {
            "id": "59b56cc6-645c-4fa8-836b-c667662d7ec4",
            "name": "New World Pioneer"
        }
    },
    {
        "productData": {
            "name": "V Sugarfree Guarana Energy Drink 250ml",
            "productId": "5001639_ea_000",
            "productShopPage": "https://www.newworld.co.nz/shop/product/5001639_ea_000nw",
            "productImageURL": "https://a.fsimg.co.nz/product/retail/fan/image/master/5001639.png",
            "productDescription": "Sugar Free. Contains Caffeine.\n\nProduct of New Zealand",
            "volume": "250mL",
            "multipack": {
                "quantity": "1"
            }
        },
        "priceData": {
            "bestPrice": "1.99",
            "price": "1.99",
            "pricePerLitre": 8.0,
            "bestPricePerLitre": 8.0
        },
        "store": {
            "id": "59b56cc6-645c-4fa8-836b-c667662d7ec4",
            "name": "New World Pioneer"
        }
    },
    {
        "productData": {
            "name": "V Sugarfree Guarana Energy Drink 10pk",
            "productId": "5289890_ea_000",
            "productShopPage": "https://www.newworld.co.nz/shop/product/5289890_ea_000nw",
            "productImageURL": "https://a.fsimg.co.nz/product/retail/fan/image/master/5289890.png",
            "productDescription": "Product of New Zealand",
            "volume": "",
            "multipack": {
                "quantity": ""
            }
        },
        "priceData": {
            "bestPrice": "17.99",
            "price": "17.99",
            "pricePerLitre": 72.0,
            "bestPricePerLitre": 72.0
        },
        "store": {
            "id": "59b56cc6-645c-4fa8-836b-c667662d7ec4",
            "name": "New World Pioneer"
        }
    },
    {
        "productData": {
            "name": "Live Plus Ascend Energy Drink 250ml",
            "productId": "5236675_ea_000",
            "productShopPage": "https://www.newworld.co.nz/shop/product/5236675_ea_000nw",
            "productImageURL": "https://a.fsimg.co.nz/product/retail/fan/image/master/5236675.png",
            "productDescription": "Limit 12 assorted.\n\n\n\n\nProduct of New Zealand",
            "volume": "",
            "multipack": {
                "quantity": ""
            }
        },
        "priceData": {
            "bestPrice": "0.99",
            "price": "0.99"
        },
        "store": {
            "id": "59b56cc6-645c-4fa8-836b-c667662d7ec4",
            "name": "New World Pioneer"
        }
    },
    {
        "productData": {
            "name": "Monster Energy Drink 550ml",
            "productId": "5007646_ea_000",
            "productShopPage": "https://www.newworld.co.nz/shop/product/5007646_ea_000nw",
            "productImageURL": "https://a.fsimg.co.nz/product/retail/fan/image/master/5007646.png",
            "productDescription": "Contains Caffeine.\n\nProduct of Imported",
            "volume": "550mL",
            "multipack": {
                "quantity": "1"
            }
        },
        "priceData": {
            "bestPrice": "3.69",
            "price": "3.69",
            "pricePerLitre": 6.7,
            "bestPricePerLitre": 6.7
        },
        "store": {
            "id": "59b56cc6-645c-4fa8-836b-c667662d7ec4",
            "name": "New World Pioneer"
        }
    },
    {
        "productData": {
            "name": "Live Plus Persist Energy Drink 250ml",
            "productId": "5236678_ea_000",
            "productShopPage": "https://www.newworld.co.nz/shop/product/5236678_ea_000nw",
            "productImageURL": "https://a.fsimg.co.nz/product/retail/fan/image/master/5236678.png",
            "productDescription": "Limit 12 assorted.\n\n\n\n\nProduct of New Zealand",
            "volume": "",
            "multipack": {
                "quantity": ""
            }
        },
        "priceData": {
            "bestPrice": "0.99",
            "price": "0.99"
        },
        "store": {
            "id": "59b56cc6-645c-4fa8-836b-c667662d7ec4",
            "name": "New World Pioneer"
        }
    },
    {
        "productData": {
            "name": "V Green Guarana Energy Drink 10pk",
            "productId": "5289889_ea_000",
            "productShopPage": "https://www.newworld.co.nz/shop/product/5289889_ea_000nw",
            "productImageURL": "https://a.fsimg.co.nz/product/retail/fan/image/master/5289889.png",
            "productDescription": "Product of New Zealand",
            "volume": "250mL",
            "multipack": {
                "quantity": "10"
            }
        },
        "priceData": {
            "bestPrice": "17.99",
            "price": "17.99",
            "pricePerLitre": 7.2,
            "bestPricePerLitre": 7.2
        },
        "store": {
            "id": "59b56cc6-645c-4fa8-836b-c667662d7ec4",
            "name": "New World Pioneer"
        }
    },
    {
        "productData": {
            "name": "V Sugarfree Blue Guarana Energy Drink 500ml",
            "productId": "5283362_ea_000",
            "productShopPage": "https://www.newworld.co.nz/shop/product/5283362_ea_000nw",
            "productImageURL": "https://a.fsimg.co.nz/product/retail/fan/image/master/5283362.png",
            "productDescription": "Sugar free\n\nProduct of New Zealand",
            "volume": "500mL",
            "multipack": {
                "quantity": "1"
            }
        },
        "priceData": {
            "bestPrice": "3.49",
            "price": "3.49",
            "pricePerLitre": 7.0,
            "bestPricePerLitre": 7.0
        },
        "store": {
            "id": "59b56cc6-645c-4fa8-836b-c667662d7ec4",
            "name": "New World Pioneer"
        }
    },
    {
        "productData": {
            "name": "V Original Guarana Energy Drink 350ml",
            "productId": "5003156_ea_000",
            "productShopPage": "https://www.newworld.co.nz/shop/product/5003156_ea_000nw",
            "productImageURL": "https://a.fsimg.co.nz/product/retail/fan/image/master/5003156.png",
            "productDescription": "Buy 2 for $5.00.\n\n\nContains Caffeine.\n\nProduct of New Zealand",
            "volume": "350mL",
            "multipack": {
                "quantity": "1"
            }
        },
        "priceData": {
            "bestPrice": 2.5,
            "price": 2.0,
            "pricePerLitre": 5.714285714285714,
            "bestPricePerLitre": 7.142857142857143,
            "multiBuy": {
                "quantity": 2.0,
                "value": 5.0,
                "perUnit": 2.5
            }
        },
        "store": {
            "id": "59b56cc6-645c-4fa8-836b-c667662d7ec4",
            "name": "New World Pioneer"
        }
    },
    {
        "productData": {
            "name": "V Blue Guarana Energy Drink 4pk",
            "productId": "5210055_ea_000",
            "productShopPage": "https://www.newworld.co.nz/shop/product/5210055_ea_000nw",
            "productImageURL": "https://a.fsimg.co.nz/product/retail/fan/image/master/5210055.png",
            "productDescription": "Product of New Zealand",
            "volume": "275mL",
            "multipack": {
                "quantity": "4"
            }
        },
        "priceData": {
            "bestPrice": "9.19",
            "price": "9.19",
            "pricePerLitre": 8.4,
            "bestPricePerLitre": 8.4
        },
        "store": {
            "id": "59b56cc6-645c-4fa8-836b-c667662d7ec4",
            "name": "New World Pioneer"
        }
    },
    {
        "productData": {
            "name": "V Blue Guarana Energy Drink 350ml",
            "productId": "5007492_ea_000",
            "productShopPage": "https://www.newworld.co.nz/shop/product/5007492_ea_000nw",
            "productImageURL": "https://a.fsimg.co.nz/product/retail/fan/image/master/5007492.png",
            "productDescription": "Buy 2 for $5.00.\n\n\nContains Caffeine, Wheat Derivatives.\n\nProduct of New Zealand",
            "volume": "350mL",
            "multipack": {
                "quantity": "1"
            }
        },
        "priceData": {
            "bestPrice": 2.5,
            "price": 2.0,
            "pricePerLitre": 5.714285714285714,
            "bestPricePerLitre": 7.142857142857143,
            "multiBuy": {
                "quantity": 2.0,
                "value": 5.0,
                "perUnit": 2.5
            }
        },
        "store": {
            "id": "59b56cc6-645c-4fa8-836b-c667662d7ec4",
            "name": "New World Pioneer"
        }
    },
    {
        "productData": {
            "name": "V Blue Energy Drink 500ml",
            "productId": "5020662_ea_000",
            "productShopPage": "https://www.newworld.co.nz/shop/product/5020662_ea_000nw",
            "productImageURL": "https://a.fsimg.co.nz/product/retail/fan/image/master/5020662.png",
            "productDescription": "Buy 2 for $5.00.\n\n\n\n\nProduct of New Zealand",
            "volume": "500mL",
            "multipack": {
                "quantity": "1"
            }
        },
        "priceData": {
            "bestPrice": 2.5,
            "price": 2.0,
            "pricePerLitre": 4.0,
            "bestPricePerLitre": 5.0,
            "multiBuy": {
                "quantity": 2.0,
                "value": 5.0,
                "perUnit": 2.5
            }
        },
        "store": {
            "id": "59b56cc6-645c-4fa8-836b-c667662d7ec4",
            "name": "New World Pioneer"
        }
    },
    {
        "productData": {
            "name": "V Blue Guarana Energy Drink 500ml",
            "productId": "5007494_ea_000",
            "productShopPage": "https://www.newworld.co.nz/shop/product/5007494_ea_000nw",
            "productImageURL": "https://a.fsimg.co.nz/product/retail/fan/image/master/5007494.png",
            "productDescription": "Contains Wheat Derivatives, Caffeine.\n\nProduct of New Zealand",
            "volume": "500mL",
            "multipack": {
                "quantity": "1"
            }
        },
        "priceData": {
            "bestPrice": "3.49",
            "price": "3.49",
            "pricePerLitre": 7.0,
            "bestPricePerLitre": 7.0
        },
        "store": {
            "id": "59b56cc6-645c-4fa8-836b-c667662d7ec4",
            "name": "New World Pioneer"
        }
    },
    {
        "productData": {
            "name": "Red Bull Energy Drink 473ml",
            "productId": "5005255_ea_000",
            "productShopPage": "https://www.newworld.co.nz/shop/product/5005255_ea_000nw",
            "productImageURL": "https://a.fsimg.co.nz/product/retail/fan/image/master/5005255.png",
            "productDescription": "Red Bull Energy Drink's special formula contains ingredients of high quality: Caffeine, Taurine, B-Group Vitamins, Sugars, Alpine Water.One 250ml can of Red Bull Energy Drinks contains 80 mg of caffeine, about the same amount as in a cup of home-brewed coffee.The amount of sugars in a can of Red Bull Energy Drink is comparable to the level of sugars in an equivalent amount of apple or orange juice – 11 g per 100ml.Red Bull cans are made of 100% recyclable aluminium.Red Bull Energy Drink 473ml canVitalizes Body and Mind.®RED BULL GIVES YOU WINGSInspired by functional drinks from the Far East, Dietrich Mateschitz founded Red Bull in the mid-1980s. He developed a new product and a unique marketing concept and launched Red Bull Energy Drink on April 1, 1987 in Austria. A brand new product category - Energy Drinks - was born.\n\nProduct of Imported",
            "volume": "473mL",
            "multipack": {
                "quantity": "1"
            }
        },
        "priceData": {
            "bestPrice": "3.59",
            "price": "3.59",
            "pricePerLitre": 7.6,
            "bestPricePerLitre": 7.6
        },
        "store": {
            "id": "59b56cc6-645c-4fa8-836b-c667662d7ec4",
            "name": "New World Pioneer"
        }
    },
    {
        "productData": {
            "name": "V Original Guarana Energy Drink 250ml",
            "productId": "5003151_ea_000",
            "productShopPage": "https://www.newworld.co.nz/shop/product/5003151_ea_000nw",
            "productImageURL": "https://a.fsimg.co.nz/product/retail/fan/image/master/5003151.png",
            "productDescription": "Contains Caffeine.\n\nProduct of New Zealand",
            "volume": "250mL",
            "multipack": {
                "quantity": "1"
            }
        },
        "priceData": {
            "bestPrice": "1.99",
            "price": "1.99",
            "pricePerLitre": 8.0,
            "bestPricePerLitre": 8.0
        },
        "store": {
            "id": "59b56cc6-645c-4fa8-836b-c667662d7ec4",
            "name": "New World Pioneer"
        }
    },
    {
        "productData": {
            "name": "Red Bull Energy Drink 250ml Cans 4pk",
            "productId": "5001443_ea_000",
            "productShopPage": "https://www.newworld.co.nz/shop/product/5001443_ea_000nw",
            "productImageURL": "https://a.fsimg.co.nz/product/retail/fan/image/master/5001443.png",
            "productDescription": "Red Bull Energy Drink's special formula contains ingredients of high quality: Caffeine, Taurine, B-Group Vitamins, Sugars, Alpine Water.One 250ml can of Red Bull Energy Drinks contains 80 mg of caffeine, about the same amount as in a cup of home-brewed coffee.The amount of sugars in a can of Red Bull Energy Drink is comparable to the level of sugars in an equivalent amount of apple or orange juice – 11 g per 100ml.Red Bull cans are made of 100% recyclable aluminium.Pack of four 250ml Red Bull Energy Drink cansVitalizes Body and Mind.®RED BULL GIVES YOU WINGSInspired by functional drinks from the Far East, Dietrich Mateschitz founded Red Bull in the mid-1980s. He developed a new product and a unique marketing concept and launched Red Bull Energy Drink on April 1, 1987 in Austria. A brand new product category - Energy Drinks - was born.",
            "volume": "250mL",
            "multipack": {
                "quantity": "4"
            }
        },
        "priceData": {
            "bestPrice": "8.29",
            "price": "8.29",
            "pricePerLitre": 8.299999999999999,
            "bestPricePerLitre": 8.299999999999999
        },
        "store": {
            "id": "59b56cc6-645c-4fa8-836b-c667662d7ec4",
            "name": "New World Pioneer"
        }
    },
    {
        "productData": {
            "name": "Lucozade Orange Energy Drink 380ml",
            "productId": "5009239_ea_000",
            "productShopPage": "https://www.newworld.co.nz/shop/product/5009239_ea_000nw",
            "productImageURL": "https://a.fsimg.co.nz/product/retail/fan/image/master/5009239.png",
            "productDescription": "Powered by Glucose.\n\nProduct of New Zealand",
            "volume": "380mL",
            "multipack": {
                "quantity": "1"
            }
        },
        "priceData": {
            "bestPrice": "2.69",
            "price": "2.69",
            "pricePerLitre": 7.08,
            "bestPricePerLitre": 7.08
        },
        "store": {
            "id": "59b56cc6-645c-4fa8-836b-c667662d7ec4",
            "name": "New World Pioneer"
        }
    },
    {
        "productData": {
            "name": "Lucozade Original Energy Drink 380ml",
            "productId": "5009240_ea_000",
            "productShopPage": "https://www.newworld.co.nz/shop/product/5009240_ea_000nw",
            "productImageURL": "https://a.fsimg.co.nz/product/retail/fan/image/master/5009240.png",
            "productDescription": "Energy from Glucose.\n\nProduct of New Zealand",
            "volume": "380mL",
            "multipack": {
                "quantity": "1"
            }
        },
        "priceData": {
            "bestPrice": "2.69",
            "price": "2.69",
            "pricePerLitre": 7.08,
            "bestPricePerLitre": 7.08
        },
        "store": {
            "id": "59b56cc6-645c-4fa8-836b-c667662d7ec4",
            "name": "New World Pioneer"
        }
    },
    {
        "productData": {
            "name": "V Raspberry Lemonade Guarana Energy Drink 4pk",
            "productId": "5289907_ea_000",
            "productShopPage": "https://www.newworld.co.nz/shop/product/5289907_ea_000nw",
            "productImageURL": "https://a.fsimg.co.nz/product/retail/fan/image/master/5289907.png",
            "productDescription": "Limit 12 assorted.\n\n\n\n\nProduct of New Zealand",
            "volume": "250mL",
            "multipack": {
                "quantity": "4"
            }
        },
        "priceData": {
            "bestPrice": "5.99",
            "price": "5.99",
            "pricePerLitre": 5.99,
            "bestPricePerLitre": 5.99
        },
        "store": {
            "id": "59b56cc6-645c-4fa8-836b-c667662d7ec4",
            "name": "New World Pioneer"
        }
    },
    {
        "productData": {
            "name": "V Raspberry Lemonade Can 500ml",
            "productId": "5264523_ea_000",
            "productShopPage": "https://www.newworld.co.nz/shop/product/5264523_ea_000nw",
            "productImageURL": "https://a.fsimg.co.nz/product/retail/fan/image/master/5264523.png",
            "productDescription": "Product of New Zealand",
            "volume": "500mL",
            "multipack": {
                "quantity": "1"
            }
        },
        "priceData": {
            "bestPrice": "3.49",
            "price": "3.49",
            "pricePerLitre": 7.0,
            "bestPricePerLitre": 7.0
        },
        "store": {
            "id": "59b56cc6-645c-4fa8-836b-c667662d7ec4",
            "name": "New World Pioneer"
        }
    },
    {
        "productData": {
            "name": "Monster Zero Sugar Ultra Rosa Energy Drink 500ml",
            "productId": "5278094_ea_000",
            "productShopPage": "https://www.newworld.co.nz/shop/product/5278094_ea_000nw",
            "productImageURL": "https://a.fsimg.co.nz/product/retail/fan/image/master/5278094.png",
            "productDescription": "Product of Imported",
            "volume": "500mL",
            "multipack": {
                "quantity": "1"
            }
        },
        "priceData": {
            "bestPrice": "2.99",
            "price": "2.99",
            "pricePerLitre": 6.0,
            "bestPricePerLitre": 6.0
        },
        "store": {
            "id": "59b56cc6-645c-4fa8-836b-c667662d7ec4",
            "name": "New World Pioneer"
        }
    },
    {
        "productData": {
            "name": "Monster Ultra Paradise Energy Drink 500ml",
            "productId": "5261257_ea_000",
            "productShopPage": "https://www.newworld.co.nz/shop/product/5261257_ea_000nw",
            "productImageURL": "https://a.fsimg.co.nz/product/retail/fan/image/master/5261257.png",
            "productDescription": "Product of Imported",
            "volume": "500mL",
            "multipack": {
                "quantity": "1"
            }
        },
        "priceData": {
            "bestPrice": "2.99",
            "price": "2.99",
            "pricePerLitre": 6.0,
            "bestPricePerLitre": 6.0
        },
        "store": {
            "id": "59b56cc6-645c-4fa8-836b-c667662d7ec4",
            "name": "New World Pioneer"
        }
    },
    {
        "productData": {
            "name": "Monster Ultra Zero Drink 500ml",
            "productId": "5090618_ea_000",
            "productShopPage": "https://www.newworld.co.nz/shop/product/5090618_ea_000nw",
            "productImageURL": "https://a.fsimg.co.nz/product/retail/fan/image/master/5090618.png",
            "productDescription": "A little less sweet, lighter-tasting, zero calories, but with a full load of our Monster energy blend. Sure, white is the new black. Monster Energy Zero Ultra. Unleash the Ultra Beast!\n\nProduct of Imported",
            "volume": "500mL",
            "multipack": {
                "quantity": "1"
            }
        },
        "priceData": {
            "bestPrice": "2.99",
            "price": "2.99",
            "pricePerLitre": 6.0,
            "bestPricePerLitre": 6.0
        },
        "store": {
            "id": "59b56cc6-645c-4fa8-836b-c667662d7ec4",
            "name": "New World Pioneer"
        }
    },
    {
        "productData": {
            "name": "Monster Super Fuel Zero Sugar Energy Drink 550ml",
            "productId": "5284331_ea_000",
            "productShopPage": "https://www.newworld.co.nz/shop/product/5284331_ea_000nw",
            "productImageURL": "https://a.fsimg.co.nz/product/retail/fan/image/master/5284331.png",
            "productDescription": "Product of Imported",
            "volume": "550mL",
            "multipack": {
                "quantity": "1"
            }
        },
        "priceData": {
            "bestPrice": "3.49",
            "price": "3.49",
            "pricePerLitre": 6.345454545454546,
            "bestPricePerLitre": 6.345454545454546
        },
        "store": {
            "id": "59b56cc6-645c-4fa8-836b-c667662d7ec4",
            "name": "New World Pioneer"
        }
    },
    {
        "productData": {
            "name": "Mother Energy Drink Can 500ml",
            "productId": "5011153_ea_000",
            "productShopPage": "https://www.newworld.co.nz/shop/product/5011153_ea_000nw",
            "productImageURL": "https://a.fsimg.co.nz/product/retail/fan/image/master/5011153.png",
            "productDescription": "Contains Caffeine.\n\nProduct of New Zealand",
            "volume": "500mL",
            "multipack": {
                "quantity": "1"
            }
        },
        "priceData": {
            "bestPrice": "1.99",
            "price": "1.99",
            "pricePerLitre": 4.0,
            "bestPricePerLitre": 4.0
        },
        "store": {
            "id": "59b56cc6-645c-4fa8-836b-c667662d7ec4",
            "name": "New World Pioneer"
        }
    },
    {
        "productData": {
            "name": "Monster Super Fuel Purple Passion Energy Drink 550ml",
            "productId": "5284332_ea_000",
            "productShopPage": "https://www.newworld.co.nz/shop/product/5284332_ea_000nw",
            "productImageURL": "https://a.fsimg.co.nz/product/retail/fan/image/master/5284332.png",
            "productDescription": "Product of Imported",
            "volume": "550mL",
            "multipack": {
                "quantity": "1"
            }
        },
        "priceData": {
            "bestPrice": "3.49",
            "price": "3.49",
            "pricePerLitre": 6.345454545454546,
            "bestPricePerLitre": 6.345454545454546
        },
        "store": {
            "id": "59b56cc6-645c-4fa8-836b-c667662d7ec4",
            "name": "New World Pioneer"
        }
    },
    {
        "productData": {
            "name": "Mother Energy Drink Can 6pk",
            "productId": "5009490_ea_000",
            "productShopPage": "https://www.newworld.co.nz/shop/product/5009490_ea_000nw",
            "productImageURL": "https://a.fsimg.co.nz/product/retail/fan/image/master/5009490.png",
            "productDescription": "Contains Caffeine.\n\nProduct of New Zealand",
            "volume": "250mL",
            "multipack": {
                "quantity": "6"
            }
        },
        "priceData": {
            "bestPrice": "7.49",
            "price": "7.49",
            "pricePerLitre": 5.0,
            "bestPricePerLitre": 5.0
        },
        "store": {
            "id": "59b56cc6-645c-4fa8-836b-c667662d7ec4",
            "name": "New World Pioneer"
        }
    },
    {
        "productData": {
            "name": "Monster Energy Drink 500ml",
            "productId": "5007647_ea_000",
            "productShopPage": "https://www.newworld.co.nz/shop/product/5007647_ea_000nw",
            "productImageURL": "https://a.fsimg.co.nz/product/retail/fan/image/master/5007647.png",
            "productDescription": "Contains Caffeine.\n\nProduct of Imported",
            "volume": "500mL",
            "multipack": {
                "quantity": "1"
            }
        },
        "priceData": {
            "bestPrice": "2.99",
            "price": "2.99",
            "pricePerLitre": 6.0,
            "bestPricePerLitre": 6.0
        },
        "store": {
            "id": "59b56cc6-645c-4fa8-836b-c667662d7ec4",
            "name": "New World Pioneer"
        }
    },
    {
        "productData": {
            "name": "V Sugarfree Guarana Energy Drink 500ml",
            "productId": "5007644_ea_000",
            "productShopPage": "https://www.newworld.co.nz/shop/product/5007644_ea_000nw",
            "productImageURL": "https://a.fsimg.co.nz/product/retail/fan/image/master/5007644.png",
            "productDescription": "Sugar Free.\n\nProduct of New Zealand",
            "volume": "500mL",
            "multipack": {
                "quantity": "1"
            }
        },
        "priceData": {
            "bestPrice": "3.49",
            "price": "3.49",
            "pricePerLitre": 7.0,
            "bestPricePerLitre": 7.0
        },
        "store": {
            "id": "59b56cc6-645c-4fa8-836b-c667662d7ec4",
            "name": "New World Pioneer"
        }
    },
    {
        "productData": {
            "name": "V Original Guarana Energy Drink 500ml",
            "productId": "5004703_ea_000",
            "productShopPage": "https://www.newworld.co.nz/shop/product/5004703_ea_000nw",
            "productImageURL": "https://a.fsimg.co.nz/product/retail/fan/image/master/5004703.png",
            "productDescription": "Contains Caffeine.\n\nProduct of New Zealand",
            "volume": "500mL",
            "multipack": {
                "quantity": "1"
            }
        },
        "priceData": {
            "bestPrice": "3.49",
            "price": "3.49",
            "pricePerLitre": 7.0,
            "bestPricePerLitre": 7.0
        },
        "store": {
            "id": "59b56cc6-645c-4fa8-836b-c667662d7ec4",
            "name": "New World Pioneer"
        }
    },
    {
        "productData": {
            "name": "V Original Guarana Energy Drink 500ml",
            "productId": "5007441_ea_000",
            "productShopPage": "https://www.newworld.co.nz/shop/product/5007441_ea_000nw",
            "productImageURL": "https://a.fsimg.co.nz/product/retail/fan/image/master/5007441.png",
            "productDescription": "Buy 2 for $5.00.\n\n\nContains Wheat Derivatives, Caffeine.\n\nProduct of New Zealand",
            "volume": "500mL",
            "multipack": {
                "quantity": "1"
            }
        },
        "priceData": {
            "bestPrice": 2.5,
            "price": 2.0,
            "pricePerLitre": 4.0,
            "bestPricePerLitre": 5.0,
            "multiBuy": {
                "quantity": 2.0,
                "value": 5.0,
                "perUnit": 2.5
            }
        },
        "store": {
            "id": "59b56cc6-645c-4fa8-836b-c667662d7ec4",
            "name": "New World Pioneer"
        }
    },
    {
        "productData": {
            "name": "V Blue Guarana Energy Drink 10pk",
            "productId": "5290181_ea_000",
            "productShopPage": "https://www.newworld.co.nz/shop/product/5290181_ea_000nw",
            "productImageURL": "https://a.fsimg.co.nz/product/retail/fan/image/master/5290181.png",
            "productDescription": "Product of New Zealand",
            "volume": "250mL",
            "multipack": {
                "quantity": "10"
            }
        },
        "priceData": {
            "bestPrice": "17.99",
            "price": "17.99",
            "pricePerLitre": 7.2,
            "bestPricePerLitre": 7.2
        },
        "store": {
            "id": "692b45a2-2ab9-49de-adc3-e4a0ddd661a5",
            "name": "New World Silverstream"
        }
    },
    {
        "productData": {
            "name": "V Blue Guarana Energy Drink 250ml",
            "productId": "5007495_ea_000",
            "productShopPage": "https://www.newworld.co.nz/shop/product/5007495_ea_000nw",
            "productImageURL": "https://a.fsimg.co.nz/product/retail/fan/image/master/5007495.png",
            "productDescription": "Contains Caffeine, Wheat Derivatives.\n\nProduct of New Zealand",
            "volume": "250mL",
            "multipack": {
                "quantity": "1"
            }
        },
        "priceData": {
            "bestPrice": "1.99",
            "price": "1.99",
            "pricePerLitre": 8.0,
            "bestPricePerLitre": 8.0
        },
        "store": {
            "id": "692b45a2-2ab9-49de-adc3-e4a0ddd661a5",
            "name": "New World Silverstream"
        }
    },
    {
        "productData": {
            "name": "V Sugarfree Guarana Energy Drink 250ml",
            "productId": "5001639_ea_000",
            "productShopPage": "https://www.newworld.co.nz/shop/product/5001639_ea_000nw",
            "productImageURL": "https://a.fsimg.co.nz/product/retail/fan/image/master/5001639.png",
            "productDescription": "Sugar Free. Contains Caffeine.\n\nProduct of New Zealand",
            "volume": "250mL",
            "multipack": {
                "quantity": "1"
            }
        },
        "priceData": {
            "bestPrice": "1.99",
            "price": "1.99",
            "pricePerLitre": 8.0,
            "bestPricePerLitre": 8.0
        },
        "store": {
            "id": "692b45a2-2ab9-49de-adc3-e4a0ddd661a5",
            "name": "New World Silverstream"
        }
    },
    {
        "productData": {
            "name": "V Sugarfree Guarana Energy Drink 10pk",
            "productId": "5289890_ea_000",
            "productShopPage": "https://www.newworld.co.nz/shop/product/5289890_ea_000nw",
            "productImageURL": "https://a.fsimg.co.nz/product/retail/fan/image/master/5289890.png",
            "productDescription": "Product of New Zealand",
            "volume": "",
            "multipack": {
                "quantity": ""
            }
        },
        "priceData": {
            "bestPrice": "17.99",
            "price": "17.99",
            "pricePerLitre": 72.0,
            "bestPricePerLitre": 72.0
        },
        "store": {
            "id": "692b45a2-2ab9-49de-adc3-e4a0ddd661a5",
            "name": "New World Silverstream"
        }
    },
    {
        "productData": {
            "name": "V Raspberry Lemonade Guarana Energy Drink 4pk",
            "productId": "5264576_ea_000",
            "productShopPage": "https://www.newworld.co.nz/shop/product/5264576_ea_000nw",
            "productImageURL": "https://a.fsimg.co.nz/product/retail/fan/image/master/5264576.png",
            "productDescription": "Product of New Zealand",
            "volume": "275mL",
            "multipack": {
                "quantity": "4"
            }
        },
        "priceData": {
            "bestPrice": "9.19",
            "price": "9.19",
            "pricePerLitre": 8.355,
            "bestPricePerLitre": 8.355
        },
        "store": {
            "id": "692b45a2-2ab9-49de-adc3-e4a0ddd661a5",
            "name": "New World Silverstream"
        }
    },
    {
        "productData": {
            "name": "Live Plus Persist Energy Drink 250ml",
            "productId": "5236678_ea_000",
            "productShopPage": "https://www.newworld.co.nz/shop/product/5236678_ea_000nw",
            "productImageURL": "https://a.fsimg.co.nz/product/retail/fan/image/master/5236678.png",
            "productDescription": "Limit 12 assorted.\n\n\n\n\nProduct of New Zealand",
            "volume": "",
            "multipack": {
                "quantity": ""
            }
        },
        "priceData": {
            "bestPrice": "0.99",
            "price": "0.99"
        },
        "store": {
            "id": "692b45a2-2ab9-49de-adc3-e4a0ddd661a5",
            "name": "New World Silverstream"
        }
    },
    {
        "productData": {
            "name": "V Green Guarana Energy Drink 10pk",
            "productId": "5289889_ea_000",
            "productShopPage": "https://www.newworld.co.nz/shop/product/5289889_ea_000nw",
            "productImageURL": "https://a.fsimg.co.nz/product/retail/fan/image/master/5289889.png",
            "productDescription": "Product of New Zealand",
            "volume": "250mL",
            "multipack": {
                "quantity": "10"
            }
        },
        "priceData": {
            "bestPrice": "17.99",
            "price": "17.99",
            "pricePerLitre": 7.2,
            "bestPricePerLitre": 7.2
        },
        "store": {
            "id": "692b45a2-2ab9-49de-adc3-e4a0ddd661a5",
            "name": "New World Silverstream"
        }
    },
    {
        "productData": {
            "name": "V Sugarfree Blue Guarana Energy Drink 500ml",
            "productId": "5283362_ea_000",
            "productShopPage": "https://www.newworld.co.nz/shop/product/5283362_ea_000nw",
            "productImageURL": "https://a.fsimg.co.nz/product/retail/fan/image/master/5283362.png",
            "productDescription": "Sugar free\n\nProduct of New Zealand",
            "volume": "500mL",
            "multipack": {
                "quantity": "1"
            }
        },
        "priceData": {
            "bestPrice": "3.49",
            "price": "3.49",
            "pricePerLitre": 7.0,
            "bestPricePerLitre": 7.0
        },
        "store": {
            "id": "692b45a2-2ab9-49de-adc3-e4a0ddd661a5",
            "name": "New World Silverstream"
        }
    },
    {
        "productData": {
            "name": "V Original Guarana Energy Drink 350ml",
            "productId": "5003156_ea_000",
            "productShopPage": "https://www.newworld.co.nz/shop/product/5003156_ea_000nw",
            "productImageURL": "https://a.fsimg.co.nz/product/retail/fan/image/master/5003156.png",
            "productDescription": "Buy 2 for $5.00.\n\n\nContains Caffeine.\n\nProduct of New Zealand",
            "volume": "350mL",
            "multipack": {
                "quantity": "1"
            }
        },
        "priceData": {
            "bestPrice": 2.5,
            "price": 2.0,
            "pricePerLitre": 5.714285714285714,
            "bestPricePerLitre": 7.142857142857143,
            "multiBuy": {
                "quantity": 2.0,
                "value": 5.0,
                "perUnit": 2.5
            }
        },
        "store": {
            "id": "692b45a2-2ab9-49de-adc3-e4a0ddd661a5",
            "name": "New World Silverstream"
        }
    },
    {
        "productData": {
            "name": "V Blue Guarana Energy Drink 4pk",
            "productId": "5210055_ea_000",
            "productShopPage": "https://www.newworld.co.nz/shop/product/5210055_ea_000nw",
            "productImageURL": "https://a.fsimg.co.nz/product/retail/fan/image/master/5210055.png",
            "productDescription": "Product of New Zealand",
            "volume": "275mL",
            "multipack": {
                "quantity": "4"
            }
        },
        "priceData": {
            "bestPrice": "9.19",
            "price": "9.19",
            "pricePerLitre": 8.4,
            "bestPricePerLitre": 8.4
        },
        "store": {
            "id": "692b45a2-2ab9-49de-adc3-e4a0ddd661a5",
            "name": "New World Silverstream"
        }
    },
    {
        "productData": {
            "name": "V Blue Guarana Energy Drink 350ml",
            "productId": "5007492_ea_000",
            "productShopPage": "https://www.newworld.co.nz/shop/product/5007492_ea_000nw",
            "productImageURL": "https://a.fsimg.co.nz/product/retail/fan/image/master/5007492.png",
            "productDescription": "Buy 2 for $5.00.\n\n\nContains Caffeine, Wheat Derivatives.\n\nProduct of New Zealand",
            "volume": "350mL",
            "multipack": {
                "quantity": "1"
            }
        },
        "priceData": {
            "bestPrice": 2.5,
            "price": 2.0,
            "pricePerLitre": 5.714285714285714,
            "bestPricePerLitre": 7.142857142857143,
            "multiBuy": {
                "quantity": 2.0,
                "value": 5.0,
                "perUnit": 2.5
            }
        },
        "store": {
            "id": "692b45a2-2ab9-49de-adc3-e4a0ddd661a5",
            "name": "New World Silverstream"
        }
    },
    {
        "productData": {
            "name": "V Blue Energy Drink 500ml",
            "productId": "5020662_ea_000",
            "productShopPage": "https://www.newworld.co.nz/shop/product/5020662_ea_000nw",
            "productImageURL": "https://a.fsimg.co.nz/product/retail/fan/image/master/5020662.png",
            "productDescription": "Buy 2 for $5.00.\n\n\n\n\nProduct of New Zealand",
            "volume": "500mL",
            "multipack": {
                "quantity": "1"
            }
        },
        "priceData": {
            "bestPrice": 2.5,
            "price": 2.0,
            "pricePerLitre": 4.0,
            "bestPricePerLitre": 5.0,
            "multiBuy": {
                "quantity": 2.0,
                "value": 5.0,
                "perUnit": 2.5
            }
        },
        "store": {
            "id": "692b45a2-2ab9-49de-adc3-e4a0ddd661a5",
            "name": "New World Silverstream"
        }
    },
    {
        "productData": {
            "name": "V Blue Guarana Energy Drink 500ml",
            "productId": "5007494_ea_000",
            "productShopPage": "https://www.newworld.co.nz/shop/product/5007494_ea_000nw",
            "productImageURL": "https://a.fsimg.co.nz/product/retail/fan/image/master/5007494.png",
            "productDescription": "Contains Wheat Derivatives, Caffeine.\n\nProduct of New Zealand",
            "volume": "500mL",
            "multipack": {
                "quantity": "1"
            }
        },
        "priceData": {
            "bestPrice": "3.49",
            "price": "3.49",
            "pricePerLitre": 7.0,
            "bestPricePerLitre": 7.0
        },
        "store": {
            "id": "692b45a2-2ab9-49de-adc3-e4a0ddd661a5",
            "name": "New World Silverstream"
        }
    },
    {
        "productData": {
            "name": "Red Bull Energy Drink 473ml",
            "productId": "5005255_ea_000",
            "productShopPage": "https://www.newworld.co.nz/shop/product/5005255_ea_000nw",
            "productImageURL": "https://a.fsimg.co.nz/product/retail/fan/image/master/5005255.png",
            "productDescription": "Red Bull Energy Drink's special formula contains ingredients of high quality: Caffeine, Taurine, B-Group Vitamins, Sugars, Alpine Water.One 250ml can of Red Bull Energy Drinks contains 80 mg of caffeine, about the same amount as in a cup of home-brewed coffee.The amount of sugars in a can of Red Bull Energy Drink is comparable to the level of sugars in an equivalent amount of apple or orange juice – 11 g per 100ml.Red Bull cans are made of 100% recyclable aluminium.Red Bull Energy Drink 473ml canVitalizes Body and Mind.®RED BULL GIVES YOU WINGSInspired by functional drinks from the Far East, Dietrich Mateschitz founded Red Bull in the mid-1980s. He developed a new product and a unique marketing concept and launched Red Bull Energy Drink on April 1, 1987 in Austria. A brand new product category - Energy Drinks - was born.\n\nProduct of Imported",
            "volume": "473mL",
            "multipack": {
                "quantity": "1"
            }
        },
        "priceData": {
            "bestPrice": "3.59",
            "price": "3.59",
            "pricePerLitre": 7.6,
            "bestPricePerLitre": 7.6
        },
        "store": {
            "id": "692b45a2-2ab9-49de-adc3-e4a0ddd661a5",
            "name": "New World Silverstream"
        }
    },
    {
        "productData": {
            "name": "V Original Guarana Energy Drink 250ml",
            "productId": "5003151_ea_000",
            "productShopPage": "https://www.newworld.co.nz/shop/product/5003151_ea_000nw",
            "productImageURL": "https://a.fsimg.co.nz/product/retail/fan/image/master/5003151.png",
            "productDescription": "Contains Caffeine.\n\nProduct of New Zealand",
            "volume": "250mL",
            "multipack": {
                "quantity": "1"
            }
        },
        "priceData": {
            "bestPrice": "1.99",
            "price": "1.99",
            "pricePerLitre": 8.0,
            "bestPricePerLitre": 8.0
        },
        "store": {
            "id": "692b45a2-2ab9-49de-adc3-e4a0ddd661a5",
            "name": "New World Silverstream"
        }
    },
    {
        "productData": {
            "name": "Red Bull Energy Drink 250ml Cans 4pk",
            "productId": "5001443_ea_000",
            "productShopPage": "https://www.newworld.co.nz/shop/product/5001443_ea_000nw",
            "productImageURL": "https://a.fsimg.co.nz/product/retail/fan/image/master/5001443.png",
            "productDescription": "Red Bull Energy Drink's special formula contains ingredients of high quality: Caffeine, Taurine, B-Group Vitamins, Sugars, Alpine Water.One 250ml can of Red Bull Energy Drinks contains 80 mg of caffeine, about the same amount as in a cup of home-brewed coffee.The amount of sugars in a can of Red Bull Energy Drink is comparable to the level of sugars in an equivalent amount of apple or orange juice – 11 g per 100ml.Red Bull cans are made of 100% recyclable aluminium.Pack of four 250ml Red Bull Energy Drink cansVitalizes Body and Mind.®RED BULL GIVES YOU WINGSInspired by functional drinks from the Far East, Dietrich Mateschitz founded Red Bull in the mid-1980s. He developed a new product and a unique marketing concept and launched Red Bull Energy Drink on April 1, 1987 in Austria. A brand new product category - Energy Drinks - was born.",
            "volume": "250mL",
            "multipack": {
                "quantity": "4"
            }
        },
        "priceData": {
            "bestPrice": "8.29",
            "price": "8.29",
            "pricePerLitre": 8.299999999999999,
            "bestPricePerLitre": 8.299999999999999
        },
        "store": {
            "id": "692b45a2-2ab9-49de-adc3-e4a0ddd661a5",
            "name": "New World Silverstream"
        }
    },
    {
        "productData": {
            "name": "Lucozade Orange Energy Drink 380ml",
            "productId": "5009239_ea_000",
            "productShopPage": "https://www.newworld.co.nz/shop/product/5009239_ea_000nw",
            "productImageURL": "https://a.fsimg.co.nz/product/retail/fan/image/master/5009239.png",
            "productDescription": "Powered by Glucose.\n\nProduct of New Zealand",
            "volume": "380mL",
            "multipack": {
                "quantity": "1"
            }
        },
        "priceData": {
            "bestPrice": "2.69",
            "price": "2.69",
            "pricePerLitre": 7.08,
            "bestPricePerLitre": 7.08
        },
        "store": {
            "id": "692b45a2-2ab9-49de-adc3-e4a0ddd661a5",
            "name": "New World Silverstream"
        }
    },
    {
        "productData": {
            "name": "V Pure Natural Energy Drink Glass Bottle 330ml",
            "productId": "5237753_ea_000",
            "productShopPage": "https://www.newworld.co.nz/shop/product/5237753_ea_000nw",
            "productImageURL": "https://a.fsimg.co.nz/product/retail/fan/image/master/5237753.png",
            "productDescription": "Buy 2 for $5.00.\n\n\nNothing artificial\n\nProduct of New Zealand",
            "volume": "330mL",
            "multipack": {
                "quantity": "1"
            }
        },
        "priceData": {
            "bestPrice": 2.5,
            "price": 2.0,
            "pricePerLitre": 6.0606060606060606,
            "bestPricePerLitre": 7.575757575757575,
            "multiBuy": {
                "quantity": 2.0,
                "value": 5.0,
                "perUnit": 2.5
            }
        },
        "store": {
            "id": "692b45a2-2ab9-49de-adc3-e4a0ddd661a5",
            "name": "New World Silverstream"
        }
    },
    {
        "productData": {
            "name": "Lucozade Original Energy Drink 380ml",
            "productId": "5009240_ea_000",
            "productShopPage": "https://www.newworld.co.nz/shop/product/5009240_ea_000nw",
            "productImageURL": "https://a.fsimg.co.nz/product/retail/fan/image/master/5009240.png",
            "productDescription": "Energy from Glucose.\n\nProduct of New Zealand",
            "volume": "380mL",
            "multipack": {
                "quantity": "1"
            }
        },
        "priceData": {
            "bestPrice": "2.69",
            "price": "2.69",
            "pricePerLitre": 7.08,
            "bestPricePerLitre": 7.08
        },
        "store": {
            "id": "692b45a2-2ab9-49de-adc3-e4a0ddd661a5",
            "name": "New World Silverstream"
        }
    },
    {
        "productData": {
            "name": "V Raspberry Lemonade Guarana Energy Drink 4pk",
            "productId": "5289907_ea_000",
            "productShopPage": "https://www.newworld.co.nz/shop/product/5289907_ea_000nw",
            "productImageURL": "https://a.fsimg.co.nz/product/retail/fan/image/master/5289907.png",
            "productDescription": "Limit 12 assorted.\n\n\n\n\nProduct of New Zealand",
            "volume": "250mL",
            "multipack": {
                "quantity": "4"
            }
        },
        "priceData": {
            "bestPrice": "5.99",
            "price": "5.99",
            "pricePerLitre": 5.99,
            "bestPricePerLitre": 5.99
        },
        "store": {
            "id": "692b45a2-2ab9-49de-adc3-e4a0ddd661a5",
            "name": "New World Silverstream"
        }
    },
    {
        "productData": {
            "name": "V Raspberry Lemonade Can 500ml",
            "productId": "5264523_ea_000",
            "productShopPage": "https://www.newworld.co.nz/shop/product/5264523_ea_000nw",
            "productImageURL": "https://a.fsimg.co.nz/product/retail/fan/image/master/5264523.png",
            "productDescription": "Product of New Zealand",
            "volume": "500mL",
            "multipack": {
                "quantity": "1"
            }
        },
        "priceData": {
            "bestPrice": "3.49",
            "price": "3.49",
            "pricePerLitre": 7.0,
            "bestPricePerLitre": 7.0
        },
        "store": {
            "id": "692b45a2-2ab9-49de-adc3-e4a0ddd661a5",
            "name": "New World Silverstream"
        }
    },
    {
        "productData": {
            "name": "Monster Zero Sugar Ultra Rosa Energy Drink 500ml",
            "productId": "5278094_ea_000",
            "productShopPage": "https://www.newworld.co.nz/shop/product/5278094_ea_000nw",
            "productImageURL": "https://a.fsimg.co.nz/product/retail/fan/image/master/5278094.png",
            "productDescription": "Product of Imported",
            "volume": "500mL",
            "multipack": {
                "quantity": "1"
            }
        },
        "priceData": {
            "bestPrice": "2.99",
            "price": "2.99",
            "pricePerLitre": 6.0,
            "bestPricePerLitre": 6.0
        },
        "store": {
            "id": "692b45a2-2ab9-49de-adc3-e4a0ddd661a5",
            "name": "New World Silverstream"
        }
    },
    {
        "productData": {
            "name": "Monster Mule Energy Drink 500ml",
            "productId": "5269459_ea_000",
            "productShopPage": "https://www.newworld.co.nz/shop/product/5269459_ea_000nw",
            "productImageURL": "https://a.fsimg.co.nz/product/retail/fan/image/master/5269459.png",
            "productDescription": "Product of Imported",
            "volume": "500mL",
            "multipack": {
                "quantity": "1"
            }
        },
        "priceData": {
            "bestPrice": "2.99",
            "price": "2.99",
            "pricePerLitre": 6.0,
            "bestPricePerLitre": 6.0
        },
        "store": {
            "id": "692b45a2-2ab9-49de-adc3-e4a0ddd661a5",
            "name": "New World Silverstream"
        }
    },
    {
        "productData": {
            "name": "Monster Ultra Paradise Energy Drink 500ml",
            "productId": "5261257_ea_000",
            "productShopPage": "https://www.newworld.co.nz/shop/product/5261257_ea_000nw",
            "productImageURL": "https://a.fsimg.co.nz/product/retail/fan/image/master/5261257.png",
            "productDescription": "Product of Imported",
            "volume": "500mL",
            "multipack": {
                "quantity": "1"
            }
        },
        "priceData": {
            "bestPrice": "2.99",
            "price": "2.99",
            "pricePerLitre": 6.0,
            "bestPricePerLitre": 6.0
        },
        "store": {
            "id": "692b45a2-2ab9-49de-adc3-e4a0ddd661a5",
            "name": "New World Silverstream"
        }
    },
    {
        "productData": {
            "name": "Monster Ultra Zero Drink 500ml",
            "productId": "5090618_ea_000",
            "productShopPage": "https://www.newworld.co.nz/shop/product/5090618_ea_000nw",
            "productImageURL": "https://a.fsimg.co.nz/product/retail/fan/image/master/5090618.png",
            "productDescription": "A little less sweet, lighter-tasting, zero calories, but with a full load of our Monster energy blend. Sure, white is the new black. Monster Energy Zero Ultra. Unleash the Ultra Beast!\n\nProduct of Imported",
            "volume": "500mL",
            "multipack": {
                "quantity": "1"
            }
        },
        "priceData": {
            "bestPrice": "2.99",
            "price": "2.99",
            "pricePerLitre": 6.0,
            "bestPricePerLitre": 6.0
        },
        "store": {
            "id": "692b45a2-2ab9-49de-adc3-e4a0ddd661a5",
            "name": "New World Silverstream"
        }
    },
    {
        "productData": {
            "name": "Monster Super Fuel Zero Sugar Energy Drink 550ml",
            "productId": "5284331_ea_000",
            "productShopPage": "https://www.newworld.co.nz/shop/product/5284331_ea_000nw",
            "productImageURL": "https://a.fsimg.co.nz/product/retail/fan/image/master/5284331.png",
            "productDescription": "Product of Imported",
            "volume": "550mL",
            "multipack": {
                "quantity": "1"
            }
        },
        "priceData": {
            "bestPrice": "3.49",
            "price": "3.49",
            "pricePerLitre": 6.345454545454546,
            "bestPricePerLitre": 6.345454545454546
        },
        "store": {
            "id": "692b45a2-2ab9-49de-adc3-e4a0ddd661a5",
            "name": "New World Silverstream"
        }
    },
    {
        "productData": {
            "name": "Mother Energy Drink Can 500ml",
            "productId": "5011153_ea_000",
            "productShopPage": "https://www.newworld.co.nz/shop/product/5011153_ea_000nw",
            "productImageURL": "https://a.fsimg.co.nz/product/retail/fan/image/master/5011153.png",
            "productDescription": "Contains Caffeine.\n\nProduct of New Zealand",
            "volume": "500mL",
            "multipack": {
                "quantity": "1"
            }
        },
        "priceData": {
            "bestPrice": "1.99",
            "price": "1.99",
            "pricePerLitre": 4.0,
            "bestPricePerLitre": 4.0
        },
        "store": {
            "id": "692b45a2-2ab9-49de-adc3-e4a0ddd661a5",
            "name": "New World Silverstream"
        }
    },
    {
        "productData": {
            "name": "Monster Super Fuel Purple Passion Energy Drink 550ml",
            "productId": "5284332_ea_000",
            "productShopPage": "https://www.newworld.co.nz/shop/product/5284332_ea_000nw",
            "productImageURL": "https://a.fsimg.co.nz/product/retail/fan/image/master/5284332.png",
            "productDescription": "Product of Imported",
            "volume": "550mL",
            "multipack": {
                "quantity": "1"
            }
        },
        "priceData": {
            "bestPrice": "3.49",
            "price": "3.49",
            "pricePerLitre": 6.345454545454546,
            "bestPricePerLitre": 6.345454545454546
        },
        "store": {
            "id": "692b45a2-2ab9-49de-adc3-e4a0ddd661a5",
            "name": "New World Silverstream"
        }
    },
    {
        "productData": {
            "name": "Mother Energy Drink Can 6pk",
            "productId": "5009490_ea_000",
            "productShopPage": "https://www.newworld.co.nz/shop/product/5009490_ea_000nw",
            "productImageURL": "https://a.fsimg.co.nz/product/retail/fan/image/master/5009490.png",
            "productDescription": "Contains Caffeine.\n\nProduct of New Zealand",
            "volume": "250mL",
            "multipack": {
                "quantity": "6"
            }
        },
        "priceData": {
            "bestPrice": "7.49",
            "price": "7.49",
            "pricePerLitre": 5.0,
            "bestPricePerLitre": 5.0
        },
        "store": {
            "id": "692b45a2-2ab9-49de-adc3-e4a0ddd661a5",
            "name": "New World Silverstream"
        }
    },
    {
        "productData": {
            "name": "Monster Energy Drink 500ml",
            "productId": "5007647_ea_000",
            "productShopPage": "https://www.newworld.co.nz/shop/product/5007647_ea_000nw",
            "productImageURL": "https://a.fsimg.co.nz/product/retail/fan/image/master/5007647.png",
            "productDescription": "Contains Caffeine.\n\nProduct of Imported",
            "volume": "500mL",
            "multipack": {
                "quantity": "1"
            }
        },
        "priceData": {
            "bestPrice": "2.99",
            "price": "2.99",
            "pricePerLitre": 6.0,
            "bestPricePerLitre": 6.0
        },
        "store": {
            "id": "692b45a2-2ab9-49de-adc3-e4a0ddd661a5",
            "name": "New World Silverstream"
        }
    },
    {
        "productData": {
            "name": "Monster Ultra Zero Drink 4pk",
            "productId": "5213974_ea_000",
            "productShopPage": "https://www.newworld.co.nz/shop/product/5213974_ea_000nw",
            "productImageURL": "https://a.fsimg.co.nz/product/retail/fan/image/master/5213974.png",
            "productDescription": "Product of Imported",
            "volume": "500mL",
            "multipack": {
                "quantity": "4"
            }
        },
        "priceData": {
            "bestPrice": "11.99",
            "price": "11.99",
            "pricePerLitre": 6.0,
            "bestPricePerLitre": 6.0
        },
        "store": {
            "id": "692b45a2-2ab9-49de-adc3-e4a0ddd661a5",
            "name": "New World Silverstream"
        }
    },
    {
        "productData": {
            "name": "V Sugarfree Guarana Energy Drink 4pk",
            "productId": "5210130_ea_000",
            "productShopPage": "https://www.newworld.co.nz/shop/product/5210130_ea_000nw",
            "productImageURL": "https://a.fsimg.co.nz/product/retail/fan/image/master/5210130.png",
            "productDescription": "Sugarfree\n\nProduct of New Zealand",
            "volume": "275mL",
            "multipack": {
                "quantity": "4"
            }
        },
        "priceData": {
            "bestPrice": "9.19",
            "price": "9.19",
            "pricePerLitre": 8.4,
            "bestPricePerLitre": 8.4
        },
        "store": {
            "id": "692b45a2-2ab9-49de-adc3-e4a0ddd661a5",
            "name": "New World Silverstream"
        }
    },
    {
        "productData": {
            "name": "Monster Energy Drink 4pk",
            "productId": "5107264_ea_000",
            "productShopPage": "https://www.newworld.co.nz/shop/product/5107264_ea_000nw",
            "productImageURL": "https://a.fsimg.co.nz/product/retail/fan/image/master/5107264.png",
            "productDescription": "Product of Imported",
            "volume": "",
            "multipack": {
                "quantity": ""
            }
        },
        "priceData": {
            "bestPrice": "11.99",
            "price": "11.99",
            "pricePerLitre": 6.0,
            "bestPricePerLitre": 6.0
        },
        "store": {
            "id": "692b45a2-2ab9-49de-adc3-e4a0ddd661a5",
            "name": "New World Silverstream"
        }
    },
    {
        "productData": {
            "name": "V Sugarfree Guarana Energy Drink 500ml",
            "productId": "5007644_ea_000",
            "productShopPage": "https://www.newworld.co.nz/shop/product/5007644_ea_000nw",
            "productImageURL": "https://a.fsimg.co.nz/product/retail/fan/image/master/5007644.png",
            "productDescription": "Sugar Free.\n\nProduct of New Zealand",
            "volume": "500mL",
            "multipack": {
                "quantity": "1"
            }
        },
        "priceData": {
            "bestPrice": "3.49",
            "price": "3.49",
            "pricePerLitre": 7.0,
            "bestPricePerLitre": 7.0
        },
        "store": {
            "id": "692b45a2-2ab9-49de-adc3-e4a0ddd661a5",
            "name": "New World Silverstream"
        }
    },
    {
        "productData": {
            "name": "V Original Guarana Energy Drink 500ml",
            "productId": "5004703_ea_000",
            "productShopPage": "https://www.newworld.co.nz/shop/product/5004703_ea_000nw",
            "productImageURL": "https://a.fsimg.co.nz/product/retail/fan/image/master/5004703.png",
            "productDescription": "Contains Caffeine.\n\nProduct of New Zealand",
            "volume": "500mL",
            "multipack": {
                "quantity": "1"
            }
        },
        "priceData": {
            "bestPrice": "3.49",
            "price": "3.49",
            "pricePerLitre": 7.0,
            "bestPricePerLitre": 7.0
        },
        "store": {
            "id": "692b45a2-2ab9-49de-adc3-e4a0ddd661a5",
            "name": "New World Silverstream"
        }
    },
    {
        "productData": {
            "name": "V Original Guarana Energy Drink 4pk",
            "productId": "5210048_ea_000",
            "productShopPage": "https://www.newworld.co.nz/shop/product/5210048_ea_000nw",
            "productImageURL": "https://a.fsimg.co.nz/product/retail/fan/image/master/5210048.png",
            "productDescription": "Product of New Zealand",
            "volume": "275mL",
            "multipack": {
                "quantity": "4"
            }
        },
        "priceData": {
            "bestPrice": "9.19",
            "price": "9.19",
            "pricePerLitre": 8.4,
            "bestPricePerLitre": 8.4
        },
        "store": {
            "id": "692b45a2-2ab9-49de-adc3-e4a0ddd661a5",
            "name": "New World Silverstream"
        }
    },
    {
        "productData": {
            "name": "V Green Guarana Energy Drink Cans 10pk",
            "productId": "5210061_ea_000",
            "productShopPage": "https://www.newworld.co.nz/shop/product/5210061_ea_000nw",
            "productImageURL": "https://a.fsimg.co.nz/product/retail/fan/image/master/5210061.png",
            "productDescription": "Product of New Zealand",
            "volume": "200mL",
            "multipack": {
                "quantity": "10"
            }
        },
        "priceData": {
            "bestPrice": "15.29",
            "price": "15.29",
            "pricePerLitre": 7.6,
            "bestPricePerLitre": 7.6
        },
        "store": {
            "id": "692b45a2-2ab9-49de-adc3-e4a0ddd661a5",
            "name": "New World Silverstream"
        }
    },
    {
        "productData": {
            "name": "V Original Guarana Energy Drink 500ml",
            "productId": "5007441_ea_000",
            "productShopPage": "https://www.newworld.co.nz/shop/product/5007441_ea_000nw",
            "productImageURL": "https://a.fsimg.co.nz/product/retail/fan/image/master/5007441.png",
            "productDescription": "Buy 2 for $5.00.\n\n\nContains Wheat Derivatives, Caffeine.\n\nProduct of New Zealand",
            "volume": "500mL",
            "multipack": {
                "quantity": "1"
            }
        },
        "priceData": {
            "bestPrice": 2.5,
            "price": 2.0,
            "pricePerLitre": 4.0,
            "bestPricePerLitre": 5.0,
            "multiBuy": {
                "quantity": 2.0,
                "value": 5.0,
                "perUnit": 2.5
            }
        },
        "store": {
            "id": "692b45a2-2ab9-49de-adc3-e4a0ddd661a5",
            "name": "New World Silverstream"
        }
    },
    {
        "productData": {
            "name": "V Blue Guarana Energy Drink 10pk",
            "productId": "5290181_ea_000",
            "productShopPage": "https://www.newworld.co.nz/shop/product/5290181_ea_000nw",
            "productImageURL": "https://a.fsimg.co.nz/product/retail/fan/image/master/5290181.png",
            "productDescription": "Product of New Zealand",
            "volume": "250mL",
            "multipack": {
                "quantity": "10"
            }
        },
        "priceData": {
            "bestPrice": "17.99",
            "price": "17.99",
            "pricePerLitre": 7.2,
            "bestPricePerLitre": 7.2
        },
        "store": {
            "id": "adcd3dee-0ead-4b84-944a-809b95e0e36b",
            "name": "New World Southmall"
        }
    },
    {
        "productData": {
            "name": "V Blue Guarana Energy Drink 250ml",
            "productId": "5007495_ea_000",
            "productShopPage": "https://www.newworld.co.nz/shop/product/5007495_ea_000nw",
            "productImageURL": "https://a.fsimg.co.nz/product/retail/fan/image/master/5007495.png",
            "productDescription": "Contains Caffeine, Wheat Derivatives.\n\nProduct of New Zealand",
            "volume": "250mL",
            "multipack": {
                "quantity": "1"
            }
        },
        "priceData": {
            "bestPrice": "2.29",
            "price": "2.29",
            "pricePerLitre": 9.200000000000001,
            "bestPricePerLitre": 9.200000000000001
        },
        "store": {
            "id": "adcd3dee-0ead-4b84-944a-809b95e0e36b",
            "name": "New World Southmall"
        }
    },
    {
        "productData": {
            "name": "V Sugarfree Blue Guarana Energy Drink 4pk",
            "productId": "5289891_ea_000",
            "productShopPage": "https://www.newworld.co.nz/shop/product/5289891_ea_000nw",
            "productImageURL": "https://a.fsimg.co.nz/product/retail/fan/image/master/5289891.png",
            "productDescription": "Limit 12 assorted.\n\n\n\n\nProduct of New Zealand",
            "volume": "250mL",
            "multipack": {
                "quantity": "4"
            }
        },
        "priceData": {
            "bestPrice": "5.99",
            "price": "5.99",
            "pricePerLitre": 5.99,
            "bestPricePerLitre": 5.99
        },
        "store": {
            "id": "adcd3dee-0ead-4b84-944a-809b95e0e36b",
            "name": "New World Southmall"
        }
    },
    {
        "productData": {
            "name": "V Sugarfree Guarana Energy Drink 250ml",
            "productId": "5001639_ea_000",
            "productShopPage": "https://www.newworld.co.nz/shop/product/5001639_ea_000nw",
            "productImageURL": "https://a.fsimg.co.nz/product/retail/fan/image/master/5001639.png",
            "productDescription": "Sugar Free. Contains Caffeine.\n\nProduct of New Zealand",
            "volume": "250mL",
            "multipack": {
                "quantity": "1"
            }
        },
        "priceData": {
            "bestPrice": "2.29",
            "price": "2.29",
            "pricePerLitre": 9.200000000000001,
            "bestPricePerLitre": 9.200000000000001
        },
        "store": {
            "id": "adcd3dee-0ead-4b84-944a-809b95e0e36b",
            "name": "New World Southmall"
        }
    },
    {
        "productData": {
            "name": "V Sugarfree Guarana Energy Drink 10pk",
            "productId": "5289890_ea_000",
            "productShopPage": "https://www.newworld.co.nz/shop/product/5289890_ea_000nw",
            "productImageURL": "https://a.fsimg.co.nz/product/retail/fan/image/master/5289890.png",
            "productDescription": "Product of New Zealand",
            "volume": "",
            "multipack": {
                "quantity": ""
            }
        },
        "priceData": {
            "bestPrice": "17.99",
            "price": "17.99",
            "pricePerLitre": 72.0,
            "bestPricePerLitre": 72.0
        },
        "store": {
            "id": "adcd3dee-0ead-4b84-944a-809b95e0e36b",
            "name": "New World Southmall"
        }
    },
    {
        "productData": {
            "name": "V Green Guarana Energy Drink 6pk",
            "productId": "5272987_ea_000",
            "productShopPage": "https://www.newworld.co.nz/shop/product/5272987_ea_000nw",
            "productImageURL": "https://a.fsimg.co.nz/product/retail/fan/image/master/5272987.png",
            "productDescription": "Product of New Zealand",
            "volume": "330mL",
            "multipack": {
                "quantity": "6"
            }
        },
        "priceData": {
            "bestPrice": "11.99",
            "price": "11.99",
            "pricePerLitre": 6.05,
            "bestPricePerLitre": 6.05
        },
        "store": {
            "id": "adcd3dee-0ead-4b84-944a-809b95e0e36b",
            "name": "New World Southmall"
        }
    },
    {
        "productData": {
            "name": "Live Plus Ascend Energy Drink 250ml",
            "productId": "5236675_ea_000",
            "productShopPage": "https://www.newworld.co.nz/shop/product/5236675_ea_000nw",
            "productImageURL": "https://a.fsimg.co.nz/product/retail/fan/image/master/5236675.png",
            "productDescription": "Limit 12 assorted.\n\n\n\n\nProduct of New Zealand",
            "volume": "",
            "multipack": {
                "quantity": ""
            }
        },
        "priceData": {
            "bestPrice": "0.99",
            "price": "0.99"
        },
        "store": {
            "id": "adcd3dee-0ead-4b84-944a-809b95e0e36b",
            "name": "New World Southmall"
        }
    },
    {
        "productData": {
            "name": "Live Plus Tart Apple Energy Drink 250ml",
            "productId": "5236676_ea_000",
            "productShopPage": "https://www.newworld.co.nz/shop/product/5236676_ea_000nw",
            "productImageURL": "https://a.fsimg.co.nz/product/retail/fan/image/master/5236676.png",
            "productDescription": "Limit 12 assorted.\n\n\n\n\nProduct of New Zealand",
            "volume": "250mL",
            "multipack": {
                "quantity": "1"
            }
        },
        "priceData": {
            "bestPrice": "0.99",
            "price": "0.99",
            "pricePerLitre": 3.96,
            "bestPricePerLitre": 3.96
        },
        "store": {
            "id": "adcd3dee-0ead-4b84-944a-809b95e0e36b",
            "name": "New World Southmall"
        }
    },
    {
        "productData": {
            "name": "Live Plus Persist Energy Drink 250ml",
            "productId": "5236678_ea_000",
            "productShopPage": "https://www.newworld.co.nz/shop/product/5236678_ea_000nw",
            "productImageURL": "https://a.fsimg.co.nz/product/retail/fan/image/master/5236678.png",
            "productDescription": "Limit 12 assorted.\n\n\n\n\nProduct of New Zealand",
            "volume": "",
            "multipack": {
                "quantity": ""
            }
        },
        "priceData": {
            "bestPrice": "0.99",
            "price": "0.99"
        },
        "store": {
            "id": "adcd3dee-0ead-4b84-944a-809b95e0e36b",
            "name": "New World Southmall"
        }
    },
    {
        "productData": {
            "name": "V Green Guarana Energy Drink 10pk",
            "productId": "5289889_ea_000",
            "productShopPage": "https://www.newworld.co.nz/shop/product/5289889_ea_000nw",
            "productImageURL": "https://a.fsimg.co.nz/product/retail/fan/image/master/5289889.png",
            "productDescription": "Product of New Zealand",
            "volume": "250mL",
            "multipack": {
                "quantity": "10"
            }
        },
        "priceData": {
            "bestPrice": "17.99",
            "price": "17.99",
            "pricePerLitre": 7.2,
            "bestPricePerLitre": 7.2
        },
        "store": {
            "id": "adcd3dee-0ead-4b84-944a-809b95e0e36b",
            "name": "New World Southmall"
        }
    },
    {
        "productData": {
            "name": "V Sugarfree Blue Guarana Energy Drink 500ml",
            "productId": "5283362_ea_000",
            "productShopPage": "https://www.newworld.co.nz/shop/product/5283362_ea_000nw",
            "productImageURL": "https://a.fsimg.co.nz/product/retail/fan/image/master/5283362.png",
            "productDescription": "Sugar free\n\nProduct of New Zealand",
            "volume": "500mL",
            "multipack": {
                "quantity": "1"
            }
        },
        "priceData": {
            "bestPrice": "3.49",
            "price": "3.49",
            "pricePerLitre": 7.0,
            "bestPricePerLitre": 7.0
        },
        "store": {
            "id": "adcd3dee-0ead-4b84-944a-809b95e0e36b",
            "name": "New World Southmall"
        }
    },
    {
        "productData": {
            "name": "V Original Guarana Energy Drink 350ml",
            "productId": "5003156_ea_000",
            "productShopPage": "https://www.newworld.co.nz/shop/product/5003156_ea_000nw",
            "productImageURL": "https://a.fsimg.co.nz/product/retail/fan/image/master/5003156.png",
            "productDescription": "Buy 2 for $5.00.\n\n\nContains Caffeine.\n\nProduct of New Zealand",
            "volume": "350mL",
            "multipack": {
                "quantity": "1"
            }
        },
        "priceData": {
            "bestPrice": 2.5,
            "price": 2.0,
            "pricePerLitre": 5.714285714285714,
            "bestPricePerLitre": 7.142857142857143,
            "multiBuy": {
                "quantity": 2.0,
                "value": 5.0,
                "perUnit": 2.5
            }
        },
        "store": {
            "id": "adcd3dee-0ead-4b84-944a-809b95e0e36b",
            "name": "New World Southmall"
        }
    },
    {
        "productData": {
            "name": "V Blue Guarana Energy Drink 4pk",
            "productId": "5210055_ea_000",
            "productShopPage": "https://www.newworld.co.nz/shop/product/5210055_ea_000nw",
            "productImageURL": "https://a.fsimg.co.nz/product/retail/fan/image/master/5210055.png",
            "productDescription": "Product of New Zealand",
            "volume": "275mL",
            "multipack": {
                "quantity": "4"
            }
        },
        "priceData": {
            "bestPrice": "5.99",
            "price": "5.99",
            "pricePerLitre": 5.4,
            "bestPricePerLitre": 5.4
        },
        "store": {
            "id": "adcd3dee-0ead-4b84-944a-809b95e0e36b",
            "name": "New World Southmall"
        }
    },
    {
        "productData": {
            "name": "V Blue Guarana Energy Drink 350ml",
            "productId": "5007492_ea_000",
            "productShopPage": "https://www.newworld.co.nz/shop/product/5007492_ea_000nw",
            "productImageURL": "https://a.fsimg.co.nz/product/retail/fan/image/master/5007492.png",
            "productDescription": "Buy 2 for $5.00.\n\n\nContains Caffeine, Wheat Derivatives.\n\nProduct of New Zealand",
            "volume": "350mL",
            "multipack": {
                "quantity": "1"
            }
        },
        "priceData": {
            "bestPrice": 2.5,
            "price": 2.0,
            "pricePerLitre": 5.714285714285714,
            "bestPricePerLitre": 7.142857142857143,
            "multiBuy": {
                "quantity": 2.0,
                "value": 5.0,
                "perUnit": 2.5
            }
        },
        "store": {
            "id": "adcd3dee-0ead-4b84-944a-809b95e0e36b",
            "name": "New World Southmall"
        }
    },
    {
        "productData": {
            "name": "V Blue Energy Drink 500ml",
            "productId": "5020662_ea_000",
            "productShopPage": "https://www.newworld.co.nz/shop/product/5020662_ea_000nw",
            "productImageURL": "https://a.fsimg.co.nz/product/retail/fan/image/master/5020662.png",
            "productDescription": "Buy 2 for $5.00.\n\n\n\n\nProduct of New Zealand",
            "volume": "500mL",
            "multipack": {
                "quantity": "1"
            }
        },
        "priceData": {
            "bestPrice": 2.5,
            "price": 2.0,
            "pricePerLitre": 4.0,
            "bestPricePerLitre": 5.0,
            "multiBuy": {
                "quantity": 2.0,
                "value": 5.0,
                "perUnit": 2.5
            }
        },
        "store": {
            "id": "adcd3dee-0ead-4b84-944a-809b95e0e36b",
            "name": "New World Southmall"
        }
    },
    {
        "productData": {
            "name": "V Blue Guarana Energy Drink 500ml",
            "productId": "5007494_ea_000",
            "productShopPage": "https://www.newworld.co.nz/shop/product/5007494_ea_000nw",
            "productImageURL": "https://a.fsimg.co.nz/product/retail/fan/image/master/5007494.png",
            "productDescription": "Contains Wheat Derivatives, Caffeine.\n\nProduct of New Zealand",
            "volume": "500mL",
            "multipack": {
                "quantity": "1"
            }
        },
        "priceData": {
            "bestPrice": "3.49",
            "price": "3.49",
            "pricePerLitre": 7.0,
            "bestPricePerLitre": 7.0
        },
        "store": {
            "id": "adcd3dee-0ead-4b84-944a-809b95e0e36b",
            "name": "New World Southmall"
        }
    },
    {
        "productData": {
            "name": "Red Bull Energy Drink 473ml",
            "productId": "5005255_ea_000",
            "productShopPage": "https://www.newworld.co.nz/shop/product/5005255_ea_000nw",
            "productImageURL": "https://a.fsimg.co.nz/product/retail/fan/image/master/5005255.png",
            "productDescription": "Red Bull Energy Drink's special formula contains ingredients of high quality: Caffeine, Taurine, B-Group Vitamins, Sugars, Alpine Water.One 250ml can of Red Bull Energy Drinks contains 80 mg of caffeine, about the same amount as in a cup of home-brewed coffee.The amount of sugars in a can of Red Bull Energy Drink is comparable to the level of sugars in an equivalent amount of apple or orange juice – 11 g per 100ml.Red Bull cans are made of 100% recyclable aluminium.Red Bull Energy Drink 473ml canVitalizes Body and Mind.®RED BULL GIVES YOU WINGSInspired by functional drinks from the Far East, Dietrich Mateschitz founded Red Bull in the mid-1980s. He developed a new product and a unique marketing concept and launched Red Bull Energy Drink on April 1, 1987 in Austria. A brand new product category - Energy Drinks - was born.\n\nProduct of Imported",
            "volume": "473mL",
            "multipack": {
                "quantity": "1"
            }
        },
        "priceData": {
            "bestPrice": "3.59",
            "price": "3.59",
            "pricePerLitre": 7.6,
            "bestPricePerLitre": 7.6
        },
        "store": {
            "id": "adcd3dee-0ead-4b84-944a-809b95e0e36b",
            "name": "New World Southmall"
        }
    },
    {
        "productData": {
            "name": "V Original Guarana Energy Drink 250ml",
            "productId": "5003151_ea_000",
            "productShopPage": "https://www.newworld.co.nz/shop/product/5003151_ea_000nw",
            "productImageURL": "https://a.fsimg.co.nz/product/retail/fan/image/master/5003151.png",
            "productDescription": "Contains Caffeine.\n\nProduct of New Zealand",
            "volume": "250mL",
            "multipack": {
                "quantity": "1"
            }
        },
        "priceData": {
            "bestPrice": "2.29",
            "price": "2.29",
            "pricePerLitre": 9.200000000000001,
            "bestPricePerLitre": 9.200000000000001
        },
        "store": {
            "id": "adcd3dee-0ead-4b84-944a-809b95e0e36b",
            "name": "New World Southmall"
        }
    },
    {
        "productData": {
            "name": "Red Bull Energy Drink 250ml Cans 4pk",
            "productId": "5001443_ea_000",
            "productShopPage": "https://www.newworld.co.nz/shop/product/5001443_ea_000nw",
            "productImageURL": "https://a.fsimg.co.nz/product/retail/fan/image/master/5001443.png",
            "productDescription": "Red Bull Energy Drink's special formula contains ingredients of high quality: Caffeine, Taurine, B-Group Vitamins, Sugars, Alpine Water.One 250ml can of Red Bull Energy Drinks contains 80 mg of caffeine, about the same amount as in a cup of home-brewed coffee.The amount of sugars in a can of Red Bull Energy Drink is comparable to the level of sugars in an equivalent amount of apple or orange juice – 11 g per 100ml.Red Bull cans are made of 100% recyclable aluminium.Pack of four 250ml Red Bull Energy Drink cansVitalizes Body and Mind.®RED BULL GIVES YOU WINGSInspired by functional drinks from the Far East, Dietrich Mateschitz founded Red Bull in the mid-1980s. He developed a new product and a unique marketing concept and launched Red Bull Energy Drink on April 1, 1987 in Austria. A brand new product category - Energy Drinks - was born.",
            "volume": "250mL",
            "multipack": {
                "quantity": "4"
            }
        },
        "priceData": {
            "bestPrice": "8.29",
            "price": "8.29",
            "pricePerLitre": 8.299999999999999,
            "bestPricePerLitre": 8.299999999999999
        },
        "store": {
            "id": "adcd3dee-0ead-4b84-944a-809b95e0e36b",
            "name": "New World Southmall"
        }
    },
    {
        "productData": {
            "name": "V Green Guarana Energy Drink 710ml",
            "productId": "5030250_ea_000",
            "productShopPage": "https://www.newworld.co.nz/shop/product/5030250_ea_000nw",
            "productImageURL": "https://a.fsimg.co.nz/product/retail/fan/image/master/5030250.png",
            "productDescription": "Contains Wheat Derivatives\n\nProduct of Imported",
            "volume": "250mL",
            "multipack": {
                "quantity": "3"
            }
        },
        "priceData": {
            "bestPrice": "3.49",
            "price": "3.49",
            "pricePerLitre": 4.9,
            "bestPricePerLitre": 4.9
        },
        "store": {
            "id": "adcd3dee-0ead-4b84-944a-809b95e0e36b",
            "name": "New World Southmall"
        }
    },
    {
        "productData": {
            "name": "Lucozade Orange Energy Drink 380ml",
            "productId": "5009239_ea_000",
            "productShopPage": "https://www.newworld.co.nz/shop/product/5009239_ea_000nw",
            "productImageURL": "https://a.fsimg.co.nz/product/retail/fan/image/master/5009239.png",
            "productDescription": "Powered by Glucose.\n\nProduct of New Zealand",
            "volume": "380mL",
            "multipack": {
                "quantity": "1"
            }
        },
        "priceData": {
            "bestPrice": "2.69",
            "price": "2.69",
            "pricePerLitre": 7.08,
            "bestPricePerLitre": 7.08
        },
        "store": {
            "id": "adcd3dee-0ead-4b84-944a-809b95e0e36b",
            "name": "New World Southmall"
        }
    },
    {
        "productData": {
            "name": "V Pure Natural Energy Drink Glass Bottle 330ml",
            "productId": "5237753_ea_000",
            "productShopPage": "https://www.newworld.co.nz/shop/product/5237753_ea_000nw",
            "productImageURL": "https://a.fsimg.co.nz/product/retail/fan/image/master/5237753.png",
            "productDescription": "Buy 2 for $5.00.\n\n\nNothing artificial\n\nProduct of New Zealand",
            "volume": "330mL",
            "multipack": {
                "quantity": "1"
            }
        },
        "priceData": {
            "bestPrice": 2.5,
            "price": 2.0,
            "pricePerLitre": 6.0606060606060606,
            "bestPricePerLitre": 7.575757575757575,
            "multiBuy": {
                "quantity": 2.0,
                "value": 5.0,
                "perUnit": 2.5
            }
        },
        "store": {
            "id": "adcd3dee-0ead-4b84-944a-809b95e0e36b",
            "name": "New World Southmall"
        }
    },
    {
        "productData": {
            "name": "Rockstar Watermelon Freeze Energy Drink 500ml",
            "productId": "5257298_ea_000",
            "productShopPage": "https://www.newworld.co.nz/shop/product/5257298_ea_000nw",
            "productImageURL": "https://a.fsimg.co.nz/product/retail/fan/image/master/5257298.png",
            "productDescription": "Buy 3 for $5.00.\n\n\n\n\nProduct of New Zealand",
            "volume": "500mL",
            "multipack": {
                "quantity": "1"
            }
        },
        "priceData": {
            "bestPrice": 1.6666666666666667,
            "price": 1.0,
            "pricePerLitre": 2.0,
            "bestPricePerLitre": 3.3333333333333335,
            "multiBuy": {
                "quantity": 3.0,
                "value": 5.0,
                "perUnit": 1.6666666666666667
            }
        },
        "store": {
            "id": "adcd3dee-0ead-4b84-944a-809b95e0e36b",
            "name": "New World Southmall"
        }
    },
    {
        "productData": {
            "name": "V Pure Natural Energy Drink Can 250ml",
            "productId": "5237735_ea_000",
            "productShopPage": "https://www.newworld.co.nz/shop/product/5237735_ea_000nw",
            "productImageURL": "https://a.fsimg.co.nz/product/retail/fan/image/master/5237735.png",
            "productDescription": "6 natural ingredients; Nothing artificial; Apple juice - Apple and lemon juice is reconstituted; Lemon juice - Apple and lemon juice is reconstituted\n\nProduct of New Zealand",
            "volume": "250mL",
            "multipack": {
                "quantity": "1"
            }
        },
        "priceData": {
            "bestPrice": "2.29",
            "price": "2.29",
            "pricePerLitre": 9.200000000000001,
            "bestPricePerLitre": 9.200000000000001
        },
        "store": {
            "id": "adcd3dee-0ead-4b84-944a-809b95e0e36b",
            "name": "New World Southmall"
        }
    },
    {
        "productData": {
            "name": "Rockstar Original Energy Drink 500ml",
            "productId": "5215383_ea_000",
            "productShopPage": "https://www.newworld.co.nz/shop/product/5215383_ea_000nw",
            "productImageURL": "https://a.fsimg.co.nz/product/retail/fan/image/master/5215383.png",
            "productDescription": "Buy 3 for $5.00.\n\n\nCaffeine; B vitamins; Vitamin C; Taurine; Ginseng\n\nProduct of New Zealand",
            "volume": "500mL",
            "multipack": {
                "quantity": "1"
            }
        },
        "priceData": {
            "bestPrice": 1.6666666666666667,
            "price": 1.0,
            "pricePerLitre": 2.0,
            "bestPricePerLitre": 3.3333333333333335,
            "multiBuy": {
                "quantity": 3.0,
                "value": 5.0,
                "perUnit": 1.6666666666666667
            }
        },
        "store": {
            "id": "adcd3dee-0ead-4b84-944a-809b95e0e36b",
            "name": "New World Southmall"
        }
    },
    {
        "productData": {
            "name": "V Raspberry Lemonade Can 500ml",
            "productId": "5264523_ea_000",
            "productShopPage": "https://www.newworld.co.nz/shop/product/5264523_ea_000nw",
            "productImageURL": "https://a.fsimg.co.nz/product/retail/fan/image/master/5264523.png",
            "productDescription": "Product of New Zealand",
            "volume": "500mL",
            "multipack": {
                "quantity": "1"
            }
        },
        "priceData": {
            "bestPrice": "3.49",
            "price": "3.49",
            "pricePerLitre": 7.0,
            "bestPricePerLitre": 7.0
        },
        "store": {
            "id": "adcd3dee-0ead-4b84-944a-809b95e0e36b",
            "name": "New World Southmall"
        }
    },
    {
        "productData": {
            "name": "V Blue Guarana Energy Drink 6pk",
            "productId": "5272988_ea_000",
            "productShopPage": "https://www.newworld.co.nz/shop/product/5272988_ea_000nw",
            "productImageURL": "https://a.fsimg.co.nz/product/retail/fan/image/master/5272988.png",
            "productDescription": "Product of New Zealand",
            "volume": "330mL",
            "multipack": {
                "quantity": "6"
            }
        },
        "priceData": {
            "bestPrice": "11.99",
            "price": "11.99",
            "pricePerLitre": 6.05,
            "bestPricePerLitre": 6.05
        },
        "store": {
            "id": "adcd3dee-0ead-4b84-944a-809b95e0e36b",
            "name": "New World Southmall"
        }
    },
    {
        "productData": {
            "name": "V Blue Can 4pk",
            "productId": "5030249_ea_000",
            "productShopPage": "https://www.newworld.co.nz/shop/product/5030249_ea_000nw",
            "productImageURL": "https://a.fsimg.co.nz/product/retail/fan/image/master/5030249.png",
            "productDescription": "Limit 12 assorted.\n\n\nContains Wheat Derivatives, Caffeine.\n\nProduct of New Zealand",
            "volume": "250mL",
            "multipack": {
                "quantity": "4"
            }
        },
        "priceData": {
            "bestPrice": "5.99",
            "price": "5.99",
            "pricePerLitre": 5.99,
            "bestPricePerLitre": 5.99
        },
        "store": {
            "id": "adcd3dee-0ead-4b84-944a-809b95e0e36b",
            "name": "New World Southmall"
        }
    },
    {
        "productData": {
            "name": "V Energy Drink Sugarfree Cans 4pk",
            "productId": "5004117_ea_000",
            "productShopPage": "https://www.newworld.co.nz/shop/product/5004117_ea_000nw",
            "productImageURL": "https://a.fsimg.co.nz/product/retail/fan/image/master/5004117.png",
            "productDescription": "Limit 12 assorted.\n\n\nSugar Free. Contains Caffeine.\n\nProduct of New Zealand",
            "volume": "250mL",
            "multipack": {
                "quantity": "4"
            }
        },
        "priceData": {
            "bestPrice": "5.99",
            "price": "5.99",
            "pricePerLitre": 5.99,
            "bestPricePerLitre": 5.99
        },
        "store": {
            "id": "adcd3dee-0ead-4b84-944a-809b95e0e36b",
            "name": "New World Southmall"
        }
    },
    {
        "productData": {
            "name": "Monster Mango Loco Energy Drink 500ml",
            "productId": "5242374_ea_000",
            "productShopPage": "https://www.newworld.co.nz/shop/product/5242374_ea_000nw",
            "productImageURL": "https://a.fsimg.co.nz/product/retail/fan/image/master/5242374.png",
            "productDescription": "Product of Imported",
            "volume": "500mL",
            "multipack": {
                "quantity": "1"
            }
        },
        "priceData": {
            "bestPrice": "2.99",
            "price": "2.99",
            "pricePerLitre": 6.0,
            "bestPricePerLitre": 6.0
        },
        "store": {
            "id": "adcd3dee-0ead-4b84-944a-809b95e0e36b",
            "name": "New World Southmall"
        }
    },
    {
        "productData": {
            "name": "Monster Zero Sugar Ultra Rosa Energy Drink 500ml",
            "productId": "5278094_ea_000",
            "productShopPage": "https://www.newworld.co.nz/shop/product/5278094_ea_000nw",
            "productImageURL": "https://a.fsimg.co.nz/product/retail/fan/image/master/5278094.png",
            "productDescription": "Product of Imported",
            "volume": "500mL",
            "multipack": {
                "quantity": "1"
            }
        },
        "priceData": {
            "bestPrice": "2.99",
            "price": "2.99",
            "pricePerLitre": 6.0,
            "bestPricePerLitre": 6.0
        },
        "store": {
            "id": "adcd3dee-0ead-4b84-944a-809b95e0e36b",
            "name": "New World Southmall"
        }
    },
    {
        "productData": {
            "name": "Monster Mule Energy Drink 500ml",
            "productId": "5269459_ea_000",
            "productShopPage": "https://www.newworld.co.nz/shop/product/5269459_ea_000nw",
            "productImageURL": "https://a.fsimg.co.nz/product/retail/fan/image/master/5269459.png",
            "productDescription": "Product of Imported",
            "volume": "500mL",
            "multipack": {
                "quantity": "1"
            }
        },
        "priceData": {
            "bestPrice": "2.99",
            "price": "2.99",
            "pricePerLitre": 6.0,
            "bestPricePerLitre": 6.0
        },
        "store": {
            "id": "adcd3dee-0ead-4b84-944a-809b95e0e36b",
            "name": "New World Southmall"
        }
    },
    {
        "productData": {
            "name": "Monster Ultra Paradise Energy Drink 500ml",
            "productId": "5261257_ea_000",
            "productShopPage": "https://www.newworld.co.nz/shop/product/5261257_ea_000nw",
            "productImageURL": "https://a.fsimg.co.nz/product/retail/fan/image/master/5261257.png",
            "productDescription": "Product of Imported",
            "volume": "500mL",
            "multipack": {
                "quantity": "1"
            }
        },
        "priceData": {
            "bestPrice": "2.99",
            "price": "2.99",
            "pricePerLitre": 6.0,
            "bestPricePerLitre": 6.0
        },
        "store": {
            "id": "adcd3dee-0ead-4b84-944a-809b95e0e36b",
            "name": "New World Southmall"
        }
    },
    {
        "productData": {
            "name": "V Energy Drink Green Cans 4pk",
            "productId": "5002893_ea_000",
            "productShopPage": "https://www.newworld.co.nz/shop/product/5002893_ea_000nw",
            "productImageURL": "https://a.fsimg.co.nz/product/retail/fan/image/master/5002893.png",
            "productDescription": "Limit 12 assorted.\n\n\nContains Caffeine.\n\nProduct of New Zealand",
            "volume": "250mL",
            "multipack": {
                "quantity": "4"
            }
        },
        "priceData": {
            "bestPrice": "5.99",
            "price": "5.99",
            "pricePerLitre": 5.99,
            "bestPricePerLitre": 5.99
        },
        "store": {
            "id": "adcd3dee-0ead-4b84-944a-809b95e0e36b",
            "name": "New World Southmall"
        }
    },
    {
        "productData": {
            "name": "Monster Ultra Zero Drink 500ml",
            "productId": "5090618_ea_000",
            "productShopPage": "https://www.newworld.co.nz/shop/product/5090618_ea_000nw",
            "productImageURL": "https://a.fsimg.co.nz/product/retail/fan/image/master/5090618.png",
            "productDescription": "A little less sweet, lighter-tasting, zero calories, but with a full load of our Monster energy blend. Sure, white is the new black. Monster Energy Zero Ultra. Unleash the Ultra Beast!\n\nProduct of Imported",
            "volume": "500mL",
            "multipack": {
                "quantity": "1"
            }
        },
        "priceData": {
            "bestPrice": "2.99",
            "price": "2.99",
            "pricePerLitre": 6.0,
            "bestPricePerLitre": 6.0
        },
        "store": {
            "id": "adcd3dee-0ead-4b84-944a-809b95e0e36b",
            "name": "New World Southmall"
        }
    },
    {
        "productData": {
            "name": "Monster Super Fuel Zero Sugar Energy Drink 550ml",
            "productId": "5284331_ea_000",
            "productShopPage": "https://www.newworld.co.nz/shop/product/5284331_ea_000nw",
            "productImageURL": "https://a.fsimg.co.nz/product/retail/fan/image/master/5284331.png",
            "productDescription": "Product of Imported",
            "volume": "550mL",
            "multipack": {
                "quantity": "1"
            }
        },
        "priceData": {
            "bestPrice": "3.49",
            "price": "3.49",
            "pricePerLitre": 6.345454545454546,
            "bestPricePerLitre": 6.345454545454546
        },
        "store": {
            "id": "adcd3dee-0ead-4b84-944a-809b95e0e36b",
            "name": "New World Southmall"
        }
    },
    {
        "productData": {
            "name": "Mother Energy Drink Can 500ml",
            "productId": "5011153_ea_000",
            "productShopPage": "https://www.newworld.co.nz/shop/product/5011153_ea_000nw",
            "productImageURL": "https://a.fsimg.co.nz/product/retail/fan/image/master/5011153.png",
            "productDescription": "Contains Caffeine.\n\nProduct of New Zealand",
            "volume": "500mL",
            "multipack": {
                "quantity": "1"
            }
        },
        "priceData": {
            "bestPrice": "1.99",
            "price": "1.99",
            "pricePerLitre": 4.0,
            "bestPricePerLitre": 4.0
        },
        "store": {
            "id": "adcd3dee-0ead-4b84-944a-809b95e0e36b",
            "name": "New World Southmall"
        }
    },
    {
        "productData": {
            "name": "Monster Super Fuel Purple Passion Energy Drink 550ml",
            "productId": "5284332_ea_000",
            "productShopPage": "https://www.newworld.co.nz/shop/product/5284332_ea_000nw",
            "productImageURL": "https://a.fsimg.co.nz/product/retail/fan/image/master/5284332.png",
            "productDescription": "Product of Imported",
            "volume": "550mL",
            "multipack": {
                "quantity": "1"
            }
        },
        "priceData": {
            "bestPrice": "3.49",
            "price": "3.49",
            "pricePerLitre": 6.345454545454546,
            "bestPricePerLitre": 6.345454545454546
        },
        "store": {
            "id": "adcd3dee-0ead-4b84-944a-809b95e0e36b",
            "name": "New World Southmall"
        }
    },
    {
        "productData": {
            "name": "Mother Energy Drink Can 6pk",
            "productId": "5009490_ea_000",
            "productShopPage": "https://www.newworld.co.nz/shop/product/5009490_ea_000nw",
            "productImageURL": "https://a.fsimg.co.nz/product/retail/fan/image/master/5009490.png",
            "productDescription": "Contains Caffeine.\n\nProduct of New Zealand",
            "volume": "250mL",
            "multipack": {
                "quantity": "6"
            }
        },
        "priceData": {
            "bestPrice": "7.49",
            "price": "7.49",
            "pricePerLitre": 5.0,
            "bestPricePerLitre": 5.0
        },
        "store": {
            "id": "adcd3dee-0ead-4b84-944a-809b95e0e36b",
            "name": "New World Southmall"
        }
    },
    {
        "productData": {
            "name": "Monster Pipeline Punch Energy Drink 500ml",
            "productId": "5242373_ea_000",
            "productShopPage": "https://www.newworld.co.nz/shop/product/5242373_ea_000nw",
            "productImageURL": "https://a.fsimg.co.nz/product/retail/fan/image/master/5242373.png",
            "productDescription": "Product of Imported",
            "volume": "500mL",
            "multipack": {
                "quantity": "1"
            }
        },
        "priceData": {
            "bestPrice": "2.99",
            "price": "2.99",
            "pricePerLitre": 6.0,
            "bestPricePerLitre": 6.0
        },
        "store": {
            "id": "adcd3dee-0ead-4b84-944a-809b95e0e36b",
            "name": "New World Southmall"
        }
    },
    {
        "productData": {
            "name": "Monster Energy Drink 500ml",
            "productId": "5007647_ea_000",
            "productShopPage": "https://www.newworld.co.nz/shop/product/5007647_ea_000nw",
            "productImageURL": "https://a.fsimg.co.nz/product/retail/fan/image/master/5007647.png",
            "productDescription": "Contains Caffeine.\n\nProduct of Imported",
            "volume": "500mL",
            "multipack": {
                "quantity": "1"
            }
        },
        "priceData": {
            "bestPrice": "2.99",
            "price": "2.99",
            "pricePerLitre": 6.0,
            "bestPricePerLitre": 6.0
        },
        "store": {
            "id": "adcd3dee-0ead-4b84-944a-809b95e0e36b",
            "name": "New World Southmall"
        }
    },
    {
        "productData": {
            "name": "Monster Ultra Zero Drink 4pk",
            "productId": "5213974_ea_000",
            "productShopPage": "https://www.newworld.co.nz/shop/product/5213974_ea_000nw",
            "productImageURL": "https://a.fsimg.co.nz/product/retail/fan/image/master/5213974.png",
            "productDescription": "Product of Imported",
            "volume": "500mL",
            "multipack": {
                "quantity": "4"
            }
        },
        "priceData": {
            "bestPrice": "11.99",
            "price": "11.99",
            "pricePerLitre": 6.0,
            "bestPricePerLitre": 6.0
        },
        "store": {
            "id": "adcd3dee-0ead-4b84-944a-809b95e0e36b",
            "name": "New World Southmall"
        }
    },
    {
        "productData": {
            "name": "V Sugarfree Guarana Energy Drink 4pk",
            "productId": "5210130_ea_000",
            "productShopPage": "https://www.newworld.co.nz/shop/product/5210130_ea_000nw",
            "productImageURL": "https://a.fsimg.co.nz/product/retail/fan/image/master/5210130.png",
            "productDescription": "Sugarfree\n\nProduct of New Zealand",
            "volume": "275mL",
            "multipack": {
                "quantity": "4"
            }
        },
        "priceData": {
            "bestPrice": "5.99",
            "price": "5.99",
            "pricePerLitre": 5.4,
            "bestPricePerLitre": 5.4
        },
        "store": {
            "id": "adcd3dee-0ead-4b84-944a-809b95e0e36b",
            "name": "New World Southmall"
        }
    },
    {
        "productData": {
            "name": "Monster Energy Drink 4pk",
            "productId": "5107264_ea_000",
            "productShopPage": "https://www.newworld.co.nz/shop/product/5107264_ea_000nw",
            "productImageURL": "https://a.fsimg.co.nz/product/retail/fan/image/master/5107264.png",
            "productDescription": "Product of Imported",
            "volume": "",
            "multipack": {
                "quantity": ""
            }
        },
        "priceData": {
            "bestPrice": "11.99",
            "price": "11.99",
            "pricePerLitre": 6.0,
            "bestPricePerLitre": 6.0
        },
        "store": {
            "id": "adcd3dee-0ead-4b84-944a-809b95e0e36b",
            "name": "New World Southmall"
        }
    },
    {
        "productData": {
            "name": "V Sugarfree Guarana Energy Drink 500ml",
            "productId": "5007644_ea_000",
            "productShopPage": "https://www.newworld.co.nz/shop/product/5007644_ea_000nw",
            "productImageURL": "https://a.fsimg.co.nz/product/retail/fan/image/master/5007644.png",
            "productDescription": "Sugar Free.\n\nProduct of New Zealand",
            "volume": "500mL",
            "multipack": {
                "quantity": "1"
            }
        },
        "priceData": {
            "bestPrice": "3.49",
            "price": "3.49",
            "pricePerLitre": 7.0,
            "bestPricePerLitre": 7.0
        },
        "store": {
            "id": "adcd3dee-0ead-4b84-944a-809b95e0e36b",
            "name": "New World Southmall"
        }
    },
    {
        "productData": {
            "name": "V Original Guarana Energy Drink 500ml",
            "productId": "5004703_ea_000",
            "productShopPage": "https://www.newworld.co.nz/shop/product/5004703_ea_000nw",
            "productImageURL": "https://a.fsimg.co.nz/product/retail/fan/image/master/5004703.png",
            "productDescription": "Contains Caffeine.\n\nProduct of New Zealand",
            "volume": "500mL",
            "multipack": {
                "quantity": "1"
            }
        },
        "priceData": {
            "bestPrice": "3.49",
            "price": "3.49",
            "pricePerLitre": 7.0,
            "bestPricePerLitre": 7.0
        },
        "store": {
            "id": "adcd3dee-0ead-4b84-944a-809b95e0e36b",
            "name": "New World Southmall"
        }
    },
    {
        "productData": {
            "name": "V Original Guarana Energy Drink 500ml",
            "productId": "5007441_ea_000",
            "productShopPage": "https://www.newworld.co.nz/shop/product/5007441_ea_000nw",
            "productImageURL": "https://a.fsimg.co.nz/product/retail/fan/image/master/5007441.png",
            "productDescription": "Buy 2 for $5.00.\n\n\nContains Wheat Derivatives, Caffeine.\n\nProduct of New Zealand",
            "volume": "500mL",
            "multipack": {
                "quantity": "1"
            }
        },
        "priceData": {
            "bestPrice": 2.5,
            "price": 2.0,
            "pricePerLitre": 4.0,
            "bestPricePerLitre": 5.0,
            "multiBuy": {
                "quantity": 2.0,
                "value": 5.0,
                "perUnit": 2.5
            }
        },
        "store": {
            "id": "adcd3dee-0ead-4b84-944a-809b95e0e36b",
            "name": "New World Southmall"
        }
    },
    {
        "productData": {
            "name": "V Blue Guarana Energy Drink 250ml",
            "productId": "5007495_ea_000",
            "productShopPage": "https://www.newworld.co.nz/shop/product/5007495_ea_000nw",
            "productImageURL": "https://a.fsimg.co.nz/product/retail/fan/image/master/5007495.png",
            "productDescription": "Contains Caffeine, Wheat Derivatives.\n\nProduct of New Zealand",
            "volume": "250mL",
            "multipack": {
                "quantity": "1"
            }
        },
        "priceData": {
            "bestPrice": "1.99",
            "price": "1.99",
            "pricePerLitre": 8.0,
            "bestPricePerLitre": 8.0
        },
        "store": {
            "id": "02874261-edfe-4daa-886c-09429e2d06d7",
            "name": "New World Stratford"
        }
    },
    {
        "productData": {
            "name": "V Sugarfree Guarana Energy Drink 250ml",
            "productId": "5001639_ea_000",
            "productShopPage": "https://www.newworld.co.nz/shop/product/5001639_ea_000nw",
            "productImageURL": "https://a.fsimg.co.nz/product/retail/fan/image/master/5001639.png",
            "productDescription": "Sugar Free. Contains Caffeine.\n\nProduct of New Zealand",
            "volume": "250mL",
            "multipack": {
                "quantity": "1"
            }
        },
        "priceData": {
            "bestPrice": "1.99",
            "price": "1.99",
            "pricePerLitre": 8.0,
            "bestPricePerLitre": 8.0
        },
        "store": {
            "id": "02874261-edfe-4daa-886c-09429e2d06d7",
            "name": "New World Stratford"
        }
    },
    {
        "productData": {
            "name": "Live Plus Persist Energy Drink 250ml",
            "productId": "5236678_ea_000",
            "productShopPage": "https://www.newworld.co.nz/shop/product/5236678_ea_000nw",
            "productImageURL": "https://a.fsimg.co.nz/product/retail/fan/image/master/5236678.png",
            "productDescription": "Limit 12 assorted.\n\n\n\n\nProduct of New Zealand",
            "volume": "",
            "multipack": {
                "quantity": ""
            }
        },
        "priceData": {
            "bestPrice": "0.99",
            "price": "0.99"
        },
        "store": {
            "id": "02874261-edfe-4daa-886c-09429e2d06d7",
            "name": "New World Stratford"
        }
    },
    {
        "productData": {
            "name": "V Green Guarana Energy Drink 10pk",
            "productId": "5289889_ea_000",
            "productShopPage": "https://www.newworld.co.nz/shop/product/5289889_ea_000nw",
            "productImageURL": "https://a.fsimg.co.nz/product/retail/fan/image/master/5289889.png",
            "productDescription": "Product of New Zealand",
            "volume": "250mL",
            "multipack": {
                "quantity": "10"
            }
        },
        "priceData": {
            "bestPrice": "17.99",
            "price": "17.99",
            "pricePerLitre": 7.2,
            "bestPricePerLitre": 7.2
        },
        "store": {
            "id": "02874261-edfe-4daa-886c-09429e2d06d7",
            "name": "New World Stratford"
        }
    },
    {
        "productData": {
            "name": "V Sugarfree Blue Guarana Energy Drink 500ml",
            "productId": "5283362_ea_000",
            "productShopPage": "https://www.newworld.co.nz/shop/product/5283362_ea_000nw",
            "productImageURL": "https://a.fsimg.co.nz/product/retail/fan/image/master/5283362.png",
            "productDescription": "Sugar free\n\nProduct of New Zealand",
            "volume": "500mL",
            "multipack": {
                "quantity": "1"
            }
        },
        "priceData": {
            "bestPrice": "3.49",
            "price": "3.49",
            "pricePerLitre": 7.0,
            "bestPricePerLitre": 7.0
        },
        "store": {
            "id": "02874261-edfe-4daa-886c-09429e2d06d7",
            "name": "New World Stratford"
        }
    },
    {
        "productData": {
            "name": "V Original Guarana Energy Drink 350ml",
            "productId": "5003156_ea_000",
            "productShopPage": "https://www.newworld.co.nz/shop/product/5003156_ea_000nw",
            "productImageURL": "https://a.fsimg.co.nz/product/retail/fan/image/master/5003156.png",
            "productDescription": "Buy 2 for $5.00.\n\n\nContains Caffeine.\n\nProduct of New Zealand",
            "volume": "350mL",
            "multipack": {
                "quantity": "1"
            }
        },
        "priceData": {
            "bestPrice": 2.5,
            "price": 2.0,
            "pricePerLitre": 5.714285714285714,
            "bestPricePerLitre": 7.142857142857143,
            "multiBuy": {
                "quantity": 2.0,
                "value": 5.0,
                "perUnit": 2.5
            }
        },
        "store": {
            "id": "02874261-edfe-4daa-886c-09429e2d06d7",
            "name": "New World Stratford"
        }
    },
    {
        "productData": {
            "name": "V Blue Guarana Energy Drink 350ml",
            "productId": "5007492_ea_000",
            "productShopPage": "https://www.newworld.co.nz/shop/product/5007492_ea_000nw",
            "productImageURL": "https://a.fsimg.co.nz/product/retail/fan/image/master/5007492.png",
            "productDescription": "Buy 2 for $5.00.\n\n\nContains Caffeine, Wheat Derivatives.\n\nProduct of New Zealand",
            "volume": "350mL",
            "multipack": {
                "quantity": "1"
            }
        },
        "priceData": {
            "bestPrice": 2.5,
            "price": 2.0,
            "pricePerLitre": 5.714285714285714,
            "bestPricePerLitre": 7.142857142857143,
            "multiBuy": {
                "quantity": 2.0,
                "value": 5.0,
                "perUnit": 2.5
            }
        },
        "store": {
            "id": "02874261-edfe-4daa-886c-09429e2d06d7",
            "name": "New World Stratford"
        }
    },
    {
        "productData": {
            "name": "V Blue Energy Drink 500ml",
            "productId": "5020662_ea_000",
            "productShopPage": "https://www.newworld.co.nz/shop/product/5020662_ea_000nw",
            "productImageURL": "https://a.fsimg.co.nz/product/retail/fan/image/master/5020662.png",
            "productDescription": "Buy 2 for $5.00.\n\n\n\n\nProduct of New Zealand",
            "volume": "500mL",
            "multipack": {
                "quantity": "1"
            }
        },
        "priceData": {
            "bestPrice": 2.5,
            "price": 2.0,
            "pricePerLitre": 4.0,
            "bestPricePerLitre": 5.0,
            "multiBuy": {
                "quantity": 2.0,
                "value": 5.0,
                "perUnit": 2.5
            }
        },
        "store": {
            "id": "02874261-edfe-4daa-886c-09429e2d06d7",
            "name": "New World Stratford"
        }
    },
    {
        "productData": {
            "name": "V Blue Guarana Energy Drink 500ml",
            "productId": "5007494_ea_000",
            "productShopPage": "https://www.newworld.co.nz/shop/product/5007494_ea_000nw",
            "productImageURL": "https://a.fsimg.co.nz/product/retail/fan/image/master/5007494.png",
            "productDescription": "Contains Wheat Derivatives, Caffeine.\n\nProduct of New Zealand",
            "volume": "500mL",
            "multipack": {
                "quantity": "1"
            }
        },
        "priceData": {
            "bestPrice": "3.49",
            "price": "3.49",
            "pricePerLitre": 7.0,
            "bestPricePerLitre": 7.0
        },
        "store": {
            "id": "02874261-edfe-4daa-886c-09429e2d06d7",
            "name": "New World Stratford"
        }
    },
    {
        "productData": {
            "name": "Red Bull Energy Drink 473ml",
            "productId": "5005255_ea_000",
            "productShopPage": "https://www.newworld.co.nz/shop/product/5005255_ea_000nw",
            "productImageURL": "https://a.fsimg.co.nz/product/retail/fan/image/master/5005255.png",
            "productDescription": "Red Bull Energy Drink's special formula contains ingredients of high quality: Caffeine, Taurine, B-Group Vitamins, Sugars, Alpine Water.One 250ml can of Red Bull Energy Drinks contains 80 mg of caffeine, about the same amount as in a cup of home-brewed coffee.The amount of sugars in a can of Red Bull Energy Drink is comparable to the level of sugars in an equivalent amount of apple or orange juice – 11 g per 100ml.Red Bull cans are made of 100% recyclable aluminium.Red Bull Energy Drink 473ml canVitalizes Body and Mind.®RED BULL GIVES YOU WINGSInspired by functional drinks from the Far East, Dietrich Mateschitz founded Red Bull in the mid-1980s. He developed a new product and a unique marketing concept and launched Red Bull Energy Drink on April 1, 1987 in Austria. A brand new product category - Energy Drinks - was born.\n\nProduct of Imported",
            "volume": "473mL",
            "multipack": {
                "quantity": "1"
            }
        },
        "priceData": {
            "bestPrice": "3.59",
            "price": "3.59",
            "pricePerLitre": 7.6,
            "bestPricePerLitre": 7.6
        },
        "store": {
            "id": "02874261-edfe-4daa-886c-09429e2d06d7",
            "name": "New World Stratford"
        }
    },
    {
        "productData": {
            "name": "V Original Guarana Energy Drink 250ml",
            "productId": "5003151_ea_000",
            "productShopPage": "https://www.newworld.co.nz/shop/product/5003151_ea_000nw",
            "productImageURL": "https://a.fsimg.co.nz/product/retail/fan/image/master/5003151.png",
            "productDescription": "Contains Caffeine.\n\nProduct of New Zealand",
            "volume": "250mL",
            "multipack": {
                "quantity": "1"
            }
        },
        "priceData": {
            "bestPrice": "1.99",
            "price": "1.99",
            "pricePerLitre": 8.0,
            "bestPricePerLitre": 8.0
        },
        "store": {
            "id": "02874261-edfe-4daa-886c-09429e2d06d7",
            "name": "New World Stratford"
        }
    },
    {
        "productData": {
            "name": "Red Bull Energy Drink 250ml Cans 4pk",
            "productId": "5001443_ea_000",
            "productShopPage": "https://www.newworld.co.nz/shop/product/5001443_ea_000nw",
            "productImageURL": "https://a.fsimg.co.nz/product/retail/fan/image/master/5001443.png",
            "productDescription": "Red Bull Energy Drink's special formula contains ingredients of high quality: Caffeine, Taurine, B-Group Vitamins, Sugars, Alpine Water.One 250ml can of Red Bull Energy Drinks contains 80 mg of caffeine, about the same amount as in a cup of home-brewed coffee.The amount of sugars in a can of Red Bull Energy Drink is comparable to the level of sugars in an equivalent amount of apple or orange juice – 11 g per 100ml.Red Bull cans are made of 100% recyclable aluminium.Pack of four 250ml Red Bull Energy Drink cansVitalizes Body and Mind.®RED BULL GIVES YOU WINGSInspired by functional drinks from the Far East, Dietrich Mateschitz founded Red Bull in the mid-1980s. He developed a new product and a unique marketing concept and launched Red Bull Energy Drink on April 1, 1987 in Austria. A brand new product category - Energy Drinks - was born.",
            "volume": "250mL",
            "multipack": {
                "quantity": "4"
            }
        },
        "priceData": {
            "bestPrice": "8.29",
            "price": "8.29",
            "pricePerLitre": 8.299999999999999,
            "bestPricePerLitre": 8.299999999999999
        },
        "store": {
            "id": "02874261-edfe-4daa-886c-09429e2d06d7",
            "name": "New World Stratford"
        }
    },
    {
        "productData": {
            "name": "Rockstar Watermelon Freeze Energy Drink 500ml",
            "productId": "5257298_ea_000",
            "productShopPage": "https://www.newworld.co.nz/shop/product/5257298_ea_000nw",
            "productImageURL": "https://a.fsimg.co.nz/product/retail/fan/image/master/5257298.png",
            "productDescription": "Buy 3 for $5.00.\n\n\n\n\nProduct of New Zealand",
            "volume": "500mL",
            "multipack": {
                "quantity": "1"
            }
        },
        "priceData": {
            "bestPrice": 1.6666666666666667,
            "price": 1.0,
            "pricePerLitre": 2.0,
            "bestPricePerLitre": 3.3333333333333335,
            "multiBuy": {
                "quantity": 3.0,
                "value": 5.0,
                "perUnit": 1.6666666666666667
            }
        },
        "store": {
            "id": "02874261-edfe-4daa-886c-09429e2d06d7",
            "name": "New World Stratford"
        }
    },
    {
        "productData": {
            "name": "V Raspberry Lemonade Can 500ml",
            "productId": "5264523_ea_000",
            "productShopPage": "https://www.newworld.co.nz/shop/product/5264523_ea_000nw",
            "productImageURL": "https://a.fsimg.co.nz/product/retail/fan/image/master/5264523.png",
            "productDescription": "Product of New Zealand",
            "volume": "500mL",
            "multipack": {
                "quantity": "1"
            }
        },
        "priceData": {
            "bestPrice": "3.49",
            "price": "3.49",
            "pricePerLitre": 7.0,
            "bestPricePerLitre": 7.0
        },
        "store": {
            "id": "02874261-edfe-4daa-886c-09429e2d06d7",
            "name": "New World Stratford"
        }
    },
    {
        "productData": {
            "name": "V Blue Can 4pk",
            "productId": "5030249_ea_000",
            "productShopPage": "https://www.newworld.co.nz/shop/product/5030249_ea_000nw",
            "productImageURL": "https://a.fsimg.co.nz/product/retail/fan/image/master/5030249.png",
            "productDescription": "Limit 12 assorted.\n\n\nContains Wheat Derivatives, Caffeine.\n\nProduct of New Zealand",
            "volume": "250mL",
            "multipack": {
                "quantity": "4"
            }
        },
        "priceData": {
            "bestPrice": "5.99",
            "price": "5.99",
            "pricePerLitre": 5.99,
            "bestPricePerLitre": 5.99
        },
        "store": {
            "id": "02874261-edfe-4daa-886c-09429e2d06d7",
            "name": "New World Stratford"
        }
    },
    {
        "productData": {
            "name": "Monster Mule Energy Drink 500ml",
            "productId": "5269459_ea_000",
            "productShopPage": "https://www.newworld.co.nz/shop/product/5269459_ea_000nw",
            "productImageURL": "https://a.fsimg.co.nz/product/retail/fan/image/master/5269459.png",
            "productDescription": "Product of Imported",
            "volume": "500mL",
            "multipack": {
                "quantity": "1"
            }
        },
        "priceData": {
            "bestPrice": "2.99",
            "price": "2.99",
            "pricePerLitre": 6.0,
            "bestPricePerLitre": 6.0
        },
        "store": {
            "id": "02874261-edfe-4daa-886c-09429e2d06d7",
            "name": "New World Stratford"
        }
    },
    {
        "productData": {
            "name": "V Energy Drink Green Cans 4pk",
            "productId": "5002893_ea_000",
            "productShopPage": "https://www.newworld.co.nz/shop/product/5002893_ea_000nw",
            "productImageURL": "https://a.fsimg.co.nz/product/retail/fan/image/master/5002893.png",
            "productDescription": "Limit 12 assorted.\n\n\nContains Caffeine.\n\nProduct of New Zealand",
            "volume": "250mL",
            "multipack": {
                "quantity": "4"
            }
        },
        "priceData": {
            "bestPrice": "5.99",
            "price": "5.99",
            "pricePerLitre": 5.99,
            "bestPricePerLitre": 5.99
        },
        "store": {
            "id": "02874261-edfe-4daa-886c-09429e2d06d7",
            "name": "New World Stratford"
        }
    },
    {
        "productData": {
            "name": "Monster Ultra Zero Drink 500ml",
            "productId": "5090618_ea_000",
            "productShopPage": "https://www.newworld.co.nz/shop/product/5090618_ea_000nw",
            "productImageURL": "https://a.fsimg.co.nz/product/retail/fan/image/master/5090618.png",
            "productDescription": "A little less sweet, lighter-tasting, zero calories, but with a full load of our Monster energy blend. Sure, white is the new black. Monster Energy Zero Ultra. Unleash the Ultra Beast!\n\nProduct of Imported",
            "volume": "500mL",
            "multipack": {
                "quantity": "1"
            }
        },
        "priceData": {
            "bestPrice": "2.99",
            "price": "2.99",
            "pricePerLitre": 6.0,
            "bestPricePerLitre": 6.0
        },
        "store": {
            "id": "02874261-edfe-4daa-886c-09429e2d06d7",
            "name": "New World Stratford"
        }
    },
    {
        "productData": {
            "name": "Mother Energy Drink Can 500ml",
            "productId": "5011153_ea_000",
            "productShopPage": "https://www.newworld.co.nz/shop/product/5011153_ea_000nw",
            "productImageURL": "https://a.fsimg.co.nz/product/retail/fan/image/master/5011153.png",
            "productDescription": "Contains Caffeine.\n\nProduct of New Zealand",
            "volume": "500mL",
            "multipack": {
                "quantity": "1"
            }
        },
        "priceData": {
            "bestPrice": "1.99",
            "price": "1.99",
            "pricePerLitre": 4.0,
            "bestPricePerLitre": 4.0
        },
        "store": {
            "id": "02874261-edfe-4daa-886c-09429e2d06d7",
            "name": "New World Stratford"
        }
    },
    {
        "productData": {
            "name": "Monster Pipeline Punch Energy Drink 500ml",
            "productId": "5242373_ea_000",
            "productShopPage": "https://www.newworld.co.nz/shop/product/5242373_ea_000nw",
            "productImageURL": "https://a.fsimg.co.nz/product/retail/fan/image/master/5242373.png",
            "productDescription": "Product of Imported",
            "volume": "500mL",
            "multipack": {
                "quantity": "1"
            }
        },
        "priceData": {
            "bestPrice": "2.99",
            "price": "2.99",
            "pricePerLitre": 6.0,
            "bestPricePerLitre": 6.0
        },
        "store": {
            "id": "02874261-edfe-4daa-886c-09429e2d06d7",
            "name": "New World Stratford"
        }
    },
    {
        "productData": {
            "name": "Monster Energy Drink 500ml",
            "productId": "5007647_ea_000",
            "productShopPage": "https://www.newworld.co.nz/shop/product/5007647_ea_000nw",
            "productImageURL": "https://a.fsimg.co.nz/product/retail/fan/image/master/5007647.png",
            "productDescription": "Contains Caffeine.\n\nProduct of Imported",
            "volume": "500mL",
            "multipack": {
                "quantity": "1"
            }
        },
        "priceData": {
            "bestPrice": "2.99",
            "price": "2.99",
            "pricePerLitre": 6.0,
            "bestPricePerLitre": 6.0
        },
        "store": {
            "id": "02874261-edfe-4daa-886c-09429e2d06d7",
            "name": "New World Stratford"
        }
    },
    {
        "productData": {
            "name": "V Sugarfree Guarana Energy Drink 500ml",
            "productId": "5007644_ea_000",
            "productShopPage": "https://www.newworld.co.nz/shop/product/5007644_ea_000nw",
            "productImageURL": "https://a.fsimg.co.nz/product/retail/fan/image/master/5007644.png",
            "productDescription": "Sugar Free.\n\nProduct of New Zealand",
            "volume": "500mL",
            "multipack": {
                "quantity": "1"
            }
        },
        "priceData": {
            "bestPrice": "3.49",
            "price": "3.49",
            "pricePerLitre": 7.0,
            "bestPricePerLitre": 7.0
        },
        "store": {
            "id": "02874261-edfe-4daa-886c-09429e2d06d7",
            "name": "New World Stratford"
        }
    },
    {
        "productData": {
            "name": "V Original Guarana Energy Drink 500ml",
            "productId": "5004703_ea_000",
            "productShopPage": "https://www.newworld.co.nz/shop/product/5004703_ea_000nw",
            "productImageURL": "https://a.fsimg.co.nz/product/retail/fan/image/master/5004703.png",
            "productDescription": "Contains Caffeine.\n\nProduct of New Zealand",
            "volume": "500mL",
            "multipack": {
                "quantity": "1"
            }
        },
        "priceData": {
            "bestPrice": "3.49",
            "price": "3.49",
            "pricePerLitre": 7.0,
            "bestPricePerLitre": 7.0
        },
        "store": {
            "id": "02874261-edfe-4daa-886c-09429e2d06d7",
            "name": "New World Stratford"
        }
    },
    {
        "productData": {
            "name": "V Original Guarana Energy Drink 500ml",
            "productId": "5007441_ea_000",
            "productShopPage": "https://www.newworld.co.nz/shop/product/5007441_ea_000nw",
            "productImageURL": "https://a.fsimg.co.nz/product/retail/fan/image/master/5007441.png",
            "productDescription": "Buy 2 for $5.00.\n\n\nContains Wheat Derivatives, Caffeine.\n\nProduct of New Zealand",
            "volume": "500mL",
            "multipack": {
                "quantity": "1"
            }
        },
        "priceData": {
            "bestPrice": 2.5,
            "price": 2.0,
            "pricePerLitre": 4.0,
            "bestPricePerLitre": 5.0,
            "multiBuy": {
                "quantity": 2.0,
                "value": 5.0,
                "perUnit": 2.5
            }
        },
        "store": {
            "id": "02874261-edfe-4daa-886c-09429e2d06d7",
            "name": "New World Stratford"
        }
    },
    {
        "productData": {
            "name": "V Blue Guarana Energy Drink 250ml",
            "productId": "5007495_ea_000",
            "productShopPage": "https://www.newworld.co.nz/shop/product/5007495_ea_000nw",
            "productImageURL": "https://a.fsimg.co.nz/product/retail/fan/image/master/5007495.png",
            "productDescription": "Contains Caffeine, Wheat Derivatives.\n\nProduct of New Zealand",
            "volume": "250mL",
            "multipack": {
                "quantity": "1"
            }
        },
        "priceData": {
            "bestPrice": "1.99",
            "price": "1.99",
            "pricePerLitre": 8.0,
            "bestPricePerLitre": 8.0
        },
        "store": {
            "id": "64c24e04-516d-40b3-958c-96b15797684a",
            "name": "New World Glenview"
        }
    },
    {
        "productData": {
            "name": "Live Plus Tart Apple Energy Drink 250ml",
            "productId": "5236676_ea_000",
            "productShopPage": "https://www.newworld.co.nz/shop/product/5236676_ea_000nw",
            "productImageURL": "https://a.fsimg.co.nz/product/retail/fan/image/master/5236676.png",
            "productDescription": "Limit 12 assorted.\n\n\n\n\nProduct of New Zealand",
            "volume": "250mL",
            "multipack": {
                "quantity": "1"
            }
        },
        "priceData": {
            "bestPrice": "0.99",
            "price": "0.99",
            "pricePerLitre": 3.96,
            "bestPricePerLitre": 3.96
        },
        "store": {
            "id": "64c24e04-516d-40b3-958c-96b15797684a",
            "name": "New World Glenview"
        }
    },
    {
        "productData": {
            "name": "Live Plus Persist Energy Drink 250ml",
            "productId": "5236678_ea_000",
            "productShopPage": "https://www.newworld.co.nz/shop/product/5236678_ea_000nw",
            "productImageURL": "https://a.fsimg.co.nz/product/retail/fan/image/master/5236678.png",
            "productDescription": "Limit 12 assorted.\n\n\n\n\nProduct of New Zealand",
            "volume": "",
            "multipack": {
                "quantity": ""
            }
        },
        "priceData": {
            "bestPrice": "0.99",
            "price": "0.99"
        },
        "store": {
            "id": "64c24e04-516d-40b3-958c-96b15797684a",
            "name": "New World Glenview"
        }
    },
    {
        "productData": {
            "name": "V Sugarfree Blue Guarana Energy Drink 500ml",
            "productId": "5283362_ea_000",
            "productShopPage": "https://www.newworld.co.nz/shop/product/5283362_ea_000nw",
            "productImageURL": "https://a.fsimg.co.nz/product/retail/fan/image/master/5283362.png",
            "productDescription": "Sugar free\n\nProduct of New Zealand",
            "volume": "500mL",
            "multipack": {
                "quantity": "1"
            }
        },
        "priceData": {
            "bestPrice": "3.49",
            "price": "3.49",
            "pricePerLitre": 7.0,
            "bestPricePerLitre": 7.0
        },
        "store": {
            "id": "64c24e04-516d-40b3-958c-96b15797684a",
            "name": "New World Glenview"
        }
    },
    {
        "productData": {
            "name": "V Original Guarana Energy Drink 350ml",
            "productId": "5003156_ea_000",
            "productShopPage": "https://www.newworld.co.nz/shop/product/5003156_ea_000nw",
            "productImageURL": "https://a.fsimg.co.nz/product/retail/fan/image/master/5003156.png",
            "productDescription": "Buy 2 for $5.00.\n\n\nContains Caffeine.\n\nProduct of New Zealand",
            "volume": "350mL",
            "multipack": {
                "quantity": "1"
            }
        },
        "priceData": {
            "bestPrice": 2.5,
            "price": 2.0,
            "pricePerLitre": 5.714285714285714,
            "bestPricePerLitre": 7.142857142857143,
            "multiBuy": {
                "quantity": 2.0,
                "value": 5.0,
                "perUnit": 2.5
            }
        },
        "store": {
            "id": "64c24e04-516d-40b3-958c-96b15797684a",
            "name": "New World Glenview"
        }
    },
    {
        "productData": {
            "name": "V Blue Guarana Energy Drink 350ml",
            "productId": "5007492_ea_000",
            "productShopPage": "https://www.newworld.co.nz/shop/product/5007492_ea_000nw",
            "productImageURL": "https://a.fsimg.co.nz/product/retail/fan/image/master/5007492.png",
            "productDescription": "Buy 2 for $5.00.\n\n\nContains Caffeine, Wheat Derivatives.\n\nProduct of New Zealand",
            "volume": "350mL",
            "multipack": {
                "quantity": "1"
            }
        },
        "priceData": {
            "bestPrice": 2.5,
            "price": 2.0,
            "pricePerLitre": 5.714285714285714,
            "bestPricePerLitre": 7.142857142857143,
            "multiBuy": {
                "quantity": 2.0,
                "value": 5.0,
                "perUnit": 2.5
            }
        },
        "store": {
            "id": "64c24e04-516d-40b3-958c-96b15797684a",
            "name": "New World Glenview"
        }
    },
    {
        "productData": {
            "name": "V Blue Energy Drink 500ml",
            "productId": "5020662_ea_000",
            "productShopPage": "https://www.newworld.co.nz/shop/product/5020662_ea_000nw",
            "productImageURL": "https://a.fsimg.co.nz/product/retail/fan/image/master/5020662.png",
            "productDescription": "Buy 2 for $5.00.\n\n\n\n\nProduct of New Zealand",
            "volume": "500mL",
            "multipack": {
                "quantity": "1"
            }
        },
        "priceData": {
            "bestPrice": 2.5,
            "price": 2.0,
            "pricePerLitre": 4.0,
            "bestPricePerLitre": 5.0,
            "multiBuy": {
                "quantity": 2.0,
                "value": 5.0,
                "perUnit": 2.5
            }
        },
        "store": {
            "id": "64c24e04-516d-40b3-958c-96b15797684a",
            "name": "New World Glenview"
        }
    },
    {
        "productData": {
            "name": "V Blue Guarana Energy Drink 500ml",
            "productId": "5007494_ea_000",
            "productShopPage": "https://www.newworld.co.nz/shop/product/5007494_ea_000nw",
            "productImageURL": "https://a.fsimg.co.nz/product/retail/fan/image/master/5007494.png",
            "productDescription": "Contains Wheat Derivatives, Caffeine.\n\nProduct of New Zealand",
            "volume": "500mL",
            "multipack": {
                "quantity": "1"
            }
        },
        "priceData": {
            "bestPrice": "3.49",
            "price": "3.49",
            "pricePerLitre": 7.0,
            "bestPricePerLitre": 7.0
        },
        "store": {
            "id": "64c24e04-516d-40b3-958c-96b15797684a",
            "name": "New World Glenview"
        }
    },
    {
        "productData": {
            "name": "Red Bull Energy Drink 473ml",
            "productId": "5005255_ea_000",
            "productShopPage": "https://www.newworld.co.nz/shop/product/5005255_ea_000nw",
            "productImageURL": "https://a.fsimg.co.nz/product/retail/fan/image/master/5005255.png",
            "productDescription": "Red Bull Energy Drink's special formula contains ingredients of high quality: Caffeine, Taurine, B-Group Vitamins, Sugars, Alpine Water.One 250ml can of Red Bull Energy Drinks contains 80 mg of caffeine, about the same amount as in a cup of home-brewed coffee.The amount of sugars in a can of Red Bull Energy Drink is comparable to the level of sugars in an equivalent amount of apple or orange juice – 11 g per 100ml.Red Bull cans are made of 100% recyclable aluminium.Red Bull Energy Drink 473ml canVitalizes Body and Mind.®RED BULL GIVES YOU WINGSInspired by functional drinks from the Far East, Dietrich Mateschitz founded Red Bull in the mid-1980s. He developed a new product and a unique marketing concept and launched Red Bull Energy Drink on April 1, 1987 in Austria. A brand new product category - Energy Drinks - was born.\n\nProduct of Imported",
            "volume": "473mL",
            "multipack": {
                "quantity": "1"
            }
        },
        "priceData": {
            "bestPrice": "3.59",
            "price": "3.59",
            "pricePerLitre": 7.6,
            "bestPricePerLitre": 7.6
        },
        "store": {
            "id": "64c24e04-516d-40b3-958c-96b15797684a",
            "name": "New World Glenview"
        }
    },
    {
        "productData": {
            "name": "V Original Guarana Energy Drink 250ml",
            "productId": "5003151_ea_000",
            "productShopPage": "https://www.newworld.co.nz/shop/product/5003151_ea_000nw",
            "productImageURL": "https://a.fsimg.co.nz/product/retail/fan/image/master/5003151.png",
            "productDescription": "Contains Caffeine.\n\nProduct of New Zealand",
            "volume": "250mL",
            "multipack": {
                "quantity": "1"
            }
        },
        "priceData": {
            "bestPrice": "1.99",
            "price": "1.99",
            "pricePerLitre": 8.0,
            "bestPricePerLitre": 8.0
        },
        "store": {
            "id": "64c24e04-516d-40b3-958c-96b15797684a",
            "name": "New World Glenview"
        }
    },
    {
        "productData": {
            "name": "Red Bull Energy Drink 250ml Cans 4pk",
            "productId": "5001443_ea_000",
            "productShopPage": "https://www.newworld.co.nz/shop/product/5001443_ea_000nw",
            "productImageURL": "https://a.fsimg.co.nz/product/retail/fan/image/master/5001443.png",
            "productDescription": "Red Bull Energy Drink's special formula contains ingredients of high quality: Caffeine, Taurine, B-Group Vitamins, Sugars, Alpine Water.One 250ml can of Red Bull Energy Drinks contains 80 mg of caffeine, about the same amount as in a cup of home-brewed coffee.The amount of sugars in a can of Red Bull Energy Drink is comparable to the level of sugars in an equivalent amount of apple or orange juice – 11 g per 100ml.Red Bull cans are made of 100% recyclable aluminium.Pack of four 250ml Red Bull Energy Drink cansVitalizes Body and Mind.®RED BULL GIVES YOU WINGSInspired by functional drinks from the Far East, Dietrich Mateschitz founded Red Bull in the mid-1980s. He developed a new product and a unique marketing concept and launched Red Bull Energy Drink on April 1, 1987 in Austria. A brand new product category - Energy Drinks - was born.",
            "volume": "250mL",
            "multipack": {
                "quantity": "4"
            }
        },
        "priceData": {
            "bestPrice": "8.29",
            "price": "8.29",
            "pricePerLitre": 8.299999999999999,
            "bestPricePerLitre": 8.299999999999999
        },
        "store": {
            "id": "64c24e04-516d-40b3-958c-96b15797684a",
            "name": "New World Glenview"
        }
    },
    {
        "productData": {
            "name": "Lucozade Orange Energy Drink 380ml",
            "productId": "5009239_ea_000",
            "productShopPage": "https://www.newworld.co.nz/shop/product/5009239_ea_000nw",
            "productImageURL": "https://a.fsimg.co.nz/product/retail/fan/image/master/5009239.png",
            "productDescription": "Powered by Glucose.\n\nProduct of New Zealand",
            "volume": "380mL",
            "multipack": {
                "quantity": "1"
            }
        },
        "priceData": {
            "bestPrice": "2.69",
            "price": "2.69",
            "pricePerLitre": 7.08,
            "bestPricePerLitre": 7.08
        },
        "store": {
            "id": "64c24e04-516d-40b3-958c-96b15797684a",
            "name": "New World Glenview"
        }
    },
    {
        "productData": {
            "name": "V Pure Natural Energy Drink Glass Bottle 330ml",
            "productId": "5237753_ea_000",
            "productShopPage": "https://www.newworld.co.nz/shop/product/5237753_ea_000nw",
            "productImageURL": "https://a.fsimg.co.nz/product/retail/fan/image/master/5237753.png",
            "productDescription": "Buy 2 for $5.00.\n\n\nNothing artificial\n\nProduct of New Zealand",
            "volume": "330mL",
            "multipack": {
                "quantity": "1"
            }
        },
        "priceData": {
            "bestPrice": 2.5,
            "price": 2.0,
            "pricePerLitre": 6.0606060606060606,
            "bestPricePerLitre": 7.575757575757575,
            "multiBuy": {
                "quantity": 2.0,
                "value": 5.0,
                "perUnit": 2.5
            }
        },
        "store": {
            "id": "64c24e04-516d-40b3-958c-96b15797684a",
            "name": "New World Glenview"
        }
    },
    {
        "productData": {
            "name": "Lucozade Original Energy Drink 380ml",
            "productId": "5009240_ea_000",
            "productShopPage": "https://www.newworld.co.nz/shop/product/5009240_ea_000nw",
            "productImageURL": "https://a.fsimg.co.nz/product/retail/fan/image/master/5009240.png",
            "productDescription": "Energy from Glucose.\n\nProduct of New Zealand",
            "volume": "380mL",
            "multipack": {
                "quantity": "1"
            }
        },
        "priceData": {
            "bestPrice": "2.69",
            "price": "2.69",
            "pricePerLitre": 7.08,
            "bestPricePerLitre": 7.08
        },
        "store": {
            "id": "64c24e04-516d-40b3-958c-96b15797684a",
            "name": "New World Glenview"
        }
    },
    {
        "productData": {
            "name": "Rockstar Watermelon Freeze Energy Drink 500ml",
            "productId": "5257298_ea_000",
            "productShopPage": "https://www.newworld.co.nz/shop/product/5257298_ea_000nw",
            "productImageURL": "https://a.fsimg.co.nz/product/retail/fan/image/master/5257298.png",
            "productDescription": "Buy 3 for $5.00.\n\n\n\n\nProduct of New Zealand",
            "volume": "500mL",
            "multipack": {
                "quantity": "1"
            }
        },
        "priceData": {
            "bestPrice": 1.6666666666666667,
            "price": 1.0,
            "pricePerLitre": 2.0,
            "bestPricePerLitre": 3.3333333333333335,
            "multiBuy": {
                "quantity": 3.0,
                "value": 5.0,
                "perUnit": 1.6666666666666667
            }
        },
        "store": {
            "id": "64c24e04-516d-40b3-958c-96b15797684a",
            "name": "New World Glenview"
        }
    },
    {
        "productData": {
            "name": "Rockstar Original Energy Drink 500ml",
            "productId": "5215383_ea_000",
            "productShopPage": "https://www.newworld.co.nz/shop/product/5215383_ea_000nw",
            "productImageURL": "https://a.fsimg.co.nz/product/retail/fan/image/master/5215383.png",
            "productDescription": "Buy 3 for $5.00.\n\n\nCaffeine; B vitamins; Vitamin C; Taurine; Ginseng\n\nProduct of New Zealand",
            "volume": "500mL",
            "multipack": {
                "quantity": "1"
            }
        },
        "priceData": {
            "bestPrice": 1.6666666666666667,
            "price": 1.0,
            "pricePerLitre": 2.0,
            "bestPricePerLitre": 3.3333333333333335,
            "multiBuy": {
                "quantity": 3.0,
                "value": 5.0,
                "perUnit": 1.6666666666666667
            }
        },
        "store": {
            "id": "64c24e04-516d-40b3-958c-96b15797684a",
            "name": "New World Glenview"
        }
    },
    {
        "productData": {
            "name": "V Raspberry Lemonade Can 500ml",
            "productId": "5264523_ea_000",
            "productShopPage": "https://www.newworld.co.nz/shop/product/5264523_ea_000nw",
            "productImageURL": "https://a.fsimg.co.nz/product/retail/fan/image/master/5264523.png",
            "productDescription": "Product of New Zealand",
            "volume": "500mL",
            "multipack": {
                "quantity": "1"
            }
        },
        "priceData": {
            "bestPrice": "3.49",
            "price": "3.49",
            "pricePerLitre": 7.0,
            "bestPricePerLitre": 7.0
        },
        "store": {
            "id": "64c24e04-516d-40b3-958c-96b15797684a",
            "name": "New World Glenview"
        }
    },
    {
        "productData": {
            "name": "V Blue Can 4pk",
            "productId": "5030249_ea_000",
            "productShopPage": "https://www.newworld.co.nz/shop/product/5030249_ea_000nw",
            "productImageURL": "https://a.fsimg.co.nz/product/retail/fan/image/master/5030249.png",
            "productDescription": "Limit 12 assorted.\n\n\nContains Wheat Derivatives, Caffeine.\n\nProduct of New Zealand",
            "volume": "250mL",
            "multipack": {
                "quantity": "4"
            }
        },
        "priceData": {
            "bestPrice": "5.99",
            "price": "5.99",
            "pricePerLitre": 5.99,
            "bestPricePerLitre": 5.99
        },
        "store": {
            "id": "64c24e04-516d-40b3-958c-96b15797684a",
            "name": "New World Glenview"
        }
    },
    {
        "productData": {
            "name": "Monster Mango Loco Energy Drink 500ml",
            "productId": "5242374_ea_000",
            "productShopPage": "https://www.newworld.co.nz/shop/product/5242374_ea_000nw",
            "productImageURL": "https://a.fsimg.co.nz/product/retail/fan/image/master/5242374.png",
            "productDescription": "Product of Imported",
            "volume": "500mL",
            "multipack": {
                "quantity": "1"
            }
        },
        "priceData": {
            "bestPrice": "2.99",
            "price": "2.99",
            "pricePerLitre": 6.0,
            "bestPricePerLitre": 6.0
        },
        "store": {
            "id": "64c24e04-516d-40b3-958c-96b15797684a",
            "name": "New World Glenview"
        }
    },
    {
        "productData": {
            "name": "Monster Zero Sugar Ultra Rosa Energy Drink 500ml",
            "productId": "5278094_ea_000",
            "productShopPage": "https://www.newworld.co.nz/shop/product/5278094_ea_000nw",
            "productImageURL": "https://a.fsimg.co.nz/product/retail/fan/image/master/5278094.png",
            "productDescription": "Product of Imported",
            "volume": "500mL",
            "multipack": {
                "quantity": "1"
            }
        },
        "priceData": {
            "bestPrice": "2.99",
            "price": "2.99",
            "pricePerLitre": 6.0,
            "bestPricePerLitre": 6.0
        },
        "store": {
            "id": "64c24e04-516d-40b3-958c-96b15797684a",
            "name": "New World Glenview"
        }
    },
    {
        "productData": {
            "name": "Monster Mule Energy Drink 500ml",
            "productId": "5269459_ea_000",
            "productShopPage": "https://www.newworld.co.nz/shop/product/5269459_ea_000nw",
            "productImageURL": "https://a.fsimg.co.nz/product/retail/fan/image/master/5269459.png",
            "productDescription": "Product of Imported",
            "volume": "500mL",
            "multipack": {
                "quantity": "1"
            }
        },
        "priceData": {
            "bestPrice": "2.99",
            "price": "2.99",
            "pricePerLitre": 6.0,
            "bestPricePerLitre": 6.0
        },
        "store": {
            "id": "64c24e04-516d-40b3-958c-96b15797684a",
            "name": "New World Glenview"
        }
    },
    {
        "productData": {
            "name": "Monster Ultra Paradise Energy Drink 500ml",
            "productId": "5261257_ea_000",
            "productShopPage": "https://www.newworld.co.nz/shop/product/5261257_ea_000nw",
            "productImageURL": "https://a.fsimg.co.nz/product/retail/fan/image/master/5261257.png",
            "productDescription": "Product of Imported",
            "volume": "500mL",
            "multipack": {
                "quantity": "1"
            }
        },
        "priceData": {
            "bestPrice": "2.99",
            "price": "2.99",
            "pricePerLitre": 6.0,
            "bestPricePerLitre": 6.0
        },
        "store": {
            "id": "64c24e04-516d-40b3-958c-96b15797684a",
            "name": "New World Glenview"
        }
    },
    {
        "productData": {
            "name": "Monster Ultra Zero Drink 500ml",
            "productId": "5090618_ea_000",
            "productShopPage": "https://www.newworld.co.nz/shop/product/5090618_ea_000nw",
            "productImageURL": "https://a.fsimg.co.nz/product/retail/fan/image/master/5090618.png",
            "productDescription": "A little less sweet, lighter-tasting, zero calories, but with a full load of our Monster energy blend. Sure, white is the new black. Monster Energy Zero Ultra. Unleash the Ultra Beast!\n\nProduct of Imported",
            "volume": "500mL",
            "multipack": {
                "quantity": "1"
            }
        },
        "priceData": {
            "bestPrice": "2.99",
            "price": "2.99",
            "pricePerLitre": 6.0,
            "bestPricePerLitre": 6.0
        },
        "store": {
            "id": "64c24e04-516d-40b3-958c-96b15797684a",
            "name": "New World Glenview"
        }
    },
    {
        "productData": {
            "name": "Mother Energy Drink Can 500ml",
            "productId": "5011153_ea_000",
            "productShopPage": "https://www.newworld.co.nz/shop/product/5011153_ea_000nw",
            "productImageURL": "https://a.fsimg.co.nz/product/retail/fan/image/master/5011153.png",
            "productDescription": "Contains Caffeine.\n\nProduct of New Zealand",
            "volume": "500mL",
            "multipack": {
                "quantity": "1"
            }
        },
        "priceData": {
            "bestPrice": "1.99",
            "price": "1.99",
            "pricePerLitre": 4.0,
            "bestPricePerLitre": 4.0
        },
        "store": {
            "id": "64c24e04-516d-40b3-958c-96b15797684a",
            "name": "New World Glenview"
        }
    },
    {
        "productData": {
            "name": "Monster Pipeline Punch Energy Drink 500ml",
            "productId": "5242373_ea_000",
            "productShopPage": "https://www.newworld.co.nz/shop/product/5242373_ea_000nw",
            "productImageURL": "https://a.fsimg.co.nz/product/retail/fan/image/master/5242373.png",
            "productDescription": "Product of Imported",
            "volume": "500mL",
            "multipack": {
                "quantity": "1"
            }
        },
        "priceData": {
            "bestPrice": "2.99",
            "price": "2.99",
            "pricePerLitre": 6.0,
            "bestPricePerLitre": 6.0
        },
        "store": {
            "id": "64c24e04-516d-40b3-958c-96b15797684a",
            "name": "New World Glenview"
        }
    },
    {
        "productData": {
            "name": "Monster Energy Drink 500ml",
            "productId": "5007647_ea_000",
            "productShopPage": "https://www.newworld.co.nz/shop/product/5007647_ea_000nw",
            "productImageURL": "https://a.fsimg.co.nz/product/retail/fan/image/master/5007647.png",
            "productDescription": "Contains Caffeine.\n\nProduct of Imported",
            "volume": "500mL",
            "multipack": {
                "quantity": "1"
            }
        },
        "priceData": {
            "bestPrice": "2.99",
            "price": "2.99",
            "pricePerLitre": 6.0,
            "bestPricePerLitre": 6.0
        },
        "store": {
            "id": "64c24e04-516d-40b3-958c-96b15797684a",
            "name": "New World Glenview"
        }
    },
    {
        "productData": {
            "name": "V Sugarfree Guarana Energy Drink 500ml",
            "productId": "5007644_ea_000",
            "productShopPage": "https://www.newworld.co.nz/shop/product/5007644_ea_000nw",
            "productImageURL": "https://a.fsimg.co.nz/product/retail/fan/image/master/5007644.png",
            "productDescription": "Sugar Free.\n\nProduct of New Zealand",
            "volume": "500mL",
            "multipack": {
                "quantity": "1"
            }
        },
        "priceData": {
            "bestPrice": "3.49",
            "price": "3.49",
            "pricePerLitre": 7.0,
            "bestPricePerLitre": 7.0
        },
        "store": {
            "id": "64c24e04-516d-40b3-958c-96b15797684a",
            "name": "New World Glenview"
        }
    },
    {
        "productData": {
            "name": "V Original Guarana Energy Drink 500ml",
            "productId": "5004703_ea_000",
            "productShopPage": "https://www.newworld.co.nz/shop/product/5004703_ea_000nw",
            "productImageURL": "https://a.fsimg.co.nz/product/retail/fan/image/master/5004703.png",
            "productDescription": "Contains Caffeine.\n\nProduct of New Zealand",
            "volume": "500mL",
            "multipack": {
                "quantity": "1"
            }
        },
        "priceData": {
            "bestPrice": "3.49",
            "price": "3.49",
            "pricePerLitre": 7.0,
            "bestPricePerLitre": 7.0
        },
        "store": {
            "id": "64c24e04-516d-40b3-958c-96b15797684a",
            "name": "New World Glenview"
        }
    },
    {
        "productData": {
            "name": "V Original Guarana Energy Drink 500ml",
            "productId": "5007441_ea_000",
            "productShopPage": "https://www.newworld.co.nz/shop/product/5007441_ea_000nw",
            "productImageURL": "https://a.fsimg.co.nz/product/retail/fan/image/master/5007441.png",
            "productDescription": "Buy 2 for $5.00.\n\n\nContains Wheat Derivatives, Caffeine.\n\nProduct of New Zealand",
            "volume": "500mL",
            "multipack": {
                "quantity": "1"
            }
        },
        "priceData": {
            "bestPrice": 2.5,
            "price": 2.0,
            "pricePerLitre": 4.0,
            "bestPricePerLitre": 5.0,
            "multiBuy": {
                "quantity": 2.0,
                "value": 5.0,
                "perUnit": 2.5
            }
        },
        "store": {
            "id": "64c24e04-516d-40b3-958c-96b15797684a",
            "name": "New World Glenview"
        }
    },
    {
        "productData": {
            "name": "V Blue Guarana Energy Drink 250ml",
            "productId": "5007495_ea_000",
            "productShopPage": "https://www.newworld.co.nz/shop/product/5007495_ea_000nw",
            "productImageURL": "https://a.fsimg.co.nz/product/retail/fan/image/master/5007495.png",
            "productDescription": "Contains Caffeine, Wheat Derivatives.\n\nProduct of New Zealand",
            "volume": "250mL",
            "multipack": {
                "quantity": "1"
            }
        },
        "priceData": {
            "bestPrice": "1.99",
            "price": "1.99",
            "pricePerLitre": 8.0,
            "bestPricePerLitre": 8.0
        },
        "store": {
            "id": "491d26a4-78fd-4c6e-85e9-5b67fd97e2cc",
            "name": "New World Eastridge"
        }
    },
    {
        "productData": {
            "name": "V Sugarfree Guarana Energy Drink 250ml",
            "productId": "5001639_ea_000",
            "productShopPage": "https://www.newworld.co.nz/shop/product/5001639_ea_000nw",
            "productImageURL": "https://a.fsimg.co.nz/product/retail/fan/image/master/5001639.png",
            "productDescription": "Sugar Free. Contains Caffeine.\n\nProduct of New Zealand",
            "volume": "250mL",
            "multipack": {
                "quantity": "1"
            }
        },
        "priceData": {
            "bestPrice": "1.99",
            "price": "1.99",
            "pricePerLitre": 8.0,
            "bestPricePerLitre": 8.0
        },
        "store": {
            "id": "491d26a4-78fd-4c6e-85e9-5b67fd97e2cc",
            "name": "New World Eastridge"
        }
    },
    {
        "productData": {
            "name": "Live Plus Ascend Energy Drink 250ml",
            "productId": "5236675_ea_000",
            "productShopPage": "https://www.newworld.co.nz/shop/product/5236675_ea_000nw",
            "productImageURL": "https://a.fsimg.co.nz/product/retail/fan/image/master/5236675.png",
            "productDescription": "Limit 12 assorted.\n\n\n\n\nProduct of New Zealand",
            "volume": "",
            "multipack": {
                "quantity": ""
            }
        },
        "priceData": {
            "bestPrice": "0.99",
            "price": "0.99"
        },
        "store": {
            "id": "491d26a4-78fd-4c6e-85e9-5b67fd97e2cc",
            "name": "New World Eastridge"
        }
    },
    {
        "productData": {
            "name": "Live Plus Persist Energy Drink 250ml",
            "productId": "5236678_ea_000",
            "productShopPage": "https://www.newworld.co.nz/shop/product/5236678_ea_000nw",
            "productImageURL": "https://a.fsimg.co.nz/product/retail/fan/image/master/5236678.png",
            "productDescription": "Limit 12 assorted.\n\n\n\n\nProduct of New Zealand",
            "volume": "",
            "multipack": {
                "quantity": ""
            }
        },
        "priceData": {
            "bestPrice": "0.99",
            "price": "0.99"
        },
        "store": {
            "id": "491d26a4-78fd-4c6e-85e9-5b67fd97e2cc",
            "name": "New World Eastridge"
        }
    },
    {
        "productData": {
            "name": "V Sugarfree Blue Guarana Energy Drink 500ml",
            "productId": "5283362_ea_000",
            "productShopPage": "https://www.newworld.co.nz/shop/product/5283362_ea_000nw",
            "productImageURL": "https://a.fsimg.co.nz/product/retail/fan/image/master/5283362.png",
            "productDescription": "Sugar free\n\nProduct of New Zealand",
            "volume": "500mL",
            "multipack": {
                "quantity": "1"
            }
        },
        "priceData": {
            "bestPrice": "3.49",
            "price": "3.49",
            "pricePerLitre": 7.0,
            "bestPricePerLitre": 7.0
        },
        "store": {
            "id": "491d26a4-78fd-4c6e-85e9-5b67fd97e2cc",
            "name": "New World Eastridge"
        }
    },
    {
        "productData": {
            "name": "V Original Guarana Energy Drink 350ml",
            "productId": "5003156_ea_000",
            "productShopPage": "https://www.newworld.co.nz/shop/product/5003156_ea_000nw",
            "productImageURL": "https://a.fsimg.co.nz/product/retail/fan/image/master/5003156.png",
            "productDescription": "Buy 2 for $5.00.\n\n\nContains Caffeine.\n\nProduct of New Zealand",
            "volume": "350mL",
            "multipack": {
                "quantity": "1"
            }
        },
        "priceData": {
            "bestPrice": 2.5,
            "price": 2.0,
            "pricePerLitre": 5.714285714285714,
            "bestPricePerLitre": 7.142857142857143,
            "multiBuy": {
                "quantity": 2.0,
                "value": 5.0,
                "perUnit": 2.5
            }
        },
        "store": {
            "id": "491d26a4-78fd-4c6e-85e9-5b67fd97e2cc",
            "name": "New World Eastridge"
        }
    },
    {
        "productData": {
            "name": "V Blue Guarana Energy Drink 350ml",
            "productId": "5007492_ea_000",
            "productShopPage": "https://www.newworld.co.nz/shop/product/5007492_ea_000nw",
            "productImageURL": "https://a.fsimg.co.nz/product/retail/fan/image/master/5007492.png",
            "productDescription": "Buy 2 for $5.00.\n\n\nContains Caffeine, Wheat Derivatives.\n\nProduct of New Zealand",
            "volume": "350mL",
            "multipack": {
                "quantity": "1"
            }
        },
        "priceData": {
            "bestPrice": 2.5,
            "price": 2.0,
            "pricePerLitre": 5.714285714285714,
            "bestPricePerLitre": 7.142857142857143,
            "multiBuy": {
                "quantity": 2.0,
                "value": 5.0,
                "perUnit": 2.5
            }
        },
        "store": {
            "id": "491d26a4-78fd-4c6e-85e9-5b67fd97e2cc",
            "name": "New World Eastridge"
        }
    },
    {
        "productData": {
            "name": "V Blue Energy Drink 500ml",
            "productId": "5020662_ea_000",
            "productShopPage": "https://www.newworld.co.nz/shop/product/5020662_ea_000nw",
            "productImageURL": "https://a.fsimg.co.nz/product/retail/fan/image/master/5020662.png",
            "productDescription": "Buy 2 for $5.00.\n\n\n\n\nProduct of New Zealand",
            "volume": "500mL",
            "multipack": {
                "quantity": "1"
            }
        },
        "priceData": {
            "bestPrice": 2.5,
            "price": 2.0,
            "pricePerLitre": 4.0,
            "bestPricePerLitre": 5.0,
            "multiBuy": {
                "quantity": 2.0,
                "value": 5.0,
                "perUnit": 2.5
            }
        },
        "store": {
            "id": "491d26a4-78fd-4c6e-85e9-5b67fd97e2cc",
            "name": "New World Eastridge"
        }
    },
    {
        "productData": {
            "name": "V Blue Guarana Energy Drink 500ml",
            "productId": "5007494_ea_000",
            "productShopPage": "https://www.newworld.co.nz/shop/product/5007494_ea_000nw",
            "productImageURL": "https://a.fsimg.co.nz/product/retail/fan/image/master/5007494.png",
            "productDescription": "Contains Wheat Derivatives, Caffeine.\n\nProduct of New Zealand",
            "volume": "500mL",
            "multipack": {
                "quantity": "1"
            }
        },
        "priceData": {
            "bestPrice": "3.49",
            "price": "3.49",
            "pricePerLitre": 7.0,
            "bestPricePerLitre": 7.0
        },
        "store": {
            "id": "491d26a4-78fd-4c6e-85e9-5b67fd97e2cc",
            "name": "New World Eastridge"
        }
    },
    {
        "productData": {
            "name": "Red Bull Energy Drink 473ml",
            "productId": "5005255_ea_000",
            "productShopPage": "https://www.newworld.co.nz/shop/product/5005255_ea_000nw",
            "productImageURL": "https://a.fsimg.co.nz/product/retail/fan/image/master/5005255.png",
            "productDescription": "Red Bull Energy Drink's special formula contains ingredients of high quality: Caffeine, Taurine, B-Group Vitamins, Sugars, Alpine Water.One 250ml can of Red Bull Energy Drinks contains 80 mg of caffeine, about the same amount as in a cup of home-brewed coffee.The amount of sugars in a can of Red Bull Energy Drink is comparable to the level of sugars in an equivalent amount of apple or orange juice – 11 g per 100ml.Red Bull cans are made of 100% recyclable aluminium.Red Bull Energy Drink 473ml canVitalizes Body and Mind.®RED BULL GIVES YOU WINGSInspired by functional drinks from the Far East, Dietrich Mateschitz founded Red Bull in the mid-1980s. He developed a new product and a unique marketing concept and launched Red Bull Energy Drink on April 1, 1987 in Austria. A brand new product category - Energy Drinks - was born.\n\nProduct of Imported",
            "volume": "473mL",
            "multipack": {
                "quantity": "1"
            }
        },
        "priceData": {
            "bestPrice": "3.59",
            "price": "3.59",
            "pricePerLitre": 7.6,
            "bestPricePerLitre": 7.6
        },
        "store": {
            "id": "491d26a4-78fd-4c6e-85e9-5b67fd97e2cc",
            "name": "New World Eastridge"
        }
    },
    {
        "productData": {
            "name": "V Original Guarana Energy Drink 250ml",
            "productId": "5003151_ea_000",
            "productShopPage": "https://www.newworld.co.nz/shop/product/5003151_ea_000nw",
            "productImageURL": "https://a.fsimg.co.nz/product/retail/fan/image/master/5003151.png",
            "productDescription": "Contains Caffeine.\n\nProduct of New Zealand",
            "volume": "250mL",
            "multipack": {
                "quantity": "1"
            }
        },
        "priceData": {
            "bestPrice": "1.99",
            "price": "1.99",
            "pricePerLitre": 8.0,
            "bestPricePerLitre": 8.0
        },
        "store": {
            "id": "491d26a4-78fd-4c6e-85e9-5b67fd97e2cc",
            "name": "New World Eastridge"
        }
    },
    {
        "productData": {
            "name": "Red Bull Energy Drink 250ml Cans 4pk",
            "productId": "5001443_ea_000",
            "productShopPage": "https://www.newworld.co.nz/shop/product/5001443_ea_000nw",
            "productImageURL": "https://a.fsimg.co.nz/product/retail/fan/image/master/5001443.png",
            "productDescription": "Red Bull Energy Drink's special formula contains ingredients of high quality: Caffeine, Taurine, B-Group Vitamins, Sugars, Alpine Water.One 250ml can of Red Bull Energy Drinks contains 80 mg of caffeine, about the same amount as in a cup of home-brewed coffee.The amount of sugars in a can of Red Bull Energy Drink is comparable to the level of sugars in an equivalent amount of apple or orange juice – 11 g per 100ml.Red Bull cans are made of 100% recyclable aluminium.Pack of four 250ml Red Bull Energy Drink cansVitalizes Body and Mind.®RED BULL GIVES YOU WINGSInspired by functional drinks from the Far East, Dietrich Mateschitz founded Red Bull in the mid-1980s. He developed a new product and a unique marketing concept and launched Red Bull Energy Drink on April 1, 1987 in Austria. A brand new product category - Energy Drinks - was born.",
            "volume": "250mL",
            "multipack": {
                "quantity": "4"
            }
        },
        "priceData": {
            "bestPrice": "8.29",
            "price": "8.29",
            "pricePerLitre": 8.299999999999999,
            "bestPricePerLitre": 8.299999999999999
        },
        "store": {
            "id": "491d26a4-78fd-4c6e-85e9-5b67fd97e2cc",
            "name": "New World Eastridge"
        }
    },
    {
        "productData": {
            "name": "Lucozade Orange Energy Drink 380ml",
            "productId": "5009239_ea_000",
            "productShopPage": "https://www.newworld.co.nz/shop/product/5009239_ea_000nw",
            "productImageURL": "https://a.fsimg.co.nz/product/retail/fan/image/master/5009239.png",
            "productDescription": "Powered by Glucose.\n\nProduct of New Zealand",
            "volume": "380mL",
            "multipack": {
                "quantity": "1"
            }
        },
        "priceData": {
            "bestPrice": "2.69",
            "price": "2.69",
            "pricePerLitre": 7.08,
            "bestPricePerLitre": 7.08
        },
        "store": {
            "id": "491d26a4-78fd-4c6e-85e9-5b67fd97e2cc",
            "name": "New World Eastridge"
        }
    },
    {
        "productData": {
            "name": "V Pure Natural Energy Drink Glass Bottle 330ml",
            "productId": "5237753_ea_000",
            "productShopPage": "https://www.newworld.co.nz/shop/product/5237753_ea_000nw",
            "productImageURL": "https://a.fsimg.co.nz/product/retail/fan/image/master/5237753.png",
            "productDescription": "Buy 2 for $5.00.\n\n\nNothing artificial\n\nProduct of New Zealand",
            "volume": "330mL",
            "multipack": {
                "quantity": "1"
            }
        },
        "priceData": {
            "bestPrice": 2.5,
            "price": 2.0,
            "pricePerLitre": 6.0606060606060606,
            "bestPricePerLitre": 7.575757575757575,
            "multiBuy": {
                "quantity": 2.0,
                "value": 5.0,
                "perUnit": 2.5
            }
        },
        "store": {
            "id": "491d26a4-78fd-4c6e-85e9-5b67fd97e2cc",
            "name": "New World Eastridge"
        }
    },
    {
        "productData": {
            "name": "Lucozade Original Energy Drink 380ml",
            "productId": "5009240_ea_000",
            "productShopPage": "https://www.newworld.co.nz/shop/product/5009240_ea_000nw",
            "productImageURL": "https://a.fsimg.co.nz/product/retail/fan/image/master/5009240.png",
            "productDescription": "Energy from Glucose.\n\nProduct of New Zealand",
            "volume": "380mL",
            "multipack": {
                "quantity": "1"
            }
        },
        "priceData": {
            "bestPrice": "2.69",
            "price": "2.69",
            "pricePerLitre": 7.08,
            "bestPricePerLitre": 7.08
        },
        "store": {
            "id": "491d26a4-78fd-4c6e-85e9-5b67fd97e2cc",
            "name": "New World Eastridge"
        }
    },
    {
        "productData": {
            "name": "Monster Ultra Zero Drink 500ml",
            "productId": "5090618_ea_000",
            "productShopPage": "https://www.newworld.co.nz/shop/product/5090618_ea_000nw",
            "productImageURL": "https://a.fsimg.co.nz/product/retail/fan/image/master/5090618.png",
            "productDescription": "A little less sweet, lighter-tasting, zero calories, but with a full load of our Monster energy blend. Sure, white is the new black. Monster Energy Zero Ultra. Unleash the Ultra Beast!\n\nProduct of Imported",
            "volume": "500mL",
            "multipack": {
                "quantity": "1"
            }
        },
        "priceData": {
            "bestPrice": "2.99",
            "price": "2.99",
            "pricePerLitre": 6.0,
            "bestPricePerLitre": 6.0
        },
        "store": {
            "id": "491d26a4-78fd-4c6e-85e9-5b67fd97e2cc",
            "name": "New World Eastridge"
        }
    },
    {
        "productData": {
            "name": "Monster Super Fuel Zero Sugar Energy Drink 550ml",
            "productId": "5284331_ea_000",
            "productShopPage": "https://www.newworld.co.nz/shop/product/5284331_ea_000nw",
            "productImageURL": "https://a.fsimg.co.nz/product/retail/fan/image/master/5284331.png",
            "productDescription": "Product of Imported",
            "volume": "550mL",
            "multipack": {
                "quantity": "1"
            }
        },
        "priceData": {
            "bestPrice": "3.49",
            "price": "3.49",
            "pricePerLitre": 6.345454545454546,
            "bestPricePerLitre": 6.345454545454546
        },
        "store": {
            "id": "491d26a4-78fd-4c6e-85e9-5b67fd97e2cc",
            "name": "New World Eastridge"
        }
    },
    {
        "productData": {
            "name": "Mother Energy Drink Can 500ml",
            "productId": "5011153_ea_000",
            "productShopPage": "https://www.newworld.co.nz/shop/product/5011153_ea_000nw",
            "productImageURL": "https://a.fsimg.co.nz/product/retail/fan/image/master/5011153.png",
            "productDescription": "Contains Caffeine.\n\nProduct of New Zealand",
            "volume": "500mL",
            "multipack": {
                "quantity": "1"
            }
        },
        "priceData": {
            "bestPrice": "1.99",
            "price": "1.99",
            "pricePerLitre": 4.0,
            "bestPricePerLitre": 4.0
        },
        "store": {
            "id": "491d26a4-78fd-4c6e-85e9-5b67fd97e2cc",
            "name": "New World Eastridge"
        }
    },
    {
        "productData": {
            "name": "Monster Super Fuel Purple Passion Energy Drink 550ml",
            "productId": "5284332_ea_000",
            "productShopPage": "https://www.newworld.co.nz/shop/product/5284332_ea_000nw",
            "productImageURL": "https://a.fsimg.co.nz/product/retail/fan/image/master/5284332.png",
            "productDescription": "Product of Imported",
            "volume": "550mL",
            "multipack": {
                "quantity": "1"
            }
        },
        "priceData": {
            "bestPrice": "3.49",
            "price": "3.49",
            "pricePerLitre": 6.345454545454546,
            "bestPricePerLitre": 6.345454545454546
        },
        "store": {
            "id": "491d26a4-78fd-4c6e-85e9-5b67fd97e2cc",
            "name": "New World Eastridge"
        }
    },
    {
        "productData": {
            "name": "Monster Energy Drink 500ml",
            "productId": "5007647_ea_000",
            "productShopPage": "https://www.newworld.co.nz/shop/product/5007647_ea_000nw",
            "productImageURL": "https://a.fsimg.co.nz/product/retail/fan/image/master/5007647.png",
            "productDescription": "Contains Caffeine.\n\nProduct of Imported",
            "volume": "500mL",
            "multipack": {
                "quantity": "1"
            }
        },
        "priceData": {
            "bestPrice": "2.99",
            "price": "2.99",
            "pricePerLitre": 6.0,
            "bestPricePerLitre": 6.0
        },
        "store": {
            "id": "491d26a4-78fd-4c6e-85e9-5b67fd97e2cc",
            "name": "New World Eastridge"
        }
    },
    {
        "productData": {
            "name": "V Sugarfree Guarana Energy Drink 500ml",
            "productId": "5007644_ea_000",
            "productShopPage": "https://www.newworld.co.nz/shop/product/5007644_ea_000nw",
            "productImageURL": "https://a.fsimg.co.nz/product/retail/fan/image/master/5007644.png",
            "productDescription": "Sugar Free.\n\nProduct of New Zealand",
            "volume": "500mL",
            "multipack": {
                "quantity": "1"
            }
        },
        "priceData": {
            "bestPrice": "3.49",
            "price": "3.49",
            "pricePerLitre": 7.0,
            "bestPricePerLitre": 7.0
        },
        "store": {
            "id": "491d26a4-78fd-4c6e-85e9-5b67fd97e2cc",
            "name": "New World Eastridge"
        }
    },
    {
        "productData": {
            "name": "V Original Guarana Energy Drink 500ml",
            "productId": "5004703_ea_000",
            "productShopPage": "https://www.newworld.co.nz/shop/product/5004703_ea_000nw",
            "productImageURL": "https://a.fsimg.co.nz/product/retail/fan/image/master/5004703.png",
            "productDescription": "Contains Caffeine.\n\nProduct of New Zealand",
            "volume": "500mL",
            "multipack": {
                "quantity": "1"
            }
        },
        "priceData": {
            "bestPrice": "3.49",
            "price": "3.49",
            "pricePerLitre": 7.0,
            "bestPricePerLitre": 7.0
        },
        "store": {
            "id": "491d26a4-78fd-4c6e-85e9-5b67fd97e2cc",
            "name": "New World Eastridge"
        }
    },
    {
        "productData": {
            "name": "V Green Guarana Energy Drink Cans 10pk",
            "productId": "5210061_ea_000",
            "productShopPage": "https://www.newworld.co.nz/shop/product/5210061_ea_000nw",
            "productImageURL": "https://a.fsimg.co.nz/product/retail/fan/image/master/5210061.png",
            "productDescription": "Product of New Zealand",
            "volume": "200mL",
            "multipack": {
                "quantity": "10"
            }
        },
        "priceData": {
            "bestPrice": "15.29",
            "price": "15.29",
            "pricePerLitre": 7.6,
            "bestPricePerLitre": 7.6
        },
        "store": {
            "id": "491d26a4-78fd-4c6e-85e9-5b67fd97e2cc",
            "name": "New World Eastridge"
        }
    },
    {
        "productData": {
            "name": "V Original Guarana Energy Drink 500ml",
            "productId": "5007441_ea_000",
            "productShopPage": "https://www.newworld.co.nz/shop/product/5007441_ea_000nw",
            "productImageURL": "https://a.fsimg.co.nz/product/retail/fan/image/master/5007441.png",
            "productDescription": "Buy 2 for $5.00.\n\n\nContains Wheat Derivatives, Caffeine.\n\nProduct of New Zealand",
            "volume": "500mL",
            "multipack": {
                "quantity": "1"
            }
        },
        "priceData": {
            "bestPrice": 2.5,
            "price": 2.0,
            "pricePerLitre": 4.0,
            "bestPricePerLitre": 5.0,
            "multiBuy": {
                "quantity": 2.0,
                "value": 5.0,
                "perUnit": 2.5
            }
        },
        "store": {
            "id": "491d26a4-78fd-4c6e-85e9-5b67fd97e2cc",
            "name": "New World Eastridge"
        }
    },
    {
        "productData": {
            "name": "V Blue Guarana Energy Drink 250ml",
            "productId": "5007495_ea_000",
            "productShopPage": "https://www.newworld.co.nz/shop/product/5007495_ea_000nw",
            "productImageURL": "https://a.fsimg.co.nz/product/retail/fan/image/master/5007495.png",
            "productDescription": "Contains Caffeine, Wheat Derivatives.\n\nProduct of New Zealand",
            "volume": "250mL",
            "multipack": {
                "quantity": "1"
            }
        },
        "priceData": {
            "bestPrice": "1.99",
            "price": "1.99",
            "pricePerLitre": 8.0,
            "bestPricePerLitre": 8.0
        },
        "store": {
            "id": "edc986dd-a28c-4fbe-899d-5680d51f584d",
            "name": "New World Brookfield"
        }
    },
    {
        "productData": {
            "name": "V Sugarfree Blue Guarana Energy Drink 4pk",
            "productId": "5289891_ea_000",
            "productShopPage": "https://www.newworld.co.nz/shop/product/5289891_ea_000nw",
            "productImageURL": "https://a.fsimg.co.nz/product/retail/fan/image/master/5289891.png",
            "productDescription": "Limit 12 assorted.\n\n\n\n\nProduct of New Zealand",
            "volume": "250mL",
            "multipack": {
                "quantity": "4"
            }
        },
        "priceData": {
            "bestPrice": "5.99",
            "price": "5.99",
            "pricePerLitre": 5.99,
            "bestPricePerLitre": 5.99
        },
        "store": {
            "id": "edc986dd-a28c-4fbe-899d-5680d51f584d",
            "name": "New World Brookfield"
        }
    },
    {
        "productData": {
            "name": "V Sugarfree Guarana Energy Drink 10pk",
            "productId": "5289890_ea_000",
            "productShopPage": "https://www.newworld.co.nz/shop/product/5289890_ea_000nw",
            "productImageURL": "https://a.fsimg.co.nz/product/retail/fan/image/master/5289890.png",
            "productDescription": "Product of New Zealand",
            "volume": "",
            "multipack": {
                "quantity": ""
            }
        },
        "priceData": {
            "bestPrice": "17.99",
            "price": "17.99",
            "pricePerLitre": 72.0,
            "bestPricePerLitre": 72.0
        },
        "store": {
            "id": "edc986dd-a28c-4fbe-899d-5680d51f584d",
            "name": "New World Brookfield"
        }
    },
    {
        "productData": {
            "name": "V Green Guarana Energy Drink 6pk",
            "productId": "5272987_ea_000",
            "productShopPage": "https://www.newworld.co.nz/shop/product/5272987_ea_000nw",
            "productImageURL": "https://a.fsimg.co.nz/product/retail/fan/image/master/5272987.png",
            "productDescription": "Product of New Zealand",
            "volume": "330mL",
            "multipack": {
                "quantity": "6"
            }
        },
        "priceData": {
            "bestPrice": "11.99",
            "price": "11.99",
            "pricePerLitre": 6.05,
            "bestPricePerLitre": 6.05
        },
        "store": {
            "id": "edc986dd-a28c-4fbe-899d-5680d51f584d",
            "name": "New World Brookfield"
        }
    },
    {
        "productData": {
            "name": "Live Plus Tart Apple Energy Drink 250ml",
            "productId": "5236676_ea_000",
            "productShopPage": "https://www.newworld.co.nz/shop/product/5236676_ea_000nw",
            "productImageURL": "https://a.fsimg.co.nz/product/retail/fan/image/master/5236676.png",
            "productDescription": "Limit 12 assorted.\n\n\n\n\nProduct of New Zealand",
            "volume": "250mL",
            "multipack": {
                "quantity": "1"
            }
        },
        "priceData": {
            "bestPrice": "0.99",
            "price": "0.99",
            "pricePerLitre": 3.96,
            "bestPricePerLitre": 3.96
        },
        "store": {
            "id": "edc986dd-a28c-4fbe-899d-5680d51f584d",
            "name": "New World Brookfield"
        }
    },
    {
        "productData": {
            "name": "Live Plus Persist Energy Drink 250ml",
            "productId": "5236678_ea_000",
            "productShopPage": "https://www.newworld.co.nz/shop/product/5236678_ea_000nw",
            "productImageURL": "https://a.fsimg.co.nz/product/retail/fan/image/master/5236678.png",
            "productDescription": "Limit 12 assorted.\n\n\n\n\nProduct of New Zealand",
            "volume": "",
            "multipack": {
                "quantity": ""
            }
        },
        "priceData": {
            "bestPrice": "0.99",
            "price": "0.99"
        },
        "store": {
            "id": "edc986dd-a28c-4fbe-899d-5680d51f584d",
            "name": "New World Brookfield"
        }
    },
    {
        "productData": {
            "name": "V Green Guarana Energy Drink 10pk",
            "productId": "5289889_ea_000",
            "productShopPage": "https://www.newworld.co.nz/shop/product/5289889_ea_000nw",
            "productImageURL": "https://a.fsimg.co.nz/product/retail/fan/image/master/5289889.png",
            "productDescription": "Product of New Zealand",
            "volume": "250mL",
            "multipack": {
                "quantity": "10"
            }
        },
        "priceData": {
            "bestPrice": "17.99",
            "price": "17.99",
            "pricePerLitre": 7.2,
            "bestPricePerLitre": 7.2
        },
        "store": {
            "id": "edc986dd-a28c-4fbe-899d-5680d51f584d",
            "name": "New World Brookfield"
        }
    },
    {
        "productData": {
            "name": "V Sugarfree Blue Guarana Energy Drink 500ml",
            "productId": "5283362_ea_000",
            "productShopPage": "https://www.newworld.co.nz/shop/product/5283362_ea_000nw",
            "productImageURL": "https://a.fsimg.co.nz/product/retail/fan/image/master/5283362.png",
            "productDescription": "Sugar free\n\nProduct of New Zealand",
            "volume": "500mL",
            "multipack": {
                "quantity": "1"
            }
        },
        "priceData": {
            "bestPrice": "3.49",
            "price": "3.49",
            "pricePerLitre": 7.0,
            "bestPricePerLitre": 7.0
        },
        "store": {
            "id": "edc986dd-a28c-4fbe-899d-5680d51f584d",
            "name": "New World Brookfield"
        }
    },
    {
        "productData": {
            "name": "V Original Guarana Energy Drink 350ml",
            "productId": "5003156_ea_000",
            "productShopPage": "https://www.newworld.co.nz/shop/product/5003156_ea_000nw",
            "productImageURL": "https://a.fsimg.co.nz/product/retail/fan/image/master/5003156.png",
            "productDescription": "Buy 2 for $5.00.\n\n\nContains Caffeine.\n\nProduct of New Zealand",
            "volume": "350mL",
            "multipack": {
                "quantity": "1"
            }
        },
        "priceData": {
            "bestPrice": 2.5,
            "price": 2.0,
            "pricePerLitre": 5.714285714285714,
            "bestPricePerLitre": 7.142857142857143,
            "multiBuy": {
                "quantity": 2.0,
                "value": 5.0,
                "perUnit": 2.5
            }
        },
        "store": {
            "id": "edc986dd-a28c-4fbe-899d-5680d51f584d",
            "name": "New World Brookfield"
        }
    },
    {
        "productData": {
            "name": "V Blue Guarana Energy Drink 4pk",
            "productId": "5210055_ea_000",
            "productShopPage": "https://www.newworld.co.nz/shop/product/5210055_ea_000nw",
            "productImageURL": "https://a.fsimg.co.nz/product/retail/fan/image/master/5210055.png",
            "productDescription": "Product of New Zealand",
            "volume": "275mL",
            "multipack": {
                "quantity": "4"
            }
        },
        "priceData": {
            "bestPrice": "9.19",
            "price": "9.19",
            "pricePerLitre": 8.4,
            "bestPricePerLitre": 8.4
        },
        "store": {
            "id": "edc986dd-a28c-4fbe-899d-5680d51f584d",
            "name": "New World Brookfield"
        }
    },
    {
        "productData": {
            "name": "V Blue Guarana Energy Drink 350ml",
            "productId": "5007492_ea_000",
            "productShopPage": "https://www.newworld.co.nz/shop/product/5007492_ea_000nw",
            "productImageURL": "https://a.fsimg.co.nz/product/retail/fan/image/master/5007492.png",
            "productDescription": "Buy 2 for $5.00.\n\n\nContains Caffeine, Wheat Derivatives.\n\nProduct of New Zealand",
            "volume": "350mL",
            "multipack": {
                "quantity": "1"
            }
        },
        "priceData": {
            "bestPrice": 2.5,
            "price": 2.0,
            "pricePerLitre": 5.714285714285714,
            "bestPricePerLitre": 7.142857142857143,
            "multiBuy": {
                "quantity": 2.0,
                "value": 5.0,
                "perUnit": 2.5
            }
        },
        "store": {
            "id": "edc986dd-a28c-4fbe-899d-5680d51f584d",
            "name": "New World Brookfield"
        }
    },
    {
        "productData": {
            "name": "V Blue Guarana Energy Drink 500ml",
            "productId": "5007494_ea_000",
            "productShopPage": "https://www.newworld.co.nz/shop/product/5007494_ea_000nw",
            "productImageURL": "https://a.fsimg.co.nz/product/retail/fan/image/master/5007494.png",
            "productDescription": "Contains Wheat Derivatives, Caffeine.\n\nProduct of New Zealand",
            "volume": "500mL",
            "multipack": {
                "quantity": "1"
            }
        },
        "priceData": {
            "bestPrice": "3.49",
            "price": "3.49",
            "pricePerLitre": 7.0,
            "bestPricePerLitre": 7.0
        },
        "store": {
            "id": "edc986dd-a28c-4fbe-899d-5680d51f584d",
            "name": "New World Brookfield"
        }
    },
    {
        "productData": {
            "name": "Red Bull Energy Drink 473ml",
            "productId": "5005255_ea_000",
            "productShopPage": "https://www.newworld.co.nz/shop/product/5005255_ea_000nw",
            "productImageURL": "https://a.fsimg.co.nz/product/retail/fan/image/master/5005255.png",
            "productDescription": "Red Bull Energy Drink's special formula contains ingredients of high quality: Caffeine, Taurine, B-Group Vitamins, Sugars, Alpine Water.One 250ml can of Red Bull Energy Drinks contains 80 mg of caffeine, about the same amount as in a cup of home-brewed coffee.The amount of sugars in a can of Red Bull Energy Drink is comparable to the level of sugars in an equivalent amount of apple or orange juice – 11 g per 100ml.Red Bull cans are made of 100% recyclable aluminium.Red Bull Energy Drink 473ml canVitalizes Body and Mind.®RED BULL GIVES YOU WINGSInspired by functional drinks from the Far East, Dietrich Mateschitz founded Red Bull in the mid-1980s. He developed a new product and a unique marketing concept and launched Red Bull Energy Drink on April 1, 1987 in Austria. A brand new product category - Energy Drinks - was born.\n\nProduct of Imported",
            "volume": "473mL",
            "multipack": {
                "quantity": "1"
            }
        },
        "priceData": {
            "bestPrice": "3.59",
            "price": "3.59",
            "pricePerLitre": 7.6,
            "bestPricePerLitre": 7.6
        },
        "store": {
            "id": "edc986dd-a28c-4fbe-899d-5680d51f584d",
            "name": "New World Brookfield"
        }
    },
    {
        "productData": {
            "name": "V Original Guarana Energy Drink 250ml",
            "productId": "5003151_ea_000",
            "productShopPage": "https://www.newworld.co.nz/shop/product/5003151_ea_000nw",
            "productImageURL": "https://a.fsimg.co.nz/product/retail/fan/image/master/5003151.png",
            "productDescription": "Contains Caffeine.\n\nProduct of New Zealand",
            "volume": "250mL",
            "multipack": {
                "quantity": "1"
            }
        },
        "priceData": {
            "bestPrice": "1.99",
            "price": "1.99",
            "pricePerLitre": 8.0,
            "bestPricePerLitre": 8.0
        },
        "store": {
            "id": "edc986dd-a28c-4fbe-899d-5680d51f584d",
            "name": "New World Brookfield"
        }
    },
    {
        "productData": {
            "name": "Red Bull Energy Drink 250ml Cans 4pk",
            "productId": "5001443_ea_000",
            "productShopPage": "https://www.newworld.co.nz/shop/product/5001443_ea_000nw",
            "productImageURL": "https://a.fsimg.co.nz/product/retail/fan/image/master/5001443.png",
            "productDescription": "Red Bull Energy Drink's special formula contains ingredients of high quality: Caffeine, Taurine, B-Group Vitamins, Sugars, Alpine Water.One 250ml can of Red Bull Energy Drinks contains 80 mg of caffeine, about the same amount as in a cup of home-brewed coffee.The amount of sugars in a can of Red Bull Energy Drink is comparable to the level of sugars in an equivalent amount of apple or orange juice – 11 g per 100ml.Red Bull cans are made of 100% recyclable aluminium.Pack of four 250ml Red Bull Energy Drink cansVitalizes Body and Mind.®RED BULL GIVES YOU WINGSInspired by functional drinks from the Far East, Dietrich Mateschitz founded Red Bull in the mid-1980s. He developed a new product and a unique marketing concept and launched Red Bull Energy Drink on April 1, 1987 in Austria. A brand new product category - Energy Drinks - was born.",
            "volume": "250mL",
            "multipack": {
                "quantity": "4"
            }
        },
        "priceData": {
            "bestPrice": "8.29",
            "price": "8.29",
            "pricePerLitre": 8.299999999999999,
            "bestPricePerLitre": 8.299999999999999
        },
        "store": {
            "id": "edc986dd-a28c-4fbe-899d-5680d51f584d",
            "name": "New World Brookfield"
        }
    },
    {
        "productData": {
            "name": "V Green Guarana Energy Drink 710ml",
            "productId": "5030250_ea_000",
            "productShopPage": "https://www.newworld.co.nz/shop/product/5030250_ea_000nw",
            "productImageURL": "https://a.fsimg.co.nz/product/retail/fan/image/master/5030250.png",
            "productDescription": "Contains Wheat Derivatives\n\nProduct of Imported",
            "volume": "250mL",
            "multipack": {
                "quantity": "3"
            }
        },
        "priceData": {
            "bestPrice": "3.49",
            "price": "3.49",
            "pricePerLitre": 4.9,
            "bestPricePerLitre": 4.9
        },
        "store": {
            "id": "edc986dd-a28c-4fbe-899d-5680d51f584d",
            "name": "New World Brookfield"
        }
    },
    {
        "productData": {
            "name": "Lucozade Orange Energy Drink 380ml",
            "productId": "5009239_ea_000",
            "productShopPage": "https://www.newworld.co.nz/shop/product/5009239_ea_000nw",
            "productImageURL": "https://a.fsimg.co.nz/product/retail/fan/image/master/5009239.png",
            "productDescription": "Powered by Glucose.\n\nProduct of New Zealand",
            "volume": "380mL",
            "multipack": {
                "quantity": "1"
            }
        },
        "priceData": {
            "bestPrice": "2.69",
            "price": "2.69",
            "pricePerLitre": 7.08,
            "bestPricePerLitre": 7.08
        },
        "store": {
            "id": "edc986dd-a28c-4fbe-899d-5680d51f584d",
            "name": "New World Brookfield"
        }
    },
    {
        "productData": {
            "name": "V Pure Natural Energy Drink Glass Bottle 330ml",
            "productId": "5237753_ea_000",
            "productShopPage": "https://www.newworld.co.nz/shop/product/5237753_ea_000nw",
            "productImageURL": "https://a.fsimg.co.nz/product/retail/fan/image/master/5237753.png",
            "productDescription": "Buy 2 for $5.00.\n\n\nNothing artificial\n\nProduct of New Zealand",
            "volume": "330mL",
            "multipack": {
                "quantity": "1"
            }
        },
        "priceData": {
            "bestPrice": 2.5,
            "price": 2.0,
            "pricePerLitre": 6.0606060606060606,
            "bestPricePerLitre": 7.575757575757575,
            "multiBuy": {
                "quantity": 2.0,
                "value": 5.0,
                "perUnit": 2.5
            }
        },
        "store": {
            "id": "edc986dd-a28c-4fbe-899d-5680d51f584d",
            "name": "New World Brookfield"
        }
    },
    {
        "productData": {
            "name": "Lucozade Original Energy Drink 380ml",
            "productId": "5009240_ea_000",
            "productShopPage": "https://www.newworld.co.nz/shop/product/5009240_ea_000nw",
            "productImageURL": "https://a.fsimg.co.nz/product/retail/fan/image/master/5009240.png",
            "productDescription": "Energy from Glucose.\n\nProduct of New Zealand",
            "volume": "380mL",
            "multipack": {
                "quantity": "1"
            }
        },
        "priceData": {
            "bestPrice": "2.69",
            "price": "2.69",
            "pricePerLitre": 7.08,
            "bestPricePerLitre": 7.08
        },
        "store": {
            "id": "edc986dd-a28c-4fbe-899d-5680d51f584d",
            "name": "New World Brookfield"
        }
    },
    {
        "productData": {
            "name": "Rockstar Watermelon Freeze Energy Drink 500ml",
            "productId": "5257298_ea_000",
            "productShopPage": "https://www.newworld.co.nz/shop/product/5257298_ea_000nw",
            "productImageURL": "https://a.fsimg.co.nz/product/retail/fan/image/master/5257298.png",
            "productDescription": "Buy 3 for $5.00.\n\n\n\n\nProduct of New Zealand",
            "volume": "500mL",
            "multipack": {
                "quantity": "1"
            }
        },
        "priceData": {
            "bestPrice": 1.6666666666666667,
            "price": 1.0,
            "pricePerLitre": 2.0,
            "bestPricePerLitre": 3.3333333333333335,
            "multiBuy": {
                "quantity": 3.0,
                "value": 5.0,
                "perUnit": 1.6666666666666667
            }
        },
        "store": {
            "id": "edc986dd-a28c-4fbe-899d-5680d51f584d",
            "name": "New World Brookfield"
        }
    },
    {
        "productData": {
            "name": "Rockstar Original Energy Drink 500ml",
            "productId": "5215383_ea_000",
            "productShopPage": "https://www.newworld.co.nz/shop/product/5215383_ea_000nw",
            "productImageURL": "https://a.fsimg.co.nz/product/retail/fan/image/master/5215383.png",
            "productDescription": "Buy 3 for $5.00.\n\n\nCaffeine; B vitamins; Vitamin C; Taurine; Ginseng\n\nProduct of New Zealand",
            "volume": "500mL",
            "multipack": {
                "quantity": "1"
            }
        },
        "priceData": {
            "bestPrice": 1.6666666666666667,
            "price": 1.0,
            "pricePerLitre": 2.0,
            "bestPricePerLitre": 3.3333333333333335,
            "multiBuy": {
                "quantity": 3.0,
                "value": 5.0,
                "perUnit": 1.6666666666666667
            }
        },
        "store": {
            "id": "edc986dd-a28c-4fbe-899d-5680d51f584d",
            "name": "New World Brookfield"
        }
    },
    {
        "productData": {
            "name": "V Berry Twist Sugar Free Can 500ml",
            "productId": "5254654_ea_000",
            "productShopPage": "https://www.newworld.co.nz/shop/product/5254654_ea_000nw",
            "productImageURL": "https://a.fsimg.co.nz/product/retail/fan/image/master/5254654.png",
            "productDescription": "Sugarfree\n\nProduct of New Zealand",
            "volume": "500mL",
            "multipack": {
                "quantity": "1"
            }
        },
        "priceData": {
            "bestPrice": "3.49",
            "price": "3.49",
            "pricePerLitre": 7.0,
            "bestPricePerLitre": 7.0
        },
        "store": {
            "id": "edc986dd-a28c-4fbe-899d-5680d51f584d",
            "name": "New World Brookfield"
        }
    },
    {
        "productData": {
            "name": "V Raspberry Lemonade Guarana Energy Drink 4pk",
            "productId": "5289907_ea_000",
            "productShopPage": "https://www.newworld.co.nz/shop/product/5289907_ea_000nw",
            "productImageURL": "https://a.fsimg.co.nz/product/retail/fan/image/master/5289907.png",
            "productDescription": "Limit 12 assorted.\n\n\n\n\nProduct of New Zealand",
            "volume": "250mL",
            "multipack": {
                "quantity": "4"
            }
        },
        "priceData": {
            "bestPrice": "5.99",
            "price": "5.99",
            "pricePerLitre": 5.99,
            "bestPricePerLitre": 5.99
        },
        "store": {
            "id": "edc986dd-a28c-4fbe-899d-5680d51f584d",
            "name": "New World Brookfield"
        }
    },
    {
        "productData": {
            "name": "V Raspberry Lemonade Can 500ml",
            "productId": "5264523_ea_000",
            "productShopPage": "https://www.newworld.co.nz/shop/product/5264523_ea_000nw",
            "productImageURL": "https://a.fsimg.co.nz/product/retail/fan/image/master/5264523.png",
            "productDescription": "Product of New Zealand",
            "volume": "500mL",
            "multipack": {
                "quantity": "1"
            }
        },
        "priceData": {
            "bestPrice": "3.49",
            "price": "3.49",
            "pricePerLitre": 7.0,
            "bestPricePerLitre": 7.0
        },
        "store": {
            "id": "edc986dd-a28c-4fbe-899d-5680d51f584d",
            "name": "New World Brookfield"
        }
    },
    {
        "productData": {
            "name": "V Blue Guarana Energy Drink 6pk",
            "productId": "5272988_ea_000",
            "productShopPage": "https://www.newworld.co.nz/shop/product/5272988_ea_000nw",
            "productImageURL": "https://a.fsimg.co.nz/product/retail/fan/image/master/5272988.png",
            "productDescription": "Product of New Zealand",
            "volume": "330mL",
            "multipack": {
                "quantity": "6"
            }
        },
        "priceData": {
            "bestPrice": "11.99",
            "price": "11.99",
            "pricePerLitre": 6.05,
            "bestPricePerLitre": 6.05
        },
        "store": {
            "id": "edc986dd-a28c-4fbe-899d-5680d51f584d",
            "name": "New World Brookfield"
        }
    },
    {
        "productData": {
            "name": "V Blue Can 4pk",
            "productId": "5030249_ea_000",
            "productShopPage": "https://www.newworld.co.nz/shop/product/5030249_ea_000nw",
            "productImageURL": "https://a.fsimg.co.nz/product/retail/fan/image/master/5030249.png",
            "productDescription": "Limit 12 assorted.\n\n\nContains Wheat Derivatives, Caffeine.\n\nProduct of New Zealand",
            "volume": "250mL",
            "multipack": {
                "quantity": "4"
            }
        },
        "priceData": {
            "bestPrice": "5.99",
            "price": "5.99",
            "pricePerLitre": 5.99,
            "bestPricePerLitre": 5.99
        },
        "store": {
            "id": "edc986dd-a28c-4fbe-899d-5680d51f584d",
            "name": "New World Brookfield"
        }
    },
    {
        "productData": {
            "name": "V Energy Drink Sugarfree Cans 4pk",
            "productId": "5004117_ea_000",
            "productShopPage": "https://www.newworld.co.nz/shop/product/5004117_ea_000nw",
            "productImageURL": "https://a.fsimg.co.nz/product/retail/fan/image/master/5004117.png",
            "productDescription": "Limit 12 assorted.\n\n\nSugar Free. Contains Caffeine.\n\nProduct of New Zealand",
            "volume": "250mL",
            "multipack": {
                "quantity": "4"
            }
        },
        "priceData": {
            "bestPrice": "5.99",
            "price": "5.99",
            "pricePerLitre": 5.99,
            "bestPricePerLitre": 5.99
        },
        "store": {
            "id": "edc986dd-a28c-4fbe-899d-5680d51f584d",
            "name": "New World Brookfield"
        }
    },
    {
        "productData": {
            "name": "Monster Ultra Paradise Energy Drink 500ml",
            "productId": "5261257_ea_000",
            "productShopPage": "https://www.newworld.co.nz/shop/product/5261257_ea_000nw",
            "productImageURL": "https://a.fsimg.co.nz/product/retail/fan/image/master/5261257.png",
            "productDescription": "Product of Imported",
            "volume": "500mL",
            "multipack": {
                "quantity": "1"
            }
        },
        "priceData": {
            "bestPrice": "2.99",
            "price": "2.99",
            "pricePerLitre": 6.0,
            "bestPricePerLitre": 6.0
        },
        "store": {
            "id": "edc986dd-a28c-4fbe-899d-5680d51f584d",
            "name": "New World Brookfield"
        }
    },
    {
        "productData": {
            "name": "V Energy Drink Green Cans 4pk",
            "productId": "5002893_ea_000",
            "productShopPage": "https://www.newworld.co.nz/shop/product/5002893_ea_000nw",
            "productImageURL": "https://a.fsimg.co.nz/product/retail/fan/image/master/5002893.png",
            "productDescription": "Limit 12 assorted.\n\n\nContains Caffeine.\n\nProduct of New Zealand",
            "volume": "250mL",
            "multipack": {
                "quantity": "4"
            }
        },
        "priceData": {
            "bestPrice": "5.99",
            "price": "5.99",
            "pricePerLitre": 5.99,
            "bestPricePerLitre": 5.99
        },
        "store": {
            "id": "edc986dd-a28c-4fbe-899d-5680d51f584d",
            "name": "New World Brookfield"
        }
    },
    {
        "productData": {
            "name": "Monster Ultra Zero Drink 500ml",
            "productId": "5090618_ea_000",
            "productShopPage": "https://www.newworld.co.nz/shop/product/5090618_ea_000nw",
            "productImageURL": "https://a.fsimg.co.nz/product/retail/fan/image/master/5090618.png",
            "productDescription": "A little less sweet, lighter-tasting, zero calories, but with a full load of our Monster energy blend. Sure, white is the new black. Monster Energy Zero Ultra. Unleash the Ultra Beast!\n\nProduct of Imported",
            "volume": "500mL",
            "multipack": {
                "quantity": "1"
            }
        },
        "priceData": {
            "bestPrice": "2.99",
            "price": "2.99",
            "pricePerLitre": 6.0,
            "bestPricePerLitre": 6.0
        },
        "store": {
            "id": "edc986dd-a28c-4fbe-899d-5680d51f584d",
            "name": "New World Brookfield"
        }
    },
    {
        "productData": {
            "name": "Monster Super Fuel Zero Sugar Energy Drink 550ml",
            "productId": "5284331_ea_000",
            "productShopPage": "https://www.newworld.co.nz/shop/product/5284331_ea_000nw",
            "productImageURL": "https://a.fsimg.co.nz/product/retail/fan/image/master/5284331.png",
            "productDescription": "Product of Imported",
            "volume": "550mL",
            "multipack": {
                "quantity": "1"
            }
        },
        "priceData": {
            "bestPrice": "3.49",
            "price": "3.49",
            "pricePerLitre": 6.345454545454546,
            "bestPricePerLitre": 6.345454545454546
        },
        "store": {
            "id": "edc986dd-a28c-4fbe-899d-5680d51f584d",
            "name": "New World Brookfield"
        }
    },
    {
        "productData": {
            "name": "Mother Energy Drink Can 500ml",
            "productId": "5011153_ea_000",
            "productShopPage": "https://www.newworld.co.nz/shop/product/5011153_ea_000nw",
            "productImageURL": "https://a.fsimg.co.nz/product/retail/fan/image/master/5011153.png",
            "productDescription": "Contains Caffeine.\n\nProduct of New Zealand",
            "volume": "500mL",
            "multipack": {
                "quantity": "1"
            }
        },
        "priceData": {
            "bestPrice": "1.99",
            "price": "1.99",
            "pricePerLitre": 4.0,
            "bestPricePerLitre": 4.0
        },
        "store": {
            "id": "edc986dd-a28c-4fbe-899d-5680d51f584d",
            "name": "New World Brookfield"
        }
    },
    {
        "productData": {
            "name": "Monster Super Fuel Purple Passion Energy Drink 550ml",
            "productId": "5284332_ea_000",
            "productShopPage": "https://www.newworld.co.nz/shop/product/5284332_ea_000nw",
            "productImageURL": "https://a.fsimg.co.nz/product/retail/fan/image/master/5284332.png",
            "productDescription": "Product of Imported",
            "volume": "550mL",
            "multipack": {
                "quantity": "1"
            }
        },
        "priceData": {
            "bestPrice": "3.49",
            "price": "3.49",
            "pricePerLitre": 6.345454545454546,
            "bestPricePerLitre": 6.345454545454546
        },
        "store": {
            "id": "edc986dd-a28c-4fbe-899d-5680d51f584d",
            "name": "New World Brookfield"
        }
    },
    {
        "productData": {
            "name": "Mother Energy Drink Can 6pk",
            "productId": "5009490_ea_000",
            "productShopPage": "https://www.newworld.co.nz/shop/product/5009490_ea_000nw",
            "productImageURL": "https://a.fsimg.co.nz/product/retail/fan/image/master/5009490.png",
            "productDescription": "Contains Caffeine.\n\nProduct of New Zealand",
            "volume": "250mL",
            "multipack": {
                "quantity": "6"
            }
        },
        "priceData": {
            "bestPrice": "7.49",
            "price": "7.49",
            "pricePerLitre": 5.0,
            "bestPricePerLitre": 5.0
        },
        "store": {
            "id": "edc986dd-a28c-4fbe-899d-5680d51f584d",
            "name": "New World Brookfield"
        }
    },
    {
        "productData": {
            "name": "Monster Pipeline Punch Energy Drink 500ml",
            "productId": "5242373_ea_000",
            "productShopPage": "https://www.newworld.co.nz/shop/product/5242373_ea_000nw",
            "productImageURL": "https://a.fsimg.co.nz/product/retail/fan/image/master/5242373.png",
            "productDescription": "Product of Imported",
            "volume": "500mL",
            "multipack": {
                "quantity": "1"
            }
        },
        "priceData": {
            "bestPrice": "2.99",
            "price": "2.99",
            "pricePerLitre": 6.0,
            "bestPricePerLitre": 6.0
        },
        "store": {
            "id": "edc986dd-a28c-4fbe-899d-5680d51f584d",
            "name": "New World Brookfield"
        }
    },
    {
        "productData": {
            "name": "Monster Energy Drink 500ml",
            "productId": "5007647_ea_000",
            "productShopPage": "https://www.newworld.co.nz/shop/product/5007647_ea_000nw",
            "productImageURL": "https://a.fsimg.co.nz/product/retail/fan/image/master/5007647.png",
            "productDescription": "Contains Caffeine.\n\nProduct of Imported",
            "volume": "500mL",
            "multipack": {
                "quantity": "1"
            }
        },
        "priceData": {
            "bestPrice": "2.99",
            "price": "2.99",
            "pricePerLitre": 6.0,
            "bestPricePerLitre": 6.0
        },
        "store": {
            "id": "edc986dd-a28c-4fbe-899d-5680d51f584d",
            "name": "New World Brookfield"
        }
    },
    {
        "productData": {
            "name": "Monster Ultra Zero Drink 4pk",
            "productId": "5213974_ea_000",
            "productShopPage": "https://www.newworld.co.nz/shop/product/5213974_ea_000nw",
            "productImageURL": "https://a.fsimg.co.nz/product/retail/fan/image/master/5213974.png",
            "productDescription": "Product of Imported",
            "volume": "500mL",
            "multipack": {
                "quantity": "4"
            }
        },
        "priceData": {
            "bestPrice": "11.99",
            "price": "11.99",
            "pricePerLitre": 6.0,
            "bestPricePerLitre": 6.0
        },
        "store": {
            "id": "edc986dd-a28c-4fbe-899d-5680d51f584d",
            "name": "New World Brookfield"
        }
    },
    {
        "productData": {
            "name": "Monster Energy Drink 4pk",
            "productId": "5107264_ea_000",
            "productShopPage": "https://www.newworld.co.nz/shop/product/5107264_ea_000nw",
            "productImageURL": "https://a.fsimg.co.nz/product/retail/fan/image/master/5107264.png",
            "productDescription": "Product of Imported",
            "volume": "",
            "multipack": {
                "quantity": ""
            }
        },
        "priceData": {
            "bestPrice": "11.99",
            "price": "11.99",
            "pricePerLitre": 6.0,
            "bestPricePerLitre": 6.0
        },
        "store": {
            "id": "edc986dd-a28c-4fbe-899d-5680d51f584d",
            "name": "New World Brookfield"
        }
    },
    {
        "productData": {
            "name": "V Sugarfree Guarana Energy Drink 500ml",
            "productId": "5007644_ea_000",
            "productShopPage": "https://www.newworld.co.nz/shop/product/5007644_ea_000nw",
            "productImageURL": "https://a.fsimg.co.nz/product/retail/fan/image/master/5007644.png",
            "productDescription": "Sugar Free.\n\nProduct of New Zealand",
            "volume": "500mL",
            "multipack": {
                "quantity": "1"
            }
        },
        "priceData": {
            "bestPrice": "3.49",
            "price": "3.49",
            "pricePerLitre": 7.0,
            "bestPricePerLitre": 7.0
        },
        "store": {
            "id": "edc986dd-a28c-4fbe-899d-5680d51f584d",
            "name": "New World Brookfield"
        }
    },
    {
        "productData": {
            "name": "V Original Guarana Energy Drink 500ml",
            "productId": "5004703_ea_000",
            "productShopPage": "https://www.newworld.co.nz/shop/product/5004703_ea_000nw",
            "productImageURL": "https://a.fsimg.co.nz/product/retail/fan/image/master/5004703.png",
            "productDescription": "Contains Caffeine.\n\nProduct of New Zealand",
            "volume": "500mL",
            "multipack": {
                "quantity": "1"
            }
        },
        "priceData": {
            "bestPrice": "3.49",
            "price": "3.49",
            "pricePerLitre": 7.0,
            "bestPricePerLitre": 7.0
        },
        "store": {
            "id": "edc986dd-a28c-4fbe-899d-5680d51f584d",
            "name": "New World Brookfield"
        }
    },
    {
        "productData": {
            "name": "V Original Guarana Energy Drink 500ml",
            "productId": "5007441_ea_000",
            "productShopPage": "https://www.newworld.co.nz/shop/product/5007441_ea_000nw",
            "productImageURL": "https://a.fsimg.co.nz/product/retail/fan/image/master/5007441.png",
            "productDescription": "Buy 2 for $5.00.\n\n\nContains Wheat Derivatives, Caffeine.\n\nProduct of New Zealand",
            "volume": "500mL",
            "multipack": {
                "quantity": "1"
            }
        },
        "priceData": {
            "bestPrice": 2.5,
            "price": 2.0,
            "pricePerLitre": 4.0,
            "bestPricePerLitre": 5.0,
            "multiBuy": {
                "quantity": 2.0,
                "value": 5.0,
                "perUnit": 2.5
            }
        },
        "store": {
            "id": "edc986dd-a28c-4fbe-899d-5680d51f584d",
            "name": "New World Brookfield"
        }
    },
    {
        "productData": {
            "name": "V Blue Guarana Energy Drink 250ml",
            "productId": "5007495_ea_000",
            "productShopPage": "https://www.newworld.co.nz/shop/product/5007495_ea_000nw",
            "productImageURL": "https://a.fsimg.co.nz/product/retail/fan/image/master/5007495.png",
            "productDescription": "Contains Caffeine, Wheat Derivatives.\n\nProduct of New Zealand",
            "volume": "250mL",
            "multipack": {
                "quantity": "1"
            }
        },
        "priceData": {
            "bestPrice": "1.99",
            "price": "1.99",
            "pricePerLitre": 8.0,
            "bestPricePerLitre": 8.0
        },
        "store": {
            "id": "1257ed9a-1790-4ad0-beae-383397043e35",
            "name": "New World Carterton"
        }
    },
    {
        "productData": {
            "name": "V Sugarfree Guarana Energy Drink 250ml",
            "productId": "5001639_ea_000",
            "productShopPage": "https://www.newworld.co.nz/shop/product/5001639_ea_000nw",
            "productImageURL": "https://a.fsimg.co.nz/product/retail/fan/image/master/5001639.png",
            "productDescription": "Sugar Free. Contains Caffeine.\n\nProduct of New Zealand",
            "volume": "250mL",
            "multipack": {
                "quantity": "1"
            }
        },
        "priceData": {
            "bestPrice": "1.99",
            "price": "1.99",
            "pricePerLitre": 8.0,
            "bestPricePerLitre": 8.0
        },
        "store": {
            "id": "1257ed9a-1790-4ad0-beae-383397043e35",
            "name": "New World Carterton"
        }
    },
    {
        "productData": {
            "name": "Live Plus Persist Energy Drink 250ml",
            "productId": "5236678_ea_000",
            "productShopPage": "https://www.newworld.co.nz/shop/product/5236678_ea_000nw",
            "productImageURL": "https://a.fsimg.co.nz/product/retail/fan/image/master/5236678.png",
            "productDescription": "Limit 12 assorted.\n\n\n\n\nProduct of New Zealand",
            "volume": "",
            "multipack": {
                "quantity": ""
            }
        },
        "priceData": {
            "bestPrice": "0.99",
            "price": "0.99"
        },
        "store": {
            "id": "1257ed9a-1790-4ad0-beae-383397043e35",
            "name": "New World Carterton"
        }
    },
    {
        "productData": {
            "name": "V Sugarfree Blue Guarana Energy Drink 500ml",
            "productId": "5283362_ea_000",
            "productShopPage": "https://www.newworld.co.nz/shop/product/5283362_ea_000nw",
            "productImageURL": "https://a.fsimg.co.nz/product/retail/fan/image/master/5283362.png",
            "productDescription": "Sugar free\n\nProduct of New Zealand",
            "volume": "500mL",
            "multipack": {
                "quantity": "1"
            }
        },
        "priceData": {
            "bestPrice": "3.49",
            "price": "3.49",
            "pricePerLitre": 7.0,
            "bestPricePerLitre": 7.0
        },
        "store": {
            "id": "1257ed9a-1790-4ad0-beae-383397043e35",
            "name": "New World Carterton"
        }
    },
    {
        "productData": {
            "name": "V Original Guarana Energy Drink 350ml",
            "productId": "5003156_ea_000",
            "productShopPage": "https://www.newworld.co.nz/shop/product/5003156_ea_000nw",
            "productImageURL": "https://a.fsimg.co.nz/product/retail/fan/image/master/5003156.png",
            "productDescription": "Buy 2 for $5.00.\n\n\nContains Caffeine.\n\nProduct of New Zealand",
            "volume": "350mL",
            "multipack": {
                "quantity": "1"
            }
        },
        "priceData": {
            "bestPrice": 2.5,
            "price": 2.0,
            "pricePerLitre": 5.714285714285714,
            "bestPricePerLitre": 7.142857142857143,
            "multiBuy": {
                "quantity": 2.0,
                "value": 5.0,
                "perUnit": 2.5
            }
        },
        "store": {
            "id": "1257ed9a-1790-4ad0-beae-383397043e35",
            "name": "New World Carterton"
        }
    },
    {
        "productData": {
            "name": "V Blue Guarana Energy Drink 4pk",
            "productId": "5210055_ea_000",
            "productShopPage": "https://www.newworld.co.nz/shop/product/5210055_ea_000nw",
            "productImageURL": "https://a.fsimg.co.nz/product/retail/fan/image/master/5210055.png",
            "productDescription": "Product of New Zealand",
            "volume": "275mL",
            "multipack": {
                "quantity": "4"
            }
        },
        "priceData": {
            "bestPrice": "9.19",
            "price": "9.19",
            "pricePerLitre": 8.4,
            "bestPricePerLitre": 8.4
        },
        "store": {
            "id": "1257ed9a-1790-4ad0-beae-383397043e35",
            "name": "New World Carterton"
        }
    },
    {
        "productData": {
            "name": "V Blue Guarana Energy Drink 350ml",
            "productId": "5007492_ea_000",
            "productShopPage": "https://www.newworld.co.nz/shop/product/5007492_ea_000nw",
            "productImageURL": "https://a.fsimg.co.nz/product/retail/fan/image/master/5007492.png",
            "productDescription": "Buy 2 for $5.00.\n\n\nContains Caffeine, Wheat Derivatives.\n\nProduct of New Zealand",
            "volume": "350mL",
            "multipack": {
                "quantity": "1"
            }
        },
        "priceData": {
            "bestPrice": 2.5,
            "price": 2.0,
            "pricePerLitre": 5.714285714285714,
            "bestPricePerLitre": 7.142857142857143,
            "multiBuy": {
                "quantity": 2.0,
                "value": 5.0,
                "perUnit": 2.5
            }
        },
        "store": {
            "id": "1257ed9a-1790-4ad0-beae-383397043e35",
            "name": "New World Carterton"
        }
    },
    {
        "productData": {
            "name": "V Blue Energy Drink 500ml",
            "productId": "5020662_ea_000",
            "productShopPage": "https://www.newworld.co.nz/shop/product/5020662_ea_000nw",
            "productImageURL": "https://a.fsimg.co.nz/product/retail/fan/image/master/5020662.png",
            "productDescription": "Buy 2 for $5.00.\n\n\n\n\nProduct of New Zealand",
            "volume": "500mL",
            "multipack": {
                "quantity": "1"
            }
        },
        "priceData": {
            "bestPrice": 2.5,
            "price": 2.0,
            "pricePerLitre": 4.0,
            "bestPricePerLitre": 5.0,
            "multiBuy": {
                "quantity": 2.0,
                "value": 5.0,
                "perUnit": 2.5
            }
        },
        "store": {
            "id": "1257ed9a-1790-4ad0-beae-383397043e35",
            "name": "New World Carterton"
        }
    },
    {
        "productData": {
            "name": "V Blue Guarana Energy Drink 500ml",
            "productId": "5007494_ea_000",
            "productShopPage": "https://www.newworld.co.nz/shop/product/5007494_ea_000nw",
            "productImageURL": "https://a.fsimg.co.nz/product/retail/fan/image/master/5007494.png",
            "productDescription": "Contains Wheat Derivatives, Caffeine.\n\nProduct of New Zealand",
            "volume": "500mL",
            "multipack": {
                "quantity": "1"
            }
        },
        "priceData": {
            "bestPrice": "3.49",
            "price": "3.49",
            "pricePerLitre": 7.0,
            "bestPricePerLitre": 7.0
        },
        "store": {
            "id": "1257ed9a-1790-4ad0-beae-383397043e35",
            "name": "New World Carterton"
        }
    },
    {
        "productData": {
            "name": "Red Bull Energy Drink 473ml",
            "productId": "5005255_ea_000",
            "productShopPage": "https://www.newworld.co.nz/shop/product/5005255_ea_000nw",
            "productImageURL": "https://a.fsimg.co.nz/product/retail/fan/image/master/5005255.png",
            "productDescription": "Red Bull Energy Drink's special formula contains ingredients of high quality: Caffeine, Taurine, B-Group Vitamins, Sugars, Alpine Water.One 250ml can of Red Bull Energy Drinks contains 80 mg of caffeine, about the same amount as in a cup of home-brewed coffee.The amount of sugars in a can of Red Bull Energy Drink is comparable to the level of sugars in an equivalent amount of apple or orange juice – 11 g per 100ml.Red Bull cans are made of 100% recyclable aluminium.Red Bull Energy Drink 473ml canVitalizes Body and Mind.®RED BULL GIVES YOU WINGSInspired by functional drinks from the Far East, Dietrich Mateschitz founded Red Bull in the mid-1980s. He developed a new product and a unique marketing concept and launched Red Bull Energy Drink on April 1, 1987 in Austria. A brand new product category - Energy Drinks - was born.\n\nProduct of Imported",
            "volume": "473mL",
            "multipack": {
                "quantity": "1"
            }
        },
        "priceData": {
            "bestPrice": "3.59",
            "price": "3.59",
            "pricePerLitre": 7.6,
            "bestPricePerLitre": 7.6
        },
        "store": {
            "id": "1257ed9a-1790-4ad0-beae-383397043e35",
            "name": "New World Carterton"
        }
    },
    {
        "productData": {
            "name": "V Original Guarana Energy Drink 250ml",
            "productId": "5003151_ea_000",
            "productShopPage": "https://www.newworld.co.nz/shop/product/5003151_ea_000nw",
            "productImageURL": "https://a.fsimg.co.nz/product/retail/fan/image/master/5003151.png",
            "productDescription": "Contains Caffeine.\n\nProduct of New Zealand",
            "volume": "250mL",
            "multipack": {
                "quantity": "1"
            }
        },
        "priceData": {
            "bestPrice": "1.99",
            "price": "1.99",
            "pricePerLitre": 8.0,
            "bestPricePerLitre": 8.0
        },
        "store": {
            "id": "1257ed9a-1790-4ad0-beae-383397043e35",
            "name": "New World Carterton"
        }
    },
    {
        "productData": {
            "name": "Red Bull Energy Drink 250ml Cans 4pk",
            "productId": "5001443_ea_000",
            "productShopPage": "https://www.newworld.co.nz/shop/product/5001443_ea_000nw",
            "productImageURL": "https://a.fsimg.co.nz/product/retail/fan/image/master/5001443.png",
            "productDescription": "Red Bull Energy Drink's special formula contains ingredients of high quality: Caffeine, Taurine, B-Group Vitamins, Sugars, Alpine Water.One 250ml can of Red Bull Energy Drinks contains 80 mg of caffeine, about the same amount as in a cup of home-brewed coffee.The amount of sugars in a can of Red Bull Energy Drink is comparable to the level of sugars in an equivalent amount of apple or orange juice – 11 g per 100ml.Red Bull cans are made of 100% recyclable aluminium.Pack of four 250ml Red Bull Energy Drink cansVitalizes Body and Mind.®RED BULL GIVES YOU WINGSInspired by functional drinks from the Far East, Dietrich Mateschitz founded Red Bull in the mid-1980s. He developed a new product and a unique marketing concept and launched Red Bull Energy Drink on April 1, 1987 in Austria. A brand new product category - Energy Drinks - was born.",
            "volume": "250mL",
            "multipack": {
                "quantity": "4"
            }
        },
        "priceData": {
            "bestPrice": "8.29",
            "price": "8.29",
            "pricePerLitre": 8.299999999999999,
            "bestPricePerLitre": 8.299999999999999
        },
        "store": {
            "id": "1257ed9a-1790-4ad0-beae-383397043e35",
            "name": "New World Carterton"
        }
    },
    {
        "productData": {
            "name": "Lucozade Orange Energy Drink 380ml",
            "productId": "5009239_ea_000",
            "productShopPage": "https://www.newworld.co.nz/shop/product/5009239_ea_000nw",
            "productImageURL": "https://a.fsimg.co.nz/product/retail/fan/image/master/5009239.png",
            "productDescription": "Powered by Glucose.\n\nProduct of New Zealand",
            "volume": "380mL",
            "multipack": {
                "quantity": "1"
            }
        },
        "priceData": {
            "bestPrice": "2.69",
            "price": "2.69",
            "pricePerLitre": 7.08,
            "bestPricePerLitre": 7.08
        },
        "store": {
            "id": "1257ed9a-1790-4ad0-beae-383397043e35",
            "name": "New World Carterton"
        }
    },
    {
        "productData": {
            "name": "V Pure Natural Energy Drink Glass Bottle 330ml",
            "productId": "5237753_ea_000",
            "productShopPage": "https://www.newworld.co.nz/shop/product/5237753_ea_000nw",
            "productImageURL": "https://a.fsimg.co.nz/product/retail/fan/image/master/5237753.png",
            "productDescription": "Buy 2 for $5.00.\n\n\nNothing artificial\n\nProduct of New Zealand",
            "volume": "330mL",
            "multipack": {
                "quantity": "1"
            }
        },
        "priceData": {
            "bestPrice": 2.5,
            "price": 2.0,
            "pricePerLitre": 6.0606060606060606,
            "bestPricePerLitre": 7.575757575757575,
            "multiBuy": {
                "quantity": 2.0,
                "value": 5.0,
                "perUnit": 2.5
            }
        },
        "store": {
            "id": "1257ed9a-1790-4ad0-beae-383397043e35",
            "name": "New World Carterton"
        }
    },
    {
        "productData": {
            "name": "Lucozade Original Energy Drink 380ml",
            "productId": "5009240_ea_000",
            "productShopPage": "https://www.newworld.co.nz/shop/product/5009240_ea_000nw",
            "productImageURL": "https://a.fsimg.co.nz/product/retail/fan/image/master/5009240.png",
            "productDescription": "Energy from Glucose.\n\nProduct of New Zealand",
            "volume": "380mL",
            "multipack": {
                "quantity": "1"
            }
        },
        "priceData": {
            "bestPrice": "2.69",
            "price": "2.69",
            "pricePerLitre": 7.08,
            "bestPricePerLitre": 7.08
        },
        "store": {
            "id": "1257ed9a-1790-4ad0-beae-383397043e35",
            "name": "New World Carterton"
        }
    },
    {
        "productData": {
            "name": "V Berry Twist Sugar Free Can 500ml",
            "productId": "5254654_ea_000",
            "productShopPage": "https://www.newworld.co.nz/shop/product/5254654_ea_000nw",
            "productImageURL": "https://a.fsimg.co.nz/product/retail/fan/image/master/5254654.png",
            "productDescription": "Sugarfree\n\nProduct of New Zealand",
            "volume": "500mL",
            "multipack": {
                "quantity": "1"
            }
        },
        "priceData": {
            "bestPrice": "3.49",
            "price": "3.49",
            "pricePerLitre": 7.0,
            "bestPricePerLitre": 7.0
        },
        "store": {
            "id": "1257ed9a-1790-4ad0-beae-383397043e35",
            "name": "New World Carterton"
        }
    },
    {
        "productData": {
            "name": "V Raspberry Lemonade Can 500ml",
            "productId": "5264523_ea_000",
            "productShopPage": "https://www.newworld.co.nz/shop/product/5264523_ea_000nw",
            "productImageURL": "https://a.fsimg.co.nz/product/retail/fan/image/master/5264523.png",
            "productDescription": "Product of New Zealand",
            "volume": "500mL",
            "multipack": {
                "quantity": "1"
            }
        },
        "priceData": {
            "bestPrice": "3.49",
            "price": "3.49",
            "pricePerLitre": 7.0,
            "bestPricePerLitre": 7.0
        },
        "store": {
            "id": "1257ed9a-1790-4ad0-beae-383397043e35",
            "name": "New World Carterton"
        }
    },
    {
        "productData": {
            "name": "Monster Zero Sugar Ultra Rosa Energy Drink 500ml",
            "productId": "5278094_ea_000",
            "productShopPage": "https://www.newworld.co.nz/shop/product/5278094_ea_000nw",
            "productImageURL": "https://a.fsimg.co.nz/product/retail/fan/image/master/5278094.png",
            "productDescription": "Product of Imported",
            "volume": "500mL",
            "multipack": {
                "quantity": "1"
            }
        },
        "priceData": {
            "bestPrice": "2.99",
            "price": "2.99",
            "pricePerLitre": 6.0,
            "bestPricePerLitre": 6.0
        },
        "store": {
            "id": "1257ed9a-1790-4ad0-beae-383397043e35",
            "name": "New World Carterton"
        }
    },
    {
        "productData": {
            "name": "Monster Mule Energy Drink 500ml",
            "productId": "5269459_ea_000",
            "productShopPage": "https://www.newworld.co.nz/shop/product/5269459_ea_000nw",
            "productImageURL": "https://a.fsimg.co.nz/product/retail/fan/image/master/5269459.png",
            "productDescription": "Product of Imported",
            "volume": "500mL",
            "multipack": {
                "quantity": "1"
            }
        },
        "priceData": {
            "bestPrice": "2.99",
            "price": "2.99",
            "pricePerLitre": 6.0,
            "bestPricePerLitre": 6.0
        },
        "store": {
            "id": "1257ed9a-1790-4ad0-beae-383397043e35",
            "name": "New World Carterton"
        }
    },
    {
        "productData": {
            "name": "Monster Ultra Paradise Energy Drink 500ml",
            "productId": "5261257_ea_000",
            "productShopPage": "https://www.newworld.co.nz/shop/product/5261257_ea_000nw",
            "productImageURL": "https://a.fsimg.co.nz/product/retail/fan/image/master/5261257.png",
            "productDescription": "Product of Imported",
            "volume": "500mL",
            "multipack": {
                "quantity": "1"
            }
        },
        "priceData": {
            "bestPrice": "2.99",
            "price": "2.99",
            "pricePerLitre": 6.0,
            "bestPricePerLitre": 6.0
        },
        "store": {
            "id": "1257ed9a-1790-4ad0-beae-383397043e35",
            "name": "New World Carterton"
        }
    },
    {
        "productData": {
            "name": "Monster Ultra Zero Drink 500ml",
            "productId": "5090618_ea_000",
            "productShopPage": "https://www.newworld.co.nz/shop/product/5090618_ea_000nw",
            "productImageURL": "https://a.fsimg.co.nz/product/retail/fan/image/master/5090618.png",
            "productDescription": "A little less sweet, lighter-tasting, zero calories, but with a full load of our Monster energy blend. Sure, white is the new black. Monster Energy Zero Ultra. Unleash the Ultra Beast!\n\nProduct of Imported",
            "volume": "500mL",
            "multipack": {
                "quantity": "1"
            }
        },
        "priceData": {
            "bestPrice": "2.99",
            "price": "2.99",
            "pricePerLitre": 6.0,
            "bestPricePerLitre": 6.0
        },
        "store": {
            "id": "1257ed9a-1790-4ad0-beae-383397043e35",
            "name": "New World Carterton"
        }
    },
    {
        "productData": {
            "name": "Mother Energy Drink Can 500ml",
            "productId": "5011153_ea_000",
            "productShopPage": "https://www.newworld.co.nz/shop/product/5011153_ea_000nw",
            "productImageURL": "https://a.fsimg.co.nz/product/retail/fan/image/master/5011153.png",
            "productDescription": "Contains Caffeine.\n\nProduct of New Zealand",
            "volume": "500mL",
            "multipack": {
                "quantity": "1"
            }
        },
        "priceData": {
            "bestPrice": "1.99",
            "price": "1.99",
            "pricePerLitre": 4.0,
            "bestPricePerLitre": 4.0
        },
        "store": {
            "id": "1257ed9a-1790-4ad0-beae-383397043e35",
            "name": "New World Carterton"
        }
    },
    {
        "productData": {
            "name": "Monster Super Fuel Purple Passion Energy Drink 550ml",
            "productId": "5284332_ea_000",
            "productShopPage": "https://www.newworld.co.nz/shop/product/5284332_ea_000nw",
            "productImageURL": "https://a.fsimg.co.nz/product/retail/fan/image/master/5284332.png",
            "productDescription": "Product of Imported",
            "volume": "550mL",
            "multipack": {
                "quantity": "1"
            }
        },
        "priceData": {
            "bestPrice": "3.49",
            "price": "3.49",
            "pricePerLitre": 6.345454545454546,
            "bestPricePerLitre": 6.345454545454546
        },
        "store": {
            "id": "1257ed9a-1790-4ad0-beae-383397043e35",
            "name": "New World Carterton"
        }
    },
    {
        "productData": {
            "name": "Monster Energy Drink 500ml",
            "productId": "5007647_ea_000",
            "productShopPage": "https://www.newworld.co.nz/shop/product/5007647_ea_000nw",
            "productImageURL": "https://a.fsimg.co.nz/product/retail/fan/image/master/5007647.png",
            "productDescription": "Contains Caffeine.\n\nProduct of Imported",
            "volume": "500mL",
            "multipack": {
                "quantity": "1"
            }
        },
        "priceData": {
            "bestPrice": "2.99",
            "price": "2.99",
            "pricePerLitre": 6.0,
            "bestPricePerLitre": 6.0
        },
        "store": {
            "id": "1257ed9a-1790-4ad0-beae-383397043e35",
            "name": "New World Carterton"
        }
    },
    {
        "productData": {
            "name": "V Sugarfree Guarana Energy Drink 500ml",
            "productId": "5007644_ea_000",
            "productShopPage": "https://www.newworld.co.nz/shop/product/5007644_ea_000nw",
            "productImageURL": "https://a.fsimg.co.nz/product/retail/fan/image/master/5007644.png",
            "productDescription": "Sugar Free.\n\nProduct of New Zealand",
            "volume": "500mL",
            "multipack": {
                "quantity": "1"
            }
        },
        "priceData": {
            "bestPrice": "3.49",
            "price": "3.49",
            "pricePerLitre": 7.0,
            "bestPricePerLitre": 7.0
        },
        "store": {
            "id": "1257ed9a-1790-4ad0-beae-383397043e35",
            "name": "New World Carterton"
        }
    },
    {
        "productData": {
            "name": "V Original Guarana Energy Drink 500ml",
            "productId": "5004703_ea_000",
            "productShopPage": "https://www.newworld.co.nz/shop/product/5004703_ea_000nw",
            "productImageURL": "https://a.fsimg.co.nz/product/retail/fan/image/master/5004703.png",
            "productDescription": "Contains Caffeine.\n\nProduct of New Zealand",
            "volume": "500mL",
            "multipack": {
                "quantity": "1"
            }
        },
        "priceData": {
            "bestPrice": "3.49",
            "price": "3.49",
            "pricePerLitre": 7.0,
            "bestPricePerLitre": 7.0
        },
        "store": {
            "id": "1257ed9a-1790-4ad0-beae-383397043e35",
            "name": "New World Carterton"
        }
    },
    {
        "productData": {
            "name": "V Green Guarana Energy Drink Cans 10pk",
            "productId": "5210061_ea_000",
            "productShopPage": "https://www.newworld.co.nz/shop/product/5210061_ea_000nw",
            "productImageURL": "https://a.fsimg.co.nz/product/retail/fan/image/master/5210061.png",
            "productDescription": "Product of New Zealand",
            "volume": "200mL",
            "multipack": {
                "quantity": "10"
            }
        },
        "priceData": {
            "bestPrice": "15.29",
            "price": "15.29",
            "pricePerLitre": 7.6,
            "bestPricePerLitre": 7.6
        },
        "store": {
            "id": "1257ed9a-1790-4ad0-beae-383397043e35",
            "name": "New World Carterton"
        }
    },
    {
        "productData": {
            "name": "V Original Guarana Energy Drink 500ml",
            "productId": "5007441_ea_000",
            "productShopPage": "https://www.newworld.co.nz/shop/product/5007441_ea_000nw",
            "productImageURL": "https://a.fsimg.co.nz/product/retail/fan/image/master/5007441.png",
            "productDescription": "Buy 2 for $5.00.\n\n\nContains Wheat Derivatives, Caffeine.\n\nProduct of New Zealand",
            "volume": "500mL",
            "multipack": {
                "quantity": "1"
            }
        },
        "priceData": {
            "bestPrice": 2.5,
            "price": 2.0,
            "pricePerLitre": 4.0,
            "bestPricePerLitre": 5.0,
            "multiBuy": {
                "quantity": 2.0,
                "value": 5.0,
                "perUnit": 2.5
            }
        },
        "store": {
            "id": "1257ed9a-1790-4ad0-beae-383397043e35",
            "name": "New World Carterton"
        }
    },
    {
        "productData": {
            "name": "V Blue Guarana Energy Drink 10pk",
            "productId": "5290181_ea_000",
            "productShopPage": "https://www.newworld.co.nz/shop/product/5290181_ea_000nw",
            "productImageURL": "https://a.fsimg.co.nz/product/retail/fan/image/master/5290181.png",
            "productDescription": "Product of New Zealand",
            "volume": "250mL",
            "multipack": {
                "quantity": "10"
            }
        },
        "priceData": {
            "bestPrice": "17.99",
            "price": "17.99",
            "pricePerLitre": 7.2,
            "bestPricePerLitre": 7.2
        },
        "store": {
            "id": "63190876-2bd4-4562-ae34-bb5caebab4f9",
            "name": "New World Birkenhead"
        }
    },
    {
        "productData": {
            "name": "V Blue Guarana Energy Drink 250ml",
            "productId": "5007495_ea_000",
            "productShopPage": "https://www.newworld.co.nz/shop/product/5007495_ea_000nw",
            "productImageURL": "https://a.fsimg.co.nz/product/retail/fan/image/master/5007495.png",
            "productDescription": "Contains Caffeine, Wheat Derivatives.\n\nProduct of New Zealand",
            "volume": "250mL",
            "multipack": {
                "quantity": "1"
            }
        },
        "priceData": {
            "bestPrice": "1.99",
            "price": "1.99",
            "pricePerLitre": 8.0,
            "bestPricePerLitre": 8.0
        },
        "store": {
            "id": "63190876-2bd4-4562-ae34-bb5caebab4f9",
            "name": "New World Birkenhead"
        }
    },
    {
        "productData": {
            "name": "V Sugarfree Blue Guarana Energy Drink 4pk",
            "productId": "5289891_ea_000",
            "productShopPage": "https://www.newworld.co.nz/shop/product/5289891_ea_000nw",
            "productImageURL": "https://a.fsimg.co.nz/product/retail/fan/image/master/5289891.png",
            "productDescription": "Limit 12 assorted.\n\n\n\n\nProduct of New Zealand",
            "volume": "250mL",
            "multipack": {
                "quantity": "4"
            }
        },
        "priceData": {
            "bestPrice": "5.99",
            "price": "5.99",
            "pricePerLitre": 5.99,
            "bestPricePerLitre": 5.99
        },
        "store": {
            "id": "63190876-2bd4-4562-ae34-bb5caebab4f9",
            "name": "New World Birkenhead"
        }
    },
    {
        "productData": {
            "name": "V Sugarfree Guarana Energy Drink 250ml",
            "productId": "5001639_ea_000",
            "productShopPage": "https://www.newworld.co.nz/shop/product/5001639_ea_000nw",
            "productImageURL": "https://a.fsimg.co.nz/product/retail/fan/image/master/5001639.png",
            "productDescription": "Sugar Free. Contains Caffeine.\n\nProduct of New Zealand",
            "volume": "250mL",
            "multipack": {
                "quantity": "1"
            }
        },
        "priceData": {
            "bestPrice": "1.99",
            "price": "1.99",
            "pricePerLitre": 8.0,
            "bestPricePerLitre": 8.0
        },
        "store": {
            "id": "63190876-2bd4-4562-ae34-bb5caebab4f9",
            "name": "New World Birkenhead"
        }
    },
    {
        "productData": {
            "name": "V Sugarfree Guarana Energy Drink 10pk",
            "productId": "5289890_ea_000",
            "productShopPage": "https://www.newworld.co.nz/shop/product/5289890_ea_000nw",
            "productImageURL": "https://a.fsimg.co.nz/product/retail/fan/image/master/5289890.png",
            "productDescription": "Product of New Zealand",
            "volume": "",
            "multipack": {
                "quantity": ""
            }
        },
        "priceData": {
            "bestPrice": "17.99",
            "price": "17.99",
            "pricePerLitre": 72.0,
            "bestPricePerLitre": 72.0
        },
        "store": {
            "id": "63190876-2bd4-4562-ae34-bb5caebab4f9",
            "name": "New World Birkenhead"
        }
    },
    {
        "productData": {
            "name": "Live Plus Ascend Energy Drink 250ml",
            "productId": "5236675_ea_000",
            "productShopPage": "https://www.newworld.co.nz/shop/product/5236675_ea_000nw",
            "productImageURL": "https://a.fsimg.co.nz/product/retail/fan/image/master/5236675.png",
            "productDescription": "Limit 12 assorted.\n\n\n\n\nProduct of New Zealand",
            "volume": "",
            "multipack": {
                "quantity": ""
            }
        },
        "priceData": {
            "bestPrice": "0.99",
            "price": "0.99"
        },
        "store": {
            "id": "63190876-2bd4-4562-ae34-bb5caebab4f9",
            "name": "New World Birkenhead"
        }
    },
    {
        "productData": {
            "name": "Live Plus Persist Energy Drink 250ml",
            "productId": "5236678_ea_000",
            "productShopPage": "https://www.newworld.co.nz/shop/product/5236678_ea_000nw",
            "productImageURL": "https://a.fsimg.co.nz/product/retail/fan/image/master/5236678.png",
            "productDescription": "Limit 12 assorted.\n\n\n\n\nProduct of New Zealand",
            "volume": "",
            "multipack": {
                "quantity": ""
            }
        },
        "priceData": {
            "bestPrice": "0.99",
            "price": "0.99"
        },
        "store": {
            "id": "63190876-2bd4-4562-ae34-bb5caebab4f9",
            "name": "New World Birkenhead"
        }
    },
    {
        "productData": {
            "name": "V Green Guarana Energy Drink 10pk",
            "productId": "5289889_ea_000",
            "productShopPage": "https://www.newworld.co.nz/shop/product/5289889_ea_000nw",
            "productImageURL": "https://a.fsimg.co.nz/product/retail/fan/image/master/5289889.png",
            "productDescription": "Product of New Zealand",
            "volume": "250mL",
            "multipack": {
                "quantity": "10"
            }
        },
        "priceData": {
            "bestPrice": "17.99",
            "price": "17.99",
            "pricePerLitre": 7.2,
            "bestPricePerLitre": 7.2
        },
        "store": {
            "id": "63190876-2bd4-4562-ae34-bb5caebab4f9",
            "name": "New World Birkenhead"
        }
    },
    {
        "productData": {
            "name": "V Sugarfree Blue Guarana Energy Drink 500ml",
            "productId": "5283362_ea_000",
            "productShopPage": "https://www.newworld.co.nz/shop/product/5283362_ea_000nw",
            "productImageURL": "https://a.fsimg.co.nz/product/retail/fan/image/master/5283362.png",
            "productDescription": "Sugar free\n\nProduct of New Zealand",
            "volume": "500mL",
            "multipack": {
                "quantity": "1"
            }
        },
        "priceData": {
            "bestPrice": "3.49",
            "price": "3.49",
            "pricePerLitre": 7.0,
            "bestPricePerLitre": 7.0
        },
        "store": {
            "id": "63190876-2bd4-4562-ae34-bb5caebab4f9",
            "name": "New World Birkenhead"
        }
    },
    {
        "productData": {
            "name": "V Original Guarana Energy Drink 350ml",
            "productId": "5003156_ea_000",
            "productShopPage": "https://www.newworld.co.nz/shop/product/5003156_ea_000nw",
            "productImageURL": "https://a.fsimg.co.nz/product/retail/fan/image/master/5003156.png",
            "productDescription": "Buy 2 for $5.00.\n\n\nContains Caffeine.\n\nProduct of New Zealand",
            "volume": "350mL",
            "multipack": {
                "quantity": "1"
            }
        },
        "priceData": {
            "bestPrice": 2.5,
            "price": 2.0,
            "pricePerLitre": 5.714285714285714,
            "bestPricePerLitre": 7.142857142857143,
            "multiBuy": {
                "quantity": 2.0,
                "value": 5.0,
                "perUnit": 2.5
            }
        },
        "store": {
            "id": "63190876-2bd4-4562-ae34-bb5caebab4f9",
            "name": "New World Birkenhead"
        }
    },
    {
        "productData": {
            "name": "V Blue Guarana Energy Drink 4pk",
            "productId": "5210055_ea_000",
            "productShopPage": "https://www.newworld.co.nz/shop/product/5210055_ea_000nw",
            "productImageURL": "https://a.fsimg.co.nz/product/retail/fan/image/master/5210055.png",
            "productDescription": "Product of New Zealand",
            "volume": "275mL",
            "multipack": {
                "quantity": "4"
            }
        },
        "priceData": {
            "bestPrice": "5.99",
            "price": "5.99",
            "pricePerLitre": 5.4,
            "bestPricePerLitre": 5.4
        },
        "store": {
            "id": "63190876-2bd4-4562-ae34-bb5caebab4f9",
            "name": "New World Birkenhead"
        }
    },
    {
        "productData": {
            "name": "V Blue Guarana Energy Drink 350ml",
            "productId": "5007492_ea_000",
            "productShopPage": "https://www.newworld.co.nz/shop/product/5007492_ea_000nw",
            "productImageURL": "https://a.fsimg.co.nz/product/retail/fan/image/master/5007492.png",
            "productDescription": "Buy 2 for $5.00.\n\n\nContains Caffeine, Wheat Derivatives.\n\nProduct of New Zealand",
            "volume": "350mL",
            "multipack": {
                "quantity": "1"
            }
        },
        "priceData": {
            "bestPrice": 2.5,
            "price": 2.0,
            "pricePerLitre": 5.714285714285714,
            "bestPricePerLitre": 7.142857142857143,
            "multiBuy": {
                "quantity": 2.0,
                "value": 5.0,
                "perUnit": 2.5
            }
        },
        "store": {
            "id": "63190876-2bd4-4562-ae34-bb5caebab4f9",
            "name": "New World Birkenhead"
        }
    },
    {
        "productData": {
            "name": "V Blue Energy Drink 500ml",
            "productId": "5020662_ea_000",
            "productShopPage": "https://www.newworld.co.nz/shop/product/5020662_ea_000nw",
            "productImageURL": "https://a.fsimg.co.nz/product/retail/fan/image/master/5020662.png",
            "productDescription": "Buy 2 for $5.00.\n\n\n\n\nProduct of New Zealand",
            "volume": "500mL",
            "multipack": {
                "quantity": "1"
            }
        },
        "priceData": {
            "bestPrice": 2.5,
            "price": 2.0,
            "pricePerLitre": 4.0,
            "bestPricePerLitre": 5.0,
            "multiBuy": {
                "quantity": 2.0,
                "value": 5.0,
                "perUnit": 2.5
            }
        },
        "store": {
            "id": "63190876-2bd4-4562-ae34-bb5caebab4f9",
            "name": "New World Birkenhead"
        }
    },
    {
        "productData": {
            "name": "V Blue Guarana Energy Drink 500ml",
            "productId": "5007494_ea_000",
            "productShopPage": "https://www.newworld.co.nz/shop/product/5007494_ea_000nw",
            "productImageURL": "https://a.fsimg.co.nz/product/retail/fan/image/master/5007494.png",
            "productDescription": "Contains Wheat Derivatives, Caffeine.\n\nProduct of New Zealand",
            "volume": "500mL",
            "multipack": {
                "quantity": "1"
            }
        },
        "priceData": {
            "bestPrice": "3.49",
            "price": "3.49",
            "pricePerLitre": 7.0,
            "bestPricePerLitre": 7.0
        },
        "store": {
            "id": "63190876-2bd4-4562-ae34-bb5caebab4f9",
            "name": "New World Birkenhead"
        }
    },
    {
        "productData": {
            "name": "Red Bull Energy Drink 473ml",
            "productId": "5005255_ea_000",
            "productShopPage": "https://www.newworld.co.nz/shop/product/5005255_ea_000nw",
            "productImageURL": "https://a.fsimg.co.nz/product/retail/fan/image/master/5005255.png",
            "productDescription": "Red Bull Energy Drink's special formula contains ingredients of high quality: Caffeine, Taurine, B-Group Vitamins, Sugars, Alpine Water.One 250ml can of Red Bull Energy Drinks contains 80 mg of caffeine, about the same amount as in a cup of home-brewed coffee.The amount of sugars in a can of Red Bull Energy Drink is comparable to the level of sugars in an equivalent amount of apple or orange juice – 11 g per 100ml.Red Bull cans are made of 100% recyclable aluminium.Red Bull Energy Drink 473ml canVitalizes Body and Mind.®RED BULL GIVES YOU WINGSInspired by functional drinks from the Far East, Dietrich Mateschitz founded Red Bull in the mid-1980s. He developed a new product and a unique marketing concept and launched Red Bull Energy Drink on April 1, 1987 in Austria. A brand new product category - Energy Drinks - was born.\n\nProduct of Imported",
            "volume": "473mL",
            "multipack": {
                "quantity": "1"
            }
        },
        "priceData": {
            "bestPrice": "3.59",
            "price": "3.59",
            "pricePerLitre": 7.6,
            "bestPricePerLitre": 7.6
        },
        "store": {
            "id": "63190876-2bd4-4562-ae34-bb5caebab4f9",
            "name": "New World Birkenhead"
        }
    },
    {
        "productData": {
            "name": "V Original Guarana Energy Drink 250ml",
            "productId": "5003151_ea_000",
            "productShopPage": "https://www.newworld.co.nz/shop/product/5003151_ea_000nw",
            "productImageURL": "https://a.fsimg.co.nz/product/retail/fan/image/master/5003151.png",
            "productDescription": "Contains Caffeine.\n\nProduct of New Zealand",
            "volume": "250mL",
            "multipack": {
                "quantity": "1"
            }
        },
        "priceData": {
            "bestPrice": "1.99",
            "price": "1.99",
            "pricePerLitre": 8.0,
            "bestPricePerLitre": 8.0
        },
        "store": {
            "id": "63190876-2bd4-4562-ae34-bb5caebab4f9",
            "name": "New World Birkenhead"
        }
    },
    {
        "productData": {
            "name": "Red Bull Energy Drink 250ml Cans 4pk",
            "productId": "5001443_ea_000",
            "productShopPage": "https://www.newworld.co.nz/shop/product/5001443_ea_000nw",
            "productImageURL": "https://a.fsimg.co.nz/product/retail/fan/image/master/5001443.png",
            "productDescription": "Red Bull Energy Drink's special formula contains ingredients of high quality: Caffeine, Taurine, B-Group Vitamins, Sugars, Alpine Water.One 250ml can of Red Bull Energy Drinks contains 80 mg of caffeine, about the same amount as in a cup of home-brewed coffee.The amount of sugars in a can of Red Bull Energy Drink is comparable to the level of sugars in an equivalent amount of apple or orange juice – 11 g per 100ml.Red Bull cans are made of 100% recyclable aluminium.Pack of four 250ml Red Bull Energy Drink cansVitalizes Body and Mind.®RED BULL GIVES YOU WINGSInspired by functional drinks from the Far East, Dietrich Mateschitz founded Red Bull in the mid-1980s. He developed a new product and a unique marketing concept and launched Red Bull Energy Drink on April 1, 1987 in Austria. A brand new product category - Energy Drinks - was born.",
            "volume": "250mL",
            "multipack": {
                "quantity": "4"
            }
        },
        "priceData": {
            "bestPrice": "8.29",
            "price": "8.29",
            "pricePerLitre": 8.299999999999999,
            "bestPricePerLitre": 8.299999999999999
        },
        "store": {
            "id": "63190876-2bd4-4562-ae34-bb5caebab4f9",
            "name": "New World Birkenhead"
        }
    },
    {
        "productData": {
            "name": "Lucozade Orange Energy Drink 380ml",
            "productId": "5009239_ea_000",
            "productShopPage": "https://www.newworld.co.nz/shop/product/5009239_ea_000nw",
            "productImageURL": "https://a.fsimg.co.nz/product/retail/fan/image/master/5009239.png",
            "productDescription": "Powered by Glucose.\n\nProduct of New Zealand",
            "volume": "380mL",
            "multipack": {
                "quantity": "1"
            }
        },
        "priceData": {
            "bestPrice": "2.69",
            "price": "2.69",
            "pricePerLitre": 7.08,
            "bestPricePerLitre": 7.08
        },
        "store": {
            "id": "63190876-2bd4-4562-ae34-bb5caebab4f9",
            "name": "New World Birkenhead"
        }
    },
    {
        "productData": {
            "name": "V Pure Natural Energy Drink Glass Bottle 330ml",
            "productId": "5237753_ea_000",
            "productShopPage": "https://www.newworld.co.nz/shop/product/5237753_ea_000nw",
            "productImageURL": "https://a.fsimg.co.nz/product/retail/fan/image/master/5237753.png",
            "productDescription": "Buy 2 for $5.00.\n\n\nNothing artificial\n\nProduct of New Zealand",
            "volume": "330mL",
            "multipack": {
                "quantity": "1"
            }
        },
        "priceData": {
            "bestPrice": 2.5,
            "price": 2.0,
            "pricePerLitre": 6.0606060606060606,
            "bestPricePerLitre": 7.575757575757575,
            "multiBuy": {
                "quantity": 2.0,
                "value": 5.0,
                "perUnit": 2.5
            }
        },
        "store": {
            "id": "63190876-2bd4-4562-ae34-bb5caebab4f9",
            "name": "New World Birkenhead"
        }
    },
    {
        "productData": {
            "name": "Lucozade Original Energy Drink 380ml",
            "productId": "5009240_ea_000",
            "productShopPage": "https://www.newworld.co.nz/shop/product/5009240_ea_000nw",
            "productImageURL": "https://a.fsimg.co.nz/product/retail/fan/image/master/5009240.png",
            "productDescription": "Energy from Glucose.\n\nProduct of New Zealand",
            "volume": "380mL",
            "multipack": {
                "quantity": "1"
            }
        },
        "priceData": {
            "bestPrice": "2.69",
            "price": "2.69",
            "pricePerLitre": 7.08,
            "bestPricePerLitre": 7.08
        },
        "store": {
            "id": "63190876-2bd4-4562-ae34-bb5caebab4f9",
            "name": "New World Birkenhead"
        }
    },
    {
        "productData": {
            "name": "V Pure Natural Energy Drink Can 250ml",
            "productId": "5237735_ea_000",
            "productShopPage": "https://www.newworld.co.nz/shop/product/5237735_ea_000nw",
            "productImageURL": "https://a.fsimg.co.nz/product/retail/fan/image/master/5237735.png",
            "productDescription": "6 natural ingredients; Nothing artificial; Apple juice - Apple and lemon juice is reconstituted; Lemon juice - Apple and lemon juice is reconstituted\n\nProduct of New Zealand",
            "volume": "250mL",
            "multipack": {
                "quantity": "1"
            }
        },
        "priceData": {
            "bestPrice": "1.99",
            "price": "1.99",
            "pricePerLitre": 8.0,
            "bestPricePerLitre": 8.0
        },
        "store": {
            "id": "63190876-2bd4-4562-ae34-bb5caebab4f9",
            "name": "New World Birkenhead"
        }
    },
    {
        "productData": {
            "name": "Rockstar Original Energy Drink 500ml",
            "productId": "5215383_ea_000",
            "productShopPage": "https://www.newworld.co.nz/shop/product/5215383_ea_000nw",
            "productImageURL": "https://a.fsimg.co.nz/product/retail/fan/image/master/5215383.png",
            "productDescription": "Buy 3 for $5.00.\n\n\nCaffeine; B vitamins; Vitamin C; Taurine; Ginseng\n\nProduct of New Zealand",
            "volume": "500mL",
            "multipack": {
                "quantity": "1"
            }
        },
        "priceData": {
            "bestPrice": 1.6666666666666667,
            "price": 1.0,
            "pricePerLitre": 2.0,
            "bestPricePerLitre": 3.3333333333333335,
            "multiBuy": {
                "quantity": 3.0,
                "value": 5.0,
                "perUnit": 1.6666666666666667
            }
        },
        "store": {
            "id": "63190876-2bd4-4562-ae34-bb5caebab4f9",
            "name": "New World Birkenhead"
        }
    },
    {
        "productData": {
            "name": "V Berry Twist Sugar Free Can 500ml",
            "productId": "5254654_ea_000",
            "productShopPage": "https://www.newworld.co.nz/shop/product/5254654_ea_000nw",
            "productImageURL": "https://a.fsimg.co.nz/product/retail/fan/image/master/5254654.png",
            "productDescription": "Sugarfree\n\nProduct of New Zealand",
            "volume": "500mL",
            "multipack": {
                "quantity": "1"
            }
        },
        "priceData": {
            "bestPrice": "3.49",
            "price": "3.49",
            "pricePerLitre": 7.0,
            "bestPricePerLitre": 7.0
        },
        "store": {
            "id": "63190876-2bd4-4562-ae34-bb5caebab4f9",
            "name": "New World Birkenhead"
        }
    },
    {
        "productData": {
            "name": "V Raspberry Lemonade Can 500ml",
            "productId": "5264523_ea_000",
            "productShopPage": "https://www.newworld.co.nz/shop/product/5264523_ea_000nw",
            "productImageURL": "https://a.fsimg.co.nz/product/retail/fan/image/master/5264523.png",
            "productDescription": "Product of New Zealand",
            "volume": "500mL",
            "multipack": {
                "quantity": "1"
            }
        },
        "priceData": {
            "bestPrice": "3.49",
            "price": "3.49",
            "pricePerLitre": 7.0,
            "bestPricePerLitre": 7.0
        },
        "store": {
            "id": "63190876-2bd4-4562-ae34-bb5caebab4f9",
            "name": "New World Birkenhead"
        }
    },
    {
        "productData": {
            "name": "Monster Mule Energy Drink 500ml",
            "productId": "5269459_ea_000",
            "productShopPage": "https://www.newworld.co.nz/shop/product/5269459_ea_000nw",
            "productImageURL": "https://a.fsimg.co.nz/product/retail/fan/image/master/5269459.png",
            "productDescription": "Product of Imported",
            "volume": "500mL",
            "multipack": {
                "quantity": "1"
            }
        },
        "priceData": {
            "bestPrice": "2.99",
            "price": "2.99",
            "pricePerLitre": 6.0,
            "bestPricePerLitre": 6.0
        },
        "store": {
            "id": "63190876-2bd4-4562-ae34-bb5caebab4f9",
            "name": "New World Birkenhead"
        }
    },
    {
        "productData": {
            "name": "Monster Ultra Paradise Energy Drink 500ml",
            "productId": "5261257_ea_000",
            "productShopPage": "https://www.newworld.co.nz/shop/product/5261257_ea_000nw",
            "productImageURL": "https://a.fsimg.co.nz/product/retail/fan/image/master/5261257.png",
            "productDescription": "Product of Imported",
            "volume": "500mL",
            "multipack": {
                "quantity": "1"
            }
        },
        "priceData": {
            "bestPrice": "2.99",
            "price": "2.99",
            "pricePerLitre": 6.0,
            "bestPricePerLitre": 6.0
        },
        "store": {
            "id": "63190876-2bd4-4562-ae34-bb5caebab4f9",
            "name": "New World Birkenhead"
        }
    },
    {
        "productData": {
            "name": "V Energy Drink Green Cans 4pk",
            "productId": "5002893_ea_000",
            "productShopPage": "https://www.newworld.co.nz/shop/product/5002893_ea_000nw",
            "productImageURL": "https://a.fsimg.co.nz/product/retail/fan/image/master/5002893.png",
            "productDescription": "Limit 12 assorted.\n\n\nContains Caffeine.\n\nProduct of New Zealand",
            "volume": "250mL",
            "multipack": {
                "quantity": "4"
            }
        },
        "priceData": {
            "bestPrice": "5.99",
            "price": "5.99",
            "pricePerLitre": 5.99,
            "bestPricePerLitre": 5.99
        },
        "store": {
            "id": "63190876-2bd4-4562-ae34-bb5caebab4f9",
            "name": "New World Birkenhead"
        }
    },
    {
        "productData": {
            "name": "Monster Ultra Zero Drink 500ml",
            "productId": "5090618_ea_000",
            "productShopPage": "https://www.newworld.co.nz/shop/product/5090618_ea_000nw",
            "productImageURL": "https://a.fsimg.co.nz/product/retail/fan/image/master/5090618.png",
            "productDescription": "A little less sweet, lighter-tasting, zero calories, but with a full load of our Monster energy blend. Sure, white is the new black. Monster Energy Zero Ultra. Unleash the Ultra Beast!\n\nProduct of Imported",
            "volume": "500mL",
            "multipack": {
                "quantity": "1"
            }
        },
        "priceData": {
            "bestPrice": "2.99",
            "price": "2.99",
            "pricePerLitre": 6.0,
            "bestPricePerLitre": 6.0
        },
        "store": {
            "id": "63190876-2bd4-4562-ae34-bb5caebab4f9",
            "name": "New World Birkenhead"
        }
    },
    {
        "productData": {
            "name": "Monster Super Fuel Zero Sugar Energy Drink 550ml",
            "productId": "5284331_ea_000",
            "productShopPage": "https://www.newworld.co.nz/shop/product/5284331_ea_000nw",
            "productImageURL": "https://a.fsimg.co.nz/product/retail/fan/image/master/5284331.png",
            "productDescription": "Product of Imported",
            "volume": "550mL",
            "multipack": {
                "quantity": "1"
            }
        },
        "priceData": {
            "bestPrice": "3.49",
            "price": "3.49",
            "pricePerLitre": 6.345454545454546,
            "bestPricePerLitre": 6.345454545454546
        },
        "store": {
            "id": "63190876-2bd4-4562-ae34-bb5caebab4f9",
            "name": "New World Birkenhead"
        }
    },
    {
        "productData": {
            "name": "Mother Energy Drink Can 500ml",
            "productId": "5011153_ea_000",
            "productShopPage": "https://www.newworld.co.nz/shop/product/5011153_ea_000nw",
            "productImageURL": "https://a.fsimg.co.nz/product/retail/fan/image/master/5011153.png",
            "productDescription": "Contains Caffeine.\n\nProduct of New Zealand",
            "volume": "500mL",
            "multipack": {
                "quantity": "1"
            }
        },
        "priceData": {
            "bestPrice": "1.99",
            "price": "1.99",
            "pricePerLitre": 4.0,
            "bestPricePerLitre": 4.0
        },
        "store": {
            "id": "63190876-2bd4-4562-ae34-bb5caebab4f9",
            "name": "New World Birkenhead"
        }
    },
    {
        "productData": {
            "name": "Monster Super Fuel Purple Passion Energy Drink 550ml",
            "productId": "5284332_ea_000",
            "productShopPage": "https://www.newworld.co.nz/shop/product/5284332_ea_000nw",
            "productImageURL": "https://a.fsimg.co.nz/product/retail/fan/image/master/5284332.png",
            "productDescription": "Product of Imported",
            "volume": "550mL",
            "multipack": {
                "quantity": "1"
            }
        },
        "priceData": {
            "bestPrice": "3.49",
            "price": "3.49",
            "pricePerLitre": 6.345454545454546,
            "bestPricePerLitre": 6.345454545454546
        },
        "store": {
            "id": "63190876-2bd4-4562-ae34-bb5caebab4f9",
            "name": "New World Birkenhead"
        }
    },
    {
        "productData": {
            "name": "Monster Energy Drink 500ml",
            "productId": "5007647_ea_000",
            "productShopPage": "https://www.newworld.co.nz/shop/product/5007647_ea_000nw",
            "productImageURL": "https://a.fsimg.co.nz/product/retail/fan/image/master/5007647.png",
            "productDescription": "Contains Caffeine.\n\nProduct of Imported",
            "volume": "500mL",
            "multipack": {
                "quantity": "1"
            }
        },
        "priceData": {
            "bestPrice": "2.99",
            "price": "2.99",
            "pricePerLitre": 6.0,
            "bestPricePerLitre": 6.0
        },
        "store": {
            "id": "63190876-2bd4-4562-ae34-bb5caebab4f9",
            "name": "New World Birkenhead"
        }
    },
    {
        "productData": {
            "name": "V Sugarfree Guarana Energy Drink 500ml",
            "productId": "5007644_ea_000",
            "productShopPage": "https://www.newworld.co.nz/shop/product/5007644_ea_000nw",
            "productImageURL": "https://a.fsimg.co.nz/product/retail/fan/image/master/5007644.png",
            "productDescription": "Sugar Free.\n\nProduct of New Zealand",
            "volume": "500mL",
            "multipack": {
                "quantity": "1"
            }
        },
        "priceData": {
            "bestPrice": "3.49",
            "price": "3.49",
            "pricePerLitre": 7.0,
            "bestPricePerLitre": 7.0
        },
        "store": {
            "id": "63190876-2bd4-4562-ae34-bb5caebab4f9",
            "name": "New World Birkenhead"
        }
    },
    {
        "productData": {
            "name": "V Original Guarana Energy Drink 500ml",
            "productId": "5004703_ea_000",
            "productShopPage": "https://www.newworld.co.nz/shop/product/5004703_ea_000nw",
            "productImageURL": "https://a.fsimg.co.nz/product/retail/fan/image/master/5004703.png",
            "productDescription": "Contains Caffeine.\n\nProduct of New Zealand",
            "volume": "500mL",
            "multipack": {
                "quantity": "1"
            }
        },
        "priceData": {
            "bestPrice": "3.49",
            "price": "3.49",
            "pricePerLitre": 7.0,
            "bestPricePerLitre": 7.0
        },
        "store": {
            "id": "63190876-2bd4-4562-ae34-bb5caebab4f9",
            "name": "New World Birkenhead"
        }
    },
    {
        "productData": {
            "name": "V Original Guarana Energy Drink 500ml",
            "productId": "5007441_ea_000",
            "productShopPage": "https://www.newworld.co.nz/shop/product/5007441_ea_000nw",
            "productImageURL": "https://a.fsimg.co.nz/product/retail/fan/image/master/5007441.png",
            "productDescription": "Buy 2 for $5.00.\n\n\nContains Wheat Derivatives, Caffeine.\n\nProduct of New Zealand",
            "volume": "500mL",
            "multipack": {
                "quantity": "1"
            }
        },
        "priceData": {
            "bestPrice": 2.5,
            "price": 2.0,
            "pricePerLitre": 4.0,
            "bestPricePerLitre": 5.0,
            "multiBuy": {
                "quantity": 2.0,
                "value": 5.0,
                "perUnit": 2.5
            }
        },
        "store": {
            "id": "63190876-2bd4-4562-ae34-bb5caebab4f9",
            "name": "New World Birkenhead"
        }
    },
    {
        "productData": {
            "name": "V Blue Guarana Energy Drink 10pk",
            "productId": "5290181_ea_000",
            "productShopPage": "https://www.newworld.co.nz/shop/product/5290181_ea_000nw",
            "productImageURL": "https://a.fsimg.co.nz/product/retail/fan/image/master/5290181.png",
            "productDescription": "Product of New Zealand",
            "volume": "250mL",
            "multipack": {
                "quantity": "10"
            }
        },
        "priceData": {
            "bestPrice": "17.99",
            "price": "17.99",
            "pricePerLitre": 7.2,
            "bestPricePerLitre": 7.2
        },
        "store": {
            "id": "cb3f240a-a157-490c-9e80-f537d202ef49",
            "name": "New World Howick"
        }
    },
    {
        "productData": {
            "name": "V Blue Guarana Energy Drink 250ml",
            "productId": "5007495_ea_000",
            "productShopPage": "https://www.newworld.co.nz/shop/product/5007495_ea_000nw",
            "productImageURL": "https://a.fsimg.co.nz/product/retail/fan/image/master/5007495.png",
            "productDescription": "Contains Caffeine, Wheat Derivatives.\n\nProduct of New Zealand",
            "volume": "250mL",
            "multipack": {
                "quantity": "1"
            }
        },
        "priceData": {
            "bestPrice": "1.99",
            "price": "1.99",
            "pricePerLitre": 8.0,
            "bestPricePerLitre": 8.0
        },
        "store": {
            "id": "cb3f240a-a157-490c-9e80-f537d202ef49",
            "name": "New World Howick"
        }
    },
    {
        "productData": {
            "name": "V Sugarfree Blue Guarana Energy Drink 4pk",
            "productId": "5289891_ea_000",
            "productShopPage": "https://www.newworld.co.nz/shop/product/5289891_ea_000nw",
            "productImageURL": "https://a.fsimg.co.nz/product/retail/fan/image/master/5289891.png",
            "productDescription": "Limit 12 assorted.\n\n\n\n\nProduct of New Zealand",
            "volume": "250mL",
            "multipack": {
                "quantity": "4"
            }
        },
        "priceData": {
            "bestPrice": "5.99",
            "price": "5.99",
            "pricePerLitre": 5.99,
            "bestPricePerLitre": 5.99
        },
        "store": {
            "id": "cb3f240a-a157-490c-9e80-f537d202ef49",
            "name": "New World Howick"
        }
    },
    {
        "productData": {
            "name": "V Sugarfree Guarana Energy Drink 250ml",
            "productId": "5001639_ea_000",
            "productShopPage": "https://www.newworld.co.nz/shop/product/5001639_ea_000nw",
            "productImageURL": "https://a.fsimg.co.nz/product/retail/fan/image/master/5001639.png",
            "productDescription": "Sugar Free. Contains Caffeine.\n\nProduct of New Zealand",
            "volume": "250mL",
            "multipack": {
                "quantity": "1"
            }
        },
        "priceData": {
            "bestPrice": "1.99",
            "price": "1.99",
            "pricePerLitre": 8.0,
            "bestPricePerLitre": 8.0
        },
        "store": {
            "id": "cb3f240a-a157-490c-9e80-f537d202ef49",
            "name": "New World Howick"
        }
    },
    {
        "productData": {
            "name": "V Sugarfree Guarana Energy Drink 10pk",
            "productId": "5289890_ea_000",
            "productShopPage": "https://www.newworld.co.nz/shop/product/5289890_ea_000nw",
            "productImageURL": "https://a.fsimg.co.nz/product/retail/fan/image/master/5289890.png",
            "productDescription": "Product of New Zealand",
            "volume": "",
            "multipack": {
                "quantity": ""
            }
        },
        "priceData": {
            "bestPrice": "17.99",
            "price": "17.99",
            "pricePerLitre": 72.0,
            "bestPricePerLitre": 72.0
        },
        "store": {
            "id": "cb3f240a-a157-490c-9e80-f537d202ef49",
            "name": "New World Howick"
        }
    },
    {
        "productData": {
            "name": "V Raspberry Lemonade Guarana Energy Drink 4pk",
            "productId": "5264576_ea_000",
            "productShopPage": "https://www.newworld.co.nz/shop/product/5264576_ea_000nw",
            "productImageURL": "https://a.fsimg.co.nz/product/retail/fan/image/master/5264576.png",
            "productDescription": "Product of New Zealand",
            "volume": "275mL",
            "multipack": {
                "quantity": "4"
            }
        },
        "priceData": {
            "bestPrice": "9.19",
            "price": "9.19",
            "pricePerLitre": 8.355,
            "bestPricePerLitre": 8.355
        },
        "store": {
            "id": "cb3f240a-a157-490c-9e80-f537d202ef49",
            "name": "New World Howick"
        }
    },
    {
        "productData": {
            "name": "Live Plus Persist Energy Drink 250ml",
            "productId": "5236678_ea_000",
            "productShopPage": "https://www.newworld.co.nz/shop/product/5236678_ea_000nw",
            "productImageURL": "https://a.fsimg.co.nz/product/retail/fan/image/master/5236678.png",
            "productDescription": "Limit 12 assorted.\n\n\n\n\nProduct of New Zealand",
            "volume": "",
            "multipack": {
                "quantity": ""
            }
        },
        "priceData": {
            "bestPrice": "0.99",
            "price": "0.99"
        },
        "store": {
            "id": "cb3f240a-a157-490c-9e80-f537d202ef49",
            "name": "New World Howick"
        }
    },
    {
        "productData": {
            "name": "V Sugarfree Blue Guarana Energy Drink 500ml",
            "productId": "5283362_ea_000",
            "productShopPage": "https://www.newworld.co.nz/shop/product/5283362_ea_000nw",
            "productImageURL": "https://a.fsimg.co.nz/product/retail/fan/image/master/5283362.png",
            "productDescription": "Sugar free\n\nProduct of New Zealand",
            "volume": "500mL",
            "multipack": {
                "quantity": "1"
            }
        },
        "priceData": {
            "bestPrice": "3.49",
            "price": "3.49",
            "pricePerLitre": 7.0,
            "bestPricePerLitre": 7.0
        },
        "store": {
            "id": "cb3f240a-a157-490c-9e80-f537d202ef49",
            "name": "New World Howick"
        }
    },
    {
        "productData": {
            "name": "V Original Guarana Energy Drink 350ml",
            "productId": "5003156_ea_000",
            "productShopPage": "https://www.newworld.co.nz/shop/product/5003156_ea_000nw",
            "productImageURL": "https://a.fsimg.co.nz/product/retail/fan/image/master/5003156.png",
            "productDescription": "Buy 2 for $5.00.\n\n\nContains Caffeine.\n\nProduct of New Zealand",
            "volume": "350mL",
            "multipack": {
                "quantity": "1"
            }
        },
        "priceData": {
            "bestPrice": 2.5,
            "price": 2.0,
            "pricePerLitre": 5.714285714285714,
            "bestPricePerLitre": 7.142857142857143,
            "multiBuy": {
                "quantity": 2.0,
                "value": 5.0,
                "perUnit": 2.5
            }
        },
        "store": {
            "id": "cb3f240a-a157-490c-9e80-f537d202ef49",
            "name": "New World Howick"
        }
    },
    {
        "productData": {
            "name": "V Blue Guarana Energy Drink 4pk",
            "productId": "5210055_ea_000",
            "productShopPage": "https://www.newworld.co.nz/shop/product/5210055_ea_000nw",
            "productImageURL": "https://a.fsimg.co.nz/product/retail/fan/image/master/5210055.png",
            "productDescription": "Product of New Zealand",
            "volume": "275mL",
            "multipack": {
                "quantity": "4"
            }
        },
        "priceData": {
            "bestPrice": "9.19",
            "price": "9.19",
            "pricePerLitre": 8.4,
            "bestPricePerLitre": 8.4
        },
        "store": {
            "id": "cb3f240a-a157-490c-9e80-f537d202ef49",
            "name": "New World Howick"
        }
    },
    {
        "productData": {
            "name": "V Blue Guarana Energy Drink 350ml",
            "productId": "5007492_ea_000",
            "productShopPage": "https://www.newworld.co.nz/shop/product/5007492_ea_000nw",
            "productImageURL": "https://a.fsimg.co.nz/product/retail/fan/image/master/5007492.png",
            "productDescription": "Buy 2 for $5.00.\n\n\nContains Caffeine, Wheat Derivatives.\n\nProduct of New Zealand",
            "volume": "350mL",
            "multipack": {
                "quantity": "1"
            }
        },
        "priceData": {
            "bestPrice": 2.5,
            "price": 2.0,
            "pricePerLitre": 5.714285714285714,
            "bestPricePerLitre": 7.142857142857143,
            "multiBuy": {
                "quantity": 2.0,
                "value": 5.0,
                "perUnit": 2.5
            }
        },
        "store": {
            "id": "cb3f240a-a157-490c-9e80-f537d202ef49",
            "name": "New World Howick"
        }
    },
    {
        "productData": {
            "name": "V Blue Energy Drink 500ml",
            "productId": "5020662_ea_000",
            "productShopPage": "https://www.newworld.co.nz/shop/product/5020662_ea_000nw",
            "productImageURL": "https://a.fsimg.co.nz/product/retail/fan/image/master/5020662.png",
            "productDescription": "Buy 2 for $5.00.\n\n\n\n\nProduct of New Zealand",
            "volume": "500mL",
            "multipack": {
                "quantity": "1"
            }
        },
        "priceData": {
            "bestPrice": 2.5,
            "price": 2.0,
            "pricePerLitre": 4.0,
            "bestPricePerLitre": 5.0,
            "multiBuy": {
                "quantity": 2.0,
                "value": 5.0,
                "perUnit": 2.5
            }
        },
        "store": {
            "id": "cb3f240a-a157-490c-9e80-f537d202ef49",
            "name": "New World Howick"
        }
    },
    {
        "productData": {
            "name": "V Blue Guarana Energy Drink 500ml",
            "productId": "5007494_ea_000",
            "productShopPage": "https://www.newworld.co.nz/shop/product/5007494_ea_000nw",
            "productImageURL": "https://a.fsimg.co.nz/product/retail/fan/image/master/5007494.png",
            "productDescription": "Contains Wheat Derivatives, Caffeine.\n\nProduct of New Zealand",
            "volume": "500mL",
            "multipack": {
                "quantity": "1"
            }
        },
        "priceData": {
            "bestPrice": "3.49",
            "price": "3.49",
            "pricePerLitre": 7.0,
            "bestPricePerLitre": 7.0
        },
        "store": {
            "id": "cb3f240a-a157-490c-9e80-f537d202ef49",
            "name": "New World Howick"
        }
    },
    {
        "productData": {
            "name": "Red Bull Energy Drink 473ml",
            "productId": "5005255_ea_000",
            "productShopPage": "https://www.newworld.co.nz/shop/product/5005255_ea_000nw",
            "productImageURL": "https://a.fsimg.co.nz/product/retail/fan/image/master/5005255.png",
            "productDescription": "Red Bull Energy Drink's special formula contains ingredients of high quality: Caffeine, Taurine, B-Group Vitamins, Sugars, Alpine Water.One 250ml can of Red Bull Energy Drinks contains 80 mg of caffeine, about the same amount as in a cup of home-brewed coffee.The amount of sugars in a can of Red Bull Energy Drink is comparable to the level of sugars in an equivalent amount of apple or orange juice – 11 g per 100ml.Red Bull cans are made of 100% recyclable aluminium.Red Bull Energy Drink 473ml canVitalizes Body and Mind.®RED BULL GIVES YOU WINGSInspired by functional drinks from the Far East, Dietrich Mateschitz founded Red Bull in the mid-1980s. He developed a new product and a unique marketing concept and launched Red Bull Energy Drink on April 1, 1987 in Austria. A brand new product category - Energy Drinks - was born.\n\nProduct of Imported",
            "volume": "473mL",
            "multipack": {
                "quantity": "1"
            }
        },
        "priceData": {
            "bestPrice": "3.59",
            "price": "3.59",
            "pricePerLitre": 7.6,
            "bestPricePerLitre": 7.6
        },
        "store": {
            "id": "cb3f240a-a157-490c-9e80-f537d202ef49",
            "name": "New World Howick"
        }
    },
    {
        "productData": {
            "name": "V Original Guarana Energy Drink 250ml",
            "productId": "5003151_ea_000",
            "productShopPage": "https://www.newworld.co.nz/shop/product/5003151_ea_000nw",
            "productImageURL": "https://a.fsimg.co.nz/product/retail/fan/image/master/5003151.png",
            "productDescription": "Contains Caffeine.\n\nProduct of New Zealand",
            "volume": "250mL",
            "multipack": {
                "quantity": "1"
            }
        },
        "priceData": {
            "bestPrice": "1.99",
            "price": "1.99",
            "pricePerLitre": 8.0,
            "bestPricePerLitre": 8.0
        },
        "store": {
            "id": "cb3f240a-a157-490c-9e80-f537d202ef49",
            "name": "New World Howick"
        }
    },
    {
        "productData": {
            "name": "Red Bull Energy Drink 250ml Cans 4pk",
            "productId": "5001443_ea_000",
            "productShopPage": "https://www.newworld.co.nz/shop/product/5001443_ea_000nw",
            "productImageURL": "https://a.fsimg.co.nz/product/retail/fan/image/master/5001443.png",
            "productDescription": "Red Bull Energy Drink's special formula contains ingredients of high quality: Caffeine, Taurine, B-Group Vitamins, Sugars, Alpine Water.One 250ml can of Red Bull Energy Drinks contains 80 mg of caffeine, about the same amount as in a cup of home-brewed coffee.The amount of sugars in a can of Red Bull Energy Drink is comparable to the level of sugars in an equivalent amount of apple or orange juice – 11 g per 100ml.Red Bull cans are made of 100% recyclable aluminium.Pack of four 250ml Red Bull Energy Drink cansVitalizes Body and Mind.®RED BULL GIVES YOU WINGSInspired by functional drinks from the Far East, Dietrich Mateschitz founded Red Bull in the mid-1980s. He developed a new product and a unique marketing concept and launched Red Bull Energy Drink on April 1, 1987 in Austria. A brand new product category - Energy Drinks - was born.",
            "volume": "250mL",
            "multipack": {
                "quantity": "4"
            }
        },
        "priceData": {
            "bestPrice": "8.29",
            "price": "8.29",
            "pricePerLitre": 8.299999999999999,
            "bestPricePerLitre": 8.299999999999999
        },
        "store": {
            "id": "cb3f240a-a157-490c-9e80-f537d202ef49",
            "name": "New World Howick"
        }
    },
    {
        "productData": {
            "name": "Lucozade Orange Energy Drink 380ml",
            "productId": "5009239_ea_000",
            "productShopPage": "https://www.newworld.co.nz/shop/product/5009239_ea_000nw",
            "productImageURL": "https://a.fsimg.co.nz/product/retail/fan/image/master/5009239.png",
            "productDescription": "Powered by Glucose.\n\nProduct of New Zealand",
            "volume": "380mL",
            "multipack": {
                "quantity": "1"
            }
        },
        "priceData": {
            "bestPrice": "2.69",
            "price": "2.69",
            "pricePerLitre": 7.08,
            "bestPricePerLitre": 7.08
        },
        "store": {
            "id": "cb3f240a-a157-490c-9e80-f537d202ef49",
            "name": "New World Howick"
        }
    },
    {
        "productData": {
            "name": "V Pure Natural Energy Drink Glass Bottle 330ml",
            "productId": "5237753_ea_000",
            "productShopPage": "https://www.newworld.co.nz/shop/product/5237753_ea_000nw",
            "productImageURL": "https://a.fsimg.co.nz/product/retail/fan/image/master/5237753.png",
            "productDescription": "Buy 2 for $5.00.\n\n\nNothing artificial\n\nProduct of New Zealand",
            "volume": "330mL",
            "multipack": {
                "quantity": "1"
            }
        },
        "priceData": {
            "bestPrice": 2.5,
            "price": 2.0,
            "pricePerLitre": 6.0606060606060606,
            "bestPricePerLitre": 7.575757575757575,
            "multiBuy": {
                "quantity": 2.0,
                "value": 5.0,
                "perUnit": 2.5
            }
        },
        "store": {
            "id": "cb3f240a-a157-490c-9e80-f537d202ef49",
            "name": "New World Howick"
        }
    },
    {
        "productData": {
            "name": "Lucozade Original Energy Drink 380ml",
            "productId": "5009240_ea_000",
            "productShopPage": "https://www.newworld.co.nz/shop/product/5009240_ea_000nw",
            "productImageURL": "https://a.fsimg.co.nz/product/retail/fan/image/master/5009240.png",
            "productDescription": "Energy from Glucose.\n\nProduct of New Zealand",
            "volume": "380mL",
            "multipack": {
                "quantity": "1"
            }
        },
        "priceData": {
            "bestPrice": "2.69",
            "price": "2.69",
            "pricePerLitre": 7.08,
            "bestPricePerLitre": 7.08
        },
        "store": {
            "id": "cb3f240a-a157-490c-9e80-f537d202ef49",
            "name": "New World Howick"
        }
    },
    {
        "productData": {
            "name": "Rockstar Original Energy Drink 500ml",
            "productId": "5215383_ea_000",
            "productShopPage": "https://www.newworld.co.nz/shop/product/5215383_ea_000nw",
            "productImageURL": "https://a.fsimg.co.nz/product/retail/fan/image/master/5215383.png",
            "productDescription": "Buy 3 for $5.00.\n\n\nCaffeine; B vitamins; Vitamin C; Taurine; Ginseng\n\nProduct of New Zealand",
            "volume": "500mL",
            "multipack": {
                "quantity": "1"
            }
        },
        "priceData": {
            "bestPrice": 1.6666666666666667,
            "price": 1.0,
            "pricePerLitre": 2.0,
            "bestPricePerLitre": 3.3333333333333335,
            "multiBuy": {
                "quantity": 3.0,
                "value": 5.0,
                "perUnit": 1.6666666666666667
            }
        },
        "store": {
            "id": "cb3f240a-a157-490c-9e80-f537d202ef49",
            "name": "New World Howick"
        }
    },
    {
        "productData": {
            "name": "V Raspberry Lemonade Guarana Energy Drink 4pk",
            "productId": "5289907_ea_000",
            "productShopPage": "https://www.newworld.co.nz/shop/product/5289907_ea_000nw",
            "productImageURL": "https://a.fsimg.co.nz/product/retail/fan/image/master/5289907.png",
            "productDescription": "Limit 12 assorted.\n\n\n\n\nProduct of New Zealand",
            "volume": "250mL",
            "multipack": {
                "quantity": "4"
            }
        },
        "priceData": {
            "bestPrice": "5.99",
            "price": "5.99",
            "pricePerLitre": 5.99,
            "bestPricePerLitre": 5.99
        },
        "store": {
            "id": "cb3f240a-a157-490c-9e80-f537d202ef49",
            "name": "New World Howick"
        }
    },
    {
        "productData": {
            "name": "V Raspberry Lemonade Can 500ml",
            "productId": "5264523_ea_000",
            "productShopPage": "https://www.newworld.co.nz/shop/product/5264523_ea_000nw",
            "productImageURL": "https://a.fsimg.co.nz/product/retail/fan/image/master/5264523.png",
            "productDescription": "Product of New Zealand",
            "volume": "500mL",
            "multipack": {
                "quantity": "1"
            }
        },
        "priceData": {
            "bestPrice": "3.49",
            "price": "3.49",
            "pricePerLitre": 7.0,
            "bestPricePerLitre": 7.0
        },
        "store": {
            "id": "cb3f240a-a157-490c-9e80-f537d202ef49",
            "name": "New World Howick"
        }
    },
    {
        "productData": {
            "name": "Monster Zero Sugar Ultra Rosa Energy Drink 500ml",
            "productId": "5278094_ea_000",
            "productShopPage": "https://www.newworld.co.nz/shop/product/5278094_ea_000nw",
            "productImageURL": "https://a.fsimg.co.nz/product/retail/fan/image/master/5278094.png",
            "productDescription": "Product of Imported",
            "volume": "500mL",
            "multipack": {
                "quantity": "1"
            }
        },
        "priceData": {
            "bestPrice": "2.99",
            "price": "2.99",
            "pricePerLitre": 6.0,
            "bestPricePerLitre": 6.0
        },
        "store": {
            "id": "cb3f240a-a157-490c-9e80-f537d202ef49",
            "name": "New World Howick"
        }
    },
    {
        "productData": {
            "name": "Monster Mule Energy Drink 500ml",
            "productId": "5269459_ea_000",
            "productShopPage": "https://www.newworld.co.nz/shop/product/5269459_ea_000nw",
            "productImageURL": "https://a.fsimg.co.nz/product/retail/fan/image/master/5269459.png",
            "productDescription": "Product of Imported",
            "volume": "500mL",
            "multipack": {
                "quantity": "1"
            }
        },
        "priceData": {
            "bestPrice": "2.99",
            "price": "2.99",
            "pricePerLitre": 6.0,
            "bestPricePerLitre": 6.0
        },
        "store": {
            "id": "cb3f240a-a157-490c-9e80-f537d202ef49",
            "name": "New World Howick"
        }
    },
    {
        "productData": {
            "name": "Monster Ultra Paradise Energy Drink 500ml",
            "productId": "5261257_ea_000",
            "productShopPage": "https://www.newworld.co.nz/shop/product/5261257_ea_000nw",
            "productImageURL": "https://a.fsimg.co.nz/product/retail/fan/image/master/5261257.png",
            "productDescription": "Product of Imported",
            "volume": "500mL",
            "multipack": {
                "quantity": "1"
            }
        },
        "priceData": {
            "bestPrice": "2.99",
            "price": "2.99",
            "pricePerLitre": 6.0,
            "bestPricePerLitre": 6.0
        },
        "store": {
            "id": "cb3f240a-a157-490c-9e80-f537d202ef49",
            "name": "New World Howick"
        }
    },
    {
        "productData": {
            "name": "Monster Ultra Zero Drink 500ml",
            "productId": "5090618_ea_000",
            "productShopPage": "https://www.newworld.co.nz/shop/product/5090618_ea_000nw",
            "productImageURL": "https://a.fsimg.co.nz/product/retail/fan/image/master/5090618.png",
            "productDescription": "A little less sweet, lighter-tasting, zero calories, but with a full load of our Monster energy blend. Sure, white is the new black. Monster Energy Zero Ultra. Unleash the Ultra Beast!\n\nProduct of Imported",
            "volume": "500mL",
            "multipack": {
                "quantity": "1"
            }
        },
        "priceData": {
            "bestPrice": "2.99",
            "price": "2.99",
            "pricePerLitre": 6.0,
            "bestPricePerLitre": 6.0
        },
        "store": {
            "id": "cb3f240a-a157-490c-9e80-f537d202ef49",
            "name": "New World Howick"
        }
    },
    {
        "productData": {
            "name": "Monster Super Fuel Zero Sugar Energy Drink 550ml",
            "productId": "5284331_ea_000",
            "productShopPage": "https://www.newworld.co.nz/shop/product/5284331_ea_000nw",
            "productImageURL": "https://a.fsimg.co.nz/product/retail/fan/image/master/5284331.png",
            "productDescription": "Product of Imported",
            "volume": "550mL",
            "multipack": {
                "quantity": "1"
            }
        },
        "priceData": {
            "bestPrice": "3.49",
            "price": "3.49",
            "pricePerLitre": 6.345454545454546,
            "bestPricePerLitre": 6.345454545454546
        },
        "store": {
            "id": "cb3f240a-a157-490c-9e80-f537d202ef49",
            "name": "New World Howick"
        }
    },
    {
        "productData": {
            "name": "Mother Energy Drink Can 500ml",
            "productId": "5011153_ea_000",
            "productShopPage": "https://www.newworld.co.nz/shop/product/5011153_ea_000nw",
            "productImageURL": "https://a.fsimg.co.nz/product/retail/fan/image/master/5011153.png",
            "productDescription": "Contains Caffeine.\n\nProduct of New Zealand",
            "volume": "500mL",
            "multipack": {
                "quantity": "1"
            }
        },
        "priceData": {
            "bestPrice": "1.99",
            "price": "1.99",
            "pricePerLitre": 4.0,
            "bestPricePerLitre": 4.0
        },
        "store": {
            "id": "cb3f240a-a157-490c-9e80-f537d202ef49",
            "name": "New World Howick"
        }
    },
    {
        "productData": {
            "name": "Monster Super Fuel Purple Passion Energy Drink 550ml",
            "productId": "5284332_ea_000",
            "productShopPage": "https://www.newworld.co.nz/shop/product/5284332_ea_000nw",
            "productImageURL": "https://a.fsimg.co.nz/product/retail/fan/image/master/5284332.png",
            "productDescription": "Product of Imported",
            "volume": "550mL",
            "multipack": {
                "quantity": "1"
            }
        },
        "priceData": {
            "bestPrice": "3.49",
            "price": "3.49",
            "pricePerLitre": 6.345454545454546,
            "bestPricePerLitre": 6.345454545454546
        },
        "store": {
            "id": "cb3f240a-a157-490c-9e80-f537d202ef49",
            "name": "New World Howick"
        }
    },
    {
        "productData": {
            "name": "Monster Energy Drink 500ml",
            "productId": "5007647_ea_000",
            "productShopPage": "https://www.newworld.co.nz/shop/product/5007647_ea_000nw",
            "productImageURL": "https://a.fsimg.co.nz/product/retail/fan/image/master/5007647.png",
            "productDescription": "Contains Caffeine.\n\nProduct of Imported",
            "volume": "500mL",
            "multipack": {
                "quantity": "1"
            }
        },
        "priceData": {
            "bestPrice": "2.99",
            "price": "2.99",
            "pricePerLitre": 6.0,
            "bestPricePerLitre": 6.0
        },
        "store": {
            "id": "cb3f240a-a157-490c-9e80-f537d202ef49",
            "name": "New World Howick"
        }
    },
    {
        "productData": {
            "name": "V Sugarfree Guarana Energy Drink 4pk",
            "productId": "5210130_ea_000",
            "productShopPage": "https://www.newworld.co.nz/shop/product/5210130_ea_000nw",
            "productImageURL": "https://a.fsimg.co.nz/product/retail/fan/image/master/5210130.png",
            "productDescription": "Sugarfree\n\nProduct of New Zealand",
            "volume": "275mL",
            "multipack": {
                "quantity": "4"
            }
        },
        "priceData": {
            "bestPrice": "9.19",
            "price": "9.19",
            "pricePerLitre": 8.4,
            "bestPricePerLitre": 8.4
        },
        "store": {
            "id": "cb3f240a-a157-490c-9e80-f537d202ef49",
            "name": "New World Howick"
        }
    },
    {
        "productData": {
            "name": "V Sugarfree Guarana Energy Drink 500ml",
            "productId": "5007644_ea_000",
            "productShopPage": "https://www.newworld.co.nz/shop/product/5007644_ea_000nw",
            "productImageURL": "https://a.fsimg.co.nz/product/retail/fan/image/master/5007644.png",
            "productDescription": "Sugar Free.\n\nProduct of New Zealand",
            "volume": "500mL",
            "multipack": {
                "quantity": "1"
            }
        },
        "priceData": {
            "bestPrice": "3.49",
            "price": "3.49",
            "pricePerLitre": 7.0,
            "bestPricePerLitre": 7.0
        },
        "store": {
            "id": "cb3f240a-a157-490c-9e80-f537d202ef49",
            "name": "New World Howick"
        }
    },
    {
        "productData": {
            "name": "V Original Guarana Energy Drink 500ml",
            "productId": "5004703_ea_000",
            "productShopPage": "https://www.newworld.co.nz/shop/product/5004703_ea_000nw",
            "productImageURL": "https://a.fsimg.co.nz/product/retail/fan/image/master/5004703.png",
            "productDescription": "Contains Caffeine.\n\nProduct of New Zealand",
            "volume": "500mL",
            "multipack": {
                "quantity": "1"
            }
        },
        "priceData": {
            "bestPrice": "3.49",
            "price": "3.49",
            "pricePerLitre": 7.0,
            "bestPricePerLitre": 7.0
        },
        "store": {
            "id": "cb3f240a-a157-490c-9e80-f537d202ef49",
            "name": "New World Howick"
        }
    },
    {
        "productData": {
            "name": "V Original Guarana Energy Drink 4pk",
            "productId": "5210048_ea_000",
            "productShopPage": "https://www.newworld.co.nz/shop/product/5210048_ea_000nw",
            "productImageURL": "https://a.fsimg.co.nz/product/retail/fan/image/master/5210048.png",
            "productDescription": "Product of New Zealand",
            "volume": "275mL",
            "multipack": {
                "quantity": "4"
            }
        },
        "priceData": {
            "bestPrice": "9.19",
            "price": "9.19",
            "pricePerLitre": 8.4,
            "bestPricePerLitre": 8.4
        },
        "store": {
            "id": "cb3f240a-a157-490c-9e80-f537d202ef49",
            "name": "New World Howick"
        }
    },
    {
        "productData": {
            "name": "V Green Guarana Energy Drink Cans 10pk",
            "productId": "5210061_ea_000",
            "productShopPage": "https://www.newworld.co.nz/shop/product/5210061_ea_000nw",
            "productImageURL": "https://a.fsimg.co.nz/product/retail/fan/image/master/5210061.png",
            "productDescription": "Product of New Zealand",
            "volume": "200mL",
            "multipack": {
                "quantity": "10"
            }
        },
        "priceData": {
            "bestPrice": "15.29",
            "price": "15.29",
            "pricePerLitre": 7.6,
            "bestPricePerLitre": 7.6
        },
        "store": {
            "id": "cb3f240a-a157-490c-9e80-f537d202ef49",
            "name": "New World Howick"
        }
    },
    {
        "productData": {
            "name": "V Original Guarana Energy Drink 500ml",
            "productId": "5007441_ea_000",
            "productShopPage": "https://www.newworld.co.nz/shop/product/5007441_ea_000nw",
            "productImageURL": "https://a.fsimg.co.nz/product/retail/fan/image/master/5007441.png",
            "productDescription": "Buy 2 for $5.00.\n\n\nContains Wheat Derivatives, Caffeine.\n\nProduct of New Zealand",
            "volume": "500mL",
            "multipack": {
                "quantity": "1"
            }
        },
        "priceData": {
            "bestPrice": 2.5,
            "price": 2.0,
            "pricePerLitre": 4.0,
            "bestPricePerLitre": 5.0,
            "multiBuy": {
                "quantity": 2.0,
                "value": 5.0,
                "perUnit": 2.5
            }
        },
        "store": {
            "id": "cb3f240a-a157-490c-9e80-f537d202ef49",
            "name": "New World Howick"
        }
    },
    {
        "productData": {
            "name": "V Blue Guarana Energy Drink 10pk",
            "productId": "5290181_ea_000",
            "productShopPage": "https://www.newworld.co.nz/shop/product/5290181_ea_000nw",
            "productImageURL": "https://a.fsimg.co.nz/product/retail/fan/image/master/5290181.png",
            "productDescription": "Product of New Zealand",
            "volume": "250mL",
            "multipack": {
                "quantity": "10"
            }
        },
        "priceData": {
            "bestPrice": "17.99",
            "price": "17.99",
            "pricePerLitre": 7.2,
            "bestPricePerLitre": 7.2
        },
        "store": {
            "id": "1fa53d02-1ed5-4dd5-b0ac-fd280425c19a",
            "name": "New World Masterton"
        }
    },
    {
        "productData": {
            "name": "V Blue Guarana Energy Drink 250ml",
            "productId": "5007495_ea_000",
            "productShopPage": "https://www.newworld.co.nz/shop/product/5007495_ea_000nw",
            "productImageURL": "https://a.fsimg.co.nz/product/retail/fan/image/master/5007495.png",
            "productDescription": "Contains Caffeine, Wheat Derivatives.\n\nProduct of New Zealand",
            "volume": "250mL",
            "multipack": {
                "quantity": "1"
            }
        },
        "priceData": {
            "bestPrice": "1.99",
            "price": "1.99",
            "pricePerLitre": 8.0,
            "bestPricePerLitre": 8.0
        },
        "store": {
            "id": "1fa53d02-1ed5-4dd5-b0ac-fd280425c19a",
            "name": "New World Masterton"
        }
    },
    {
        "productData": {
            "name": "V Sugarfree Guarana Energy Drink 250ml",
            "productId": "5001639_ea_000",
            "productShopPage": "https://www.newworld.co.nz/shop/product/5001639_ea_000nw",
            "productImageURL": "https://a.fsimg.co.nz/product/retail/fan/image/master/5001639.png",
            "productDescription": "Sugar Free. Contains Caffeine.\n\nProduct of New Zealand",
            "volume": "250mL",
            "multipack": {
                "quantity": "1"
            }
        },
        "priceData": {
            "bestPrice": "1.99",
            "price": "1.99",
            "pricePerLitre": 8.0,
            "bestPricePerLitre": 8.0
        },
        "store": {
            "id": "1fa53d02-1ed5-4dd5-b0ac-fd280425c19a",
            "name": "New World Masterton"
        }
    },
    {
        "productData": {
            "name": "V Sugarfree Guarana Energy Drink 10pk",
            "productId": "5289890_ea_000",
            "productShopPage": "https://www.newworld.co.nz/shop/product/5289890_ea_000nw",
            "productImageURL": "https://a.fsimg.co.nz/product/retail/fan/image/master/5289890.png",
            "productDescription": "Product of New Zealand",
            "volume": "",
            "multipack": {
                "quantity": ""
            }
        },
        "priceData": {
            "bestPrice": "17.99",
            "price": "17.99",
            "pricePerLitre": 72.0,
            "bestPricePerLitre": 72.0
        },
        "store": {
            "id": "1fa53d02-1ed5-4dd5-b0ac-fd280425c19a",
            "name": "New World Masterton"
        }
    },
    {
        "productData": {
            "name": "Live Plus Persist Energy Drink 250ml",
            "productId": "5236678_ea_000",
            "productShopPage": "https://www.newworld.co.nz/shop/product/5236678_ea_000nw",
            "productImageURL": "https://a.fsimg.co.nz/product/retail/fan/image/master/5236678.png",
            "productDescription": "Limit 12 assorted.\n\n\n\n\nProduct of New Zealand",
            "volume": "",
            "multipack": {
                "quantity": ""
            }
        },
        "priceData": {
            "bestPrice": "0.99",
            "price": "0.99"
        },
        "store": {
            "id": "1fa53d02-1ed5-4dd5-b0ac-fd280425c19a",
            "name": "New World Masterton"
        }
    },
    {
        "productData": {
            "name": "V Green Guarana Energy Drink 10pk",
            "productId": "5289889_ea_000",
            "productShopPage": "https://www.newworld.co.nz/shop/product/5289889_ea_000nw",
            "productImageURL": "https://a.fsimg.co.nz/product/retail/fan/image/master/5289889.png",
            "productDescription": "Product of New Zealand",
            "volume": "250mL",
            "multipack": {
                "quantity": "10"
            }
        },
        "priceData": {
            "bestPrice": "17.99",
            "price": "17.99",
            "pricePerLitre": 7.2,
            "bestPricePerLitre": 7.2
        },
        "store": {
            "id": "1fa53d02-1ed5-4dd5-b0ac-fd280425c19a",
            "name": "New World Masterton"
        }
    },
    {
        "productData": {
            "name": "V Sugarfree Blue Guarana Energy Drink 500ml",
            "productId": "5283362_ea_000",
            "productShopPage": "https://www.newworld.co.nz/shop/product/5283362_ea_000nw",
            "productImageURL": "https://a.fsimg.co.nz/product/retail/fan/image/master/5283362.png",
            "productDescription": "Sugar free\n\nProduct of New Zealand",
            "volume": "500mL",
            "multipack": {
                "quantity": "1"
            }
        },
        "priceData": {
            "bestPrice": "3.49",
            "price": "3.49",
            "pricePerLitre": 7.0,
            "bestPricePerLitre": 7.0
        },
        "store": {
            "id": "1fa53d02-1ed5-4dd5-b0ac-fd280425c19a",
            "name": "New World Masterton"
        }
    },
    {
        "productData": {
            "name": "V Original Guarana Energy Drink 350ml",
            "productId": "5003156_ea_000",
            "productShopPage": "https://www.newworld.co.nz/shop/product/5003156_ea_000nw",
            "productImageURL": "https://a.fsimg.co.nz/product/retail/fan/image/master/5003156.png",
            "productDescription": "Buy 2 for $5.00.\n\n\nContains Caffeine.\n\nProduct of New Zealand",
            "volume": "350mL",
            "multipack": {
                "quantity": "1"
            }
        },
        "priceData": {
            "bestPrice": 2.5,
            "price": 2.0,
            "pricePerLitre": 5.714285714285714,
            "bestPricePerLitre": 7.142857142857143,
            "multiBuy": {
                "quantity": 2.0,
                "value": 5.0,
                "perUnit": 2.5
            }
        },
        "store": {
            "id": "1fa53d02-1ed5-4dd5-b0ac-fd280425c19a",
            "name": "New World Masterton"
        }
    },
    {
        "productData": {
            "name": "V Blue Guarana Energy Drink Cans 10pk",
            "productId": "5228254_ea_000",
            "productShopPage": "https://www.newworld.co.nz/shop/product/5228254_ea_000nw",
            "productImageURL": "https://a.fsimg.co.nz/product/retail/fan/image/master/5228254.png",
            "productDescription": "Product of New Zealand",
            "volume": "200mL",
            "multipack": {
                "quantity": "10"
            }
        },
        "priceData": {
            "bestPrice": "15.29",
            "price": "15.29",
            "pricePerLitre": 7.6450000000000005,
            "bestPricePerLitre": 7.6450000000000005
        },
        "store": {
            "id": "1fa53d02-1ed5-4dd5-b0ac-fd280425c19a",
            "name": "New World Masterton"
        }
    },
    {
        "productData": {
            "name": "V Blue Guarana Energy Drink 350ml",
            "productId": "5007492_ea_000",
            "productShopPage": "https://www.newworld.co.nz/shop/product/5007492_ea_000nw",
            "productImageURL": "https://a.fsimg.co.nz/product/retail/fan/image/master/5007492.png",
            "productDescription": "Buy 2 for $5.00.\n\n\nContains Caffeine, Wheat Derivatives.\n\nProduct of New Zealand",
            "volume": "350mL",
            "multipack": {
                "quantity": "1"
            }
        },
        "priceData": {
            "bestPrice": 2.5,
            "price": 2.0,
            "pricePerLitre": 5.714285714285714,
            "bestPricePerLitre": 7.142857142857143,
            "multiBuy": {
                "quantity": 2.0,
                "value": 5.0,
                "perUnit": 2.5
            }
        },
        "store": {
            "id": "1fa53d02-1ed5-4dd5-b0ac-fd280425c19a",
            "name": "New World Masterton"
        }
    },
    {
        "productData": {
            "name": "V Blue Energy Drink 500ml",
            "productId": "5020662_ea_000",
            "productShopPage": "https://www.newworld.co.nz/shop/product/5020662_ea_000nw",
            "productImageURL": "https://a.fsimg.co.nz/product/retail/fan/image/master/5020662.png",
            "productDescription": "Buy 2 for $5.00.\n\n\n\n\nProduct of New Zealand",
            "volume": "500mL",
            "multipack": {
                "quantity": "1"
            }
        },
        "priceData": {
            "bestPrice": 2.5,
            "price": 2.0,
            "pricePerLitre": 4.0,
            "bestPricePerLitre": 5.0,
            "multiBuy": {
                "quantity": 2.0,
                "value": 5.0,
                "perUnit": 2.5
            }
        },
        "store": {
            "id": "1fa53d02-1ed5-4dd5-b0ac-fd280425c19a",
            "name": "New World Masterton"
        }
    },
    {
        "productData": {
            "name": "V Blue Guarana Energy Drink 500ml",
            "productId": "5007494_ea_000",
            "productShopPage": "https://www.newworld.co.nz/shop/product/5007494_ea_000nw",
            "productImageURL": "https://a.fsimg.co.nz/product/retail/fan/image/master/5007494.png",
            "productDescription": "Contains Wheat Derivatives, Caffeine.\n\nProduct of New Zealand",
            "volume": "500mL",
            "multipack": {
                "quantity": "1"
            }
        },
        "priceData": {
            "bestPrice": "3.49",
            "price": "3.49",
            "pricePerLitre": 7.0,
            "bestPricePerLitre": 7.0
        },
        "store": {
            "id": "1fa53d02-1ed5-4dd5-b0ac-fd280425c19a",
            "name": "New World Masterton"
        }
    },
    {
        "productData": {
            "name": "Red Bull Energy Drink 473ml",
            "productId": "5005255_ea_000",
            "productShopPage": "https://www.newworld.co.nz/shop/product/5005255_ea_000nw",
            "productImageURL": "https://a.fsimg.co.nz/product/retail/fan/image/master/5005255.png",
            "productDescription": "Red Bull Energy Drink's special formula contains ingredients of high quality: Caffeine, Taurine, B-Group Vitamins, Sugars, Alpine Water.One 250ml can of Red Bull Energy Drinks contains 80 mg of caffeine, about the same amount as in a cup of home-brewed coffee.The amount of sugars in a can of Red Bull Energy Drink is comparable to the level of sugars in an equivalent amount of apple or orange juice – 11 g per 100ml.Red Bull cans are made of 100% recyclable aluminium.Red Bull Energy Drink 473ml canVitalizes Body and Mind.®RED BULL GIVES YOU WINGSInspired by functional drinks from the Far East, Dietrich Mateschitz founded Red Bull in the mid-1980s. He developed a new product and a unique marketing concept and launched Red Bull Energy Drink on April 1, 1987 in Austria. A brand new product category - Energy Drinks - was born.\n\nProduct of Imported",
            "volume": "473mL",
            "multipack": {
                "quantity": "1"
            }
        },
        "priceData": {
            "bestPrice": "3.59",
            "price": "3.59",
            "pricePerLitre": 7.6,
            "bestPricePerLitre": 7.6
        },
        "store": {
            "id": "1fa53d02-1ed5-4dd5-b0ac-fd280425c19a",
            "name": "New World Masterton"
        }
    },
    {
        "productData": {
            "name": "V Original Guarana Energy Drink 250ml",
            "productId": "5003151_ea_000",
            "productShopPage": "https://www.newworld.co.nz/shop/product/5003151_ea_000nw",
            "productImageURL": "https://a.fsimg.co.nz/product/retail/fan/image/master/5003151.png",
            "productDescription": "Contains Caffeine.\n\nProduct of New Zealand",
            "volume": "250mL",
            "multipack": {
                "quantity": "1"
            }
        },
        "priceData": {
            "bestPrice": "1.99",
            "price": "1.99",
            "pricePerLitre": 8.0,
            "bestPricePerLitre": 8.0
        },
        "store": {
            "id": "1fa53d02-1ed5-4dd5-b0ac-fd280425c19a",
            "name": "New World Masterton"
        }
    },
    {
        "productData": {
            "name": "Red Bull Energy Drink 250ml Cans 4pk",
            "productId": "5001443_ea_000",
            "productShopPage": "https://www.newworld.co.nz/shop/product/5001443_ea_000nw",
            "productImageURL": "https://a.fsimg.co.nz/product/retail/fan/image/master/5001443.png",
            "productDescription": "Red Bull Energy Drink's special formula contains ingredients of high quality: Caffeine, Taurine, B-Group Vitamins, Sugars, Alpine Water.One 250ml can of Red Bull Energy Drinks contains 80 mg of caffeine, about the same amount as in a cup of home-brewed coffee.The amount of sugars in a can of Red Bull Energy Drink is comparable to the level of sugars in an equivalent amount of apple or orange juice – 11 g per 100ml.Red Bull cans are made of 100% recyclable aluminium.Pack of four 250ml Red Bull Energy Drink cansVitalizes Body and Mind.®RED BULL GIVES YOU WINGSInspired by functional drinks from the Far East, Dietrich Mateschitz founded Red Bull in the mid-1980s. He developed a new product and a unique marketing concept and launched Red Bull Energy Drink on April 1, 1987 in Austria. A brand new product category - Energy Drinks - was born.",
            "volume": "250mL",
            "multipack": {
                "quantity": "4"
            }
        },
        "priceData": {
            "bestPrice": "8.29",
            "price": "8.29",
            "pricePerLitre": 8.299999999999999,
            "bestPricePerLitre": 8.299999999999999
        },
        "store": {
            "id": "1fa53d02-1ed5-4dd5-b0ac-fd280425c19a",
            "name": "New World Masterton"
        }
    },
    {
        "productData": {
            "name": "Lucozade Orange Energy Drink 380ml",
            "productId": "5009239_ea_000",
            "productShopPage": "https://www.newworld.co.nz/shop/product/5009239_ea_000nw",
            "productImageURL": "https://a.fsimg.co.nz/product/retail/fan/image/master/5009239.png",
            "productDescription": "Powered by Glucose.\n\nProduct of New Zealand",
            "volume": "380mL",
            "multipack": {
                "quantity": "1"
            }
        },
        "priceData": {
            "bestPrice": "2.69",
            "price": "2.69",
            "pricePerLitre": 7.08,
            "bestPricePerLitre": 7.08
        },
        "store": {
            "id": "1fa53d02-1ed5-4dd5-b0ac-fd280425c19a",
            "name": "New World Masterton"
        }
    },
    {
        "productData": {
            "name": "V Pure Natural Energy Drink Glass Bottle 330ml",
            "productId": "5237753_ea_000",
            "productShopPage": "https://www.newworld.co.nz/shop/product/5237753_ea_000nw",
            "productImageURL": "https://a.fsimg.co.nz/product/retail/fan/image/master/5237753.png",
            "productDescription": "Buy 2 for $5.00.\n\n\nNothing artificial\n\nProduct of New Zealand",
            "volume": "330mL",
            "multipack": {
                "quantity": "1"
            }
        },
        "priceData": {
            "bestPrice": 2.5,
            "price": 2.0,
            "pricePerLitre": 6.0606060606060606,
            "bestPricePerLitre": 7.575757575757575,
            "multiBuy": {
                "quantity": 2.0,
                "value": 5.0,
                "perUnit": 2.5
            }
        },
        "store": {
            "id": "1fa53d02-1ed5-4dd5-b0ac-fd280425c19a",
            "name": "New World Masterton"
        }
    },
    {
        "productData": {
            "name": "Lucozade Original Energy Drink 380ml",
            "productId": "5009240_ea_000",
            "productShopPage": "https://www.newworld.co.nz/shop/product/5009240_ea_000nw",
            "productImageURL": "https://a.fsimg.co.nz/product/retail/fan/image/master/5009240.png",
            "productDescription": "Energy from Glucose.\n\nProduct of New Zealand",
            "volume": "380mL",
            "multipack": {
                "quantity": "1"
            }
        },
        "priceData": {
            "bestPrice": "2.69",
            "price": "2.69",
            "pricePerLitre": 7.08,
            "bestPricePerLitre": 7.08
        },
        "store": {
            "id": "1fa53d02-1ed5-4dd5-b0ac-fd280425c19a",
            "name": "New World Masterton"
        }
    },
    {
        "productData": {
            "name": "Rockstar Watermelon Freeze Energy Drink 500ml",
            "productId": "5257298_ea_000",
            "productShopPage": "https://www.newworld.co.nz/shop/product/5257298_ea_000nw",
            "productImageURL": "https://a.fsimg.co.nz/product/retail/fan/image/master/5257298.png",
            "productDescription": "Buy 3 for $5.00.\n\n\n\n\nProduct of New Zealand",
            "volume": "500mL",
            "multipack": {
                "quantity": "1"
            }
        },
        "priceData": {
            "bestPrice": 1.6666666666666667,
            "price": 1.0,
            "pricePerLitre": 2.0,
            "bestPricePerLitre": 3.3333333333333335,
            "multiBuy": {
                "quantity": 3.0,
                "value": 5.0,
                "perUnit": 1.6666666666666667
            }
        },
        "store": {
            "id": "1fa53d02-1ed5-4dd5-b0ac-fd280425c19a",
            "name": "New World Masterton"
        }
    },
    {
        "productData": {
            "name": "V Pure Natural Energy Drink Can 250ml",
            "productId": "5237735_ea_000",
            "productShopPage": "https://www.newworld.co.nz/shop/product/5237735_ea_000nw",
            "productImageURL": "https://a.fsimg.co.nz/product/retail/fan/image/master/5237735.png",
            "productDescription": "6 natural ingredients; Nothing artificial; Apple juice - Apple and lemon juice is reconstituted; Lemon juice - Apple and lemon juice is reconstituted\n\nProduct of New Zealand",
            "volume": "250mL",
            "multipack": {
                "quantity": "1"
            }
        },
        "priceData": {
            "bestPrice": "1.99",
            "price": "1.99",
            "pricePerLitre": 8.0,
            "bestPricePerLitre": 8.0
        },
        "store": {
            "id": "1fa53d02-1ed5-4dd5-b0ac-fd280425c19a",
            "name": "New World Masterton"
        }
    },
    {
        "productData": {
            "name": "Rockstar Original Energy Drink 500ml",
            "productId": "5215383_ea_000",
            "productShopPage": "https://www.newworld.co.nz/shop/product/5215383_ea_000nw",
            "productImageURL": "https://a.fsimg.co.nz/product/retail/fan/image/master/5215383.png",
            "productDescription": "Buy 3 for $5.00.\n\n\nCaffeine; B vitamins; Vitamin C; Taurine; Ginseng\n\nProduct of New Zealand",
            "volume": "500mL",
            "multipack": {
                "quantity": "1"
            }
        },
        "priceData": {
            "bestPrice": 1.6666666666666667,
            "price": 1.0,
            "pricePerLitre": 2.0,
            "bestPricePerLitre": 3.3333333333333335,
            "multiBuy": {
                "quantity": 3.0,
                "value": 5.0,
                "perUnit": 1.6666666666666667
            }
        },
        "store": {
            "id": "1fa53d02-1ed5-4dd5-b0ac-fd280425c19a",
            "name": "New World Masterton"
        }
    },
    {
        "productData": {
            "name": "V Raspberry Lemonade Can 500ml",
            "productId": "5264523_ea_000",
            "productShopPage": "https://www.newworld.co.nz/shop/product/5264523_ea_000nw",
            "productImageURL": "https://a.fsimg.co.nz/product/retail/fan/image/master/5264523.png",
            "productDescription": "Product of New Zealand",
            "volume": "500mL",
            "multipack": {
                "quantity": "1"
            }
        },
        "priceData": {
            "bestPrice": "3.49",
            "price": "3.49",
            "pricePerLitre": 7.0,
            "bestPricePerLitre": 7.0
        },
        "store": {
            "id": "1fa53d02-1ed5-4dd5-b0ac-fd280425c19a",
            "name": "New World Masterton"
        }
    },
    {
        "productData": {
            "name": "V Blue Can 4pk",
            "productId": "5030249_ea_000",
            "productShopPage": "https://www.newworld.co.nz/shop/product/5030249_ea_000nw",
            "productImageURL": "https://a.fsimg.co.nz/product/retail/fan/image/master/5030249.png",
            "productDescription": "Limit 12 assorted.\n\n\nContains Wheat Derivatives, Caffeine.\n\nProduct of New Zealand",
            "volume": "250mL",
            "multipack": {
                "quantity": "4"
            }
        },
        "priceData": {
            "bestPrice": "5.99",
            "price": "5.99",
            "pricePerLitre": 5.99,
            "bestPricePerLitre": 5.99
        },
        "store": {
            "id": "1fa53d02-1ed5-4dd5-b0ac-fd280425c19a",
            "name": "New World Masterton"
        }
    },
    {
        "productData": {
            "name": "Monster Ultra Paradise Energy Drink 500ml",
            "productId": "5261257_ea_000",
            "productShopPage": "https://www.newworld.co.nz/shop/product/5261257_ea_000nw",
            "productImageURL": "https://a.fsimg.co.nz/product/retail/fan/image/master/5261257.png",
            "productDescription": "Product of Imported",
            "volume": "500mL",
            "multipack": {
                "quantity": "1"
            }
        },
        "priceData": {
            "bestPrice": "2.99",
            "price": "2.99",
            "pricePerLitre": 6.0,
            "bestPricePerLitre": 6.0
        },
        "store": {
            "id": "1fa53d02-1ed5-4dd5-b0ac-fd280425c19a",
            "name": "New World Masterton"
        }
    },
    {
        "productData": {
            "name": "V Energy Drink Green Cans 4pk",
            "productId": "5002893_ea_000",
            "productShopPage": "https://www.newworld.co.nz/shop/product/5002893_ea_000nw",
            "productImageURL": "https://a.fsimg.co.nz/product/retail/fan/image/master/5002893.png",
            "productDescription": "Limit 12 assorted.\n\n\nContains Caffeine.\n\nProduct of New Zealand",
            "volume": "250mL",
            "multipack": {
                "quantity": "4"
            }
        },
        "priceData": {
            "bestPrice": "5.99",
            "price": "5.99",
            "pricePerLitre": 5.99,
            "bestPricePerLitre": 5.99
        },
        "store": {
            "id": "1fa53d02-1ed5-4dd5-b0ac-fd280425c19a",
            "name": "New World Masterton"
        }
    },
    {
        "productData": {
            "name": "Monster Ultra Zero Drink 500ml",
            "productId": "5090618_ea_000",
            "productShopPage": "https://www.newworld.co.nz/shop/product/5090618_ea_000nw",
            "productImageURL": "https://a.fsimg.co.nz/product/retail/fan/image/master/5090618.png",
            "productDescription": "A little less sweet, lighter-tasting, zero calories, but with a full load of our Monster energy blend. Sure, white is the new black. Monster Energy Zero Ultra. Unleash the Ultra Beast!\n\nProduct of Imported",
            "volume": "500mL",
            "multipack": {
                "quantity": "1"
            }
        },
        "priceData": {
            "bestPrice": "2.99",
            "price": "2.99",
            "pricePerLitre": 6.0,
            "bestPricePerLitre": 6.0
        },
        "store": {
            "id": "1fa53d02-1ed5-4dd5-b0ac-fd280425c19a",
            "name": "New World Masterton"
        }
    },
    {
        "productData": {
            "name": "Monster Super Fuel Zero Sugar Energy Drink 550ml",
            "productId": "5284331_ea_000",
            "productShopPage": "https://www.newworld.co.nz/shop/product/5284331_ea_000nw",
            "productImageURL": "https://a.fsimg.co.nz/product/retail/fan/image/master/5284331.png",
            "productDescription": "Product of Imported",
            "volume": "550mL",
            "multipack": {
                "quantity": "1"
            }
        },
        "priceData": {
            "bestPrice": "3.49",
            "price": "3.49",
            "pricePerLitre": 6.345454545454546,
            "bestPricePerLitre": 6.345454545454546
        },
        "store": {
            "id": "1fa53d02-1ed5-4dd5-b0ac-fd280425c19a",
            "name": "New World Masterton"
        }
    },
    {
        "productData": {
            "name": "Mother Energy Drink Can 500ml",
            "productId": "5011153_ea_000",
            "productShopPage": "https://www.newworld.co.nz/shop/product/5011153_ea_000nw",
            "productImageURL": "https://a.fsimg.co.nz/product/retail/fan/image/master/5011153.png",
            "productDescription": "Contains Caffeine.\n\nProduct of New Zealand",
            "volume": "500mL",
            "multipack": {
                "quantity": "1"
            }
        },
        "priceData": {
            "bestPrice": "1.99",
            "price": "1.99",
            "pricePerLitre": 4.0,
            "bestPricePerLitre": 4.0
        },
        "store": {
            "id": "1fa53d02-1ed5-4dd5-b0ac-fd280425c19a",
            "name": "New World Masterton"
        }
    },
    {
        "productData": {
            "name": "Monster Super Fuel Purple Passion Energy Drink 550ml",
            "productId": "5284332_ea_000",
            "productShopPage": "https://www.newworld.co.nz/shop/product/5284332_ea_000nw",
            "productImageURL": "https://a.fsimg.co.nz/product/retail/fan/image/master/5284332.png",
            "productDescription": "Product of Imported",
            "volume": "550mL",
            "multipack": {
                "quantity": "1"
            }
        },
        "priceData": {
            "bestPrice": "3.49",
            "price": "3.49",
            "pricePerLitre": 6.345454545454546,
            "bestPricePerLitre": 6.345454545454546
        },
        "store": {
            "id": "1fa53d02-1ed5-4dd5-b0ac-fd280425c19a",
            "name": "New World Masterton"
        }
    },
    {
        "productData": {
            "name": "Mother Energy Drink Can 6pk",
            "productId": "5009490_ea_000",
            "productShopPage": "https://www.newworld.co.nz/shop/product/5009490_ea_000nw",
            "productImageURL": "https://a.fsimg.co.nz/product/retail/fan/image/master/5009490.png",
            "productDescription": "Contains Caffeine.\n\nProduct of New Zealand",
            "volume": "250mL",
            "multipack": {
                "quantity": "6"
            }
        },
        "priceData": {
            "bestPrice": "7.49",
            "price": "7.49",
            "pricePerLitre": 5.0,
            "bestPricePerLitre": 5.0
        },
        "store": {
            "id": "1fa53d02-1ed5-4dd5-b0ac-fd280425c19a",
            "name": "New World Masterton"
        }
    },
    {
        "productData": {
            "name": "Monster Energy Drink 500ml",
            "productId": "5007647_ea_000",
            "productShopPage": "https://www.newworld.co.nz/shop/product/5007647_ea_000nw",
            "productImageURL": "https://a.fsimg.co.nz/product/retail/fan/image/master/5007647.png",
            "productDescription": "Contains Caffeine.\n\nProduct of Imported",
            "volume": "500mL",
            "multipack": {
                "quantity": "1"
            }
        },
        "priceData": {
            "bestPrice": "2.99",
            "price": "2.99",
            "pricePerLitre": 6.0,
            "bestPricePerLitre": 6.0
        },
        "store": {
            "id": "1fa53d02-1ed5-4dd5-b0ac-fd280425c19a",
            "name": "New World Masterton"
        }
    },
    {
        "productData": {
            "name": "V Sugarfree Guarana Energy Drink 4pk",
            "productId": "5210130_ea_000",
            "productShopPage": "https://www.newworld.co.nz/shop/product/5210130_ea_000nw",
            "productImageURL": "https://a.fsimg.co.nz/product/retail/fan/image/master/5210130.png",
            "productDescription": "Sugarfree\n\nProduct of New Zealand",
            "volume": "275mL",
            "multipack": {
                "quantity": "4"
            }
        },
        "priceData": {
            "bestPrice": "9.19",
            "price": "9.19",
            "pricePerLitre": 8.4,
            "bestPricePerLitre": 8.4
        },
        "store": {
            "id": "1fa53d02-1ed5-4dd5-b0ac-fd280425c19a",
            "name": "New World Masterton"
        }
    },
    {
        "productData": {
            "name": "Monster Energy Drink 4pk",
            "productId": "5107264_ea_000",
            "productShopPage": "https://www.newworld.co.nz/shop/product/5107264_ea_000nw",
            "productImageURL": "https://a.fsimg.co.nz/product/retail/fan/image/master/5107264.png",
            "productDescription": "Product of Imported",
            "volume": "",
            "multipack": {
                "quantity": ""
            }
        },
        "priceData": {
            "bestPrice": "11.99",
            "price": "11.99",
            "pricePerLitre": 6.0,
            "bestPricePerLitre": 6.0
        },
        "store": {
            "id": "1fa53d02-1ed5-4dd5-b0ac-fd280425c19a",
            "name": "New World Masterton"
        }
    },
    {
        "productData": {
            "name": "V Sugarfree Guarana Energy Drink 500ml",
            "productId": "5007644_ea_000",
            "productShopPage": "https://www.newworld.co.nz/shop/product/5007644_ea_000nw",
            "productImageURL": "https://a.fsimg.co.nz/product/retail/fan/image/master/5007644.png",
            "productDescription": "Sugar Free.\n\nProduct of New Zealand",
            "volume": "500mL",
            "multipack": {
                "quantity": "1"
            }
        },
        "priceData": {
            "bestPrice": "3.49",
            "price": "3.49",
            "pricePerLitre": 7.0,
            "bestPricePerLitre": 7.0
        },
        "store": {
            "id": "1fa53d02-1ed5-4dd5-b0ac-fd280425c19a",
            "name": "New World Masterton"
        }
    },
    {
        "productData": {
            "name": "V Original Guarana Energy Drink 500ml",
            "productId": "5004703_ea_000",
            "productShopPage": "https://www.newworld.co.nz/shop/product/5004703_ea_000nw",
            "productImageURL": "https://a.fsimg.co.nz/product/retail/fan/image/master/5004703.png",
            "productDescription": "Contains Caffeine.\n\nProduct of New Zealand",
            "volume": "500mL",
            "multipack": {
                "quantity": "1"
            }
        },
        "priceData": {
            "bestPrice": "3.49",
            "price": "3.49",
            "pricePerLitre": 7.0,
            "bestPricePerLitre": 7.0
        },
        "store": {
            "id": "1fa53d02-1ed5-4dd5-b0ac-fd280425c19a",
            "name": "New World Masterton"
        }
    },
    {
        "productData": {
            "name": "V Green Guarana Energy Drink Cans 10pk",
            "productId": "5210061_ea_000",
            "productShopPage": "https://www.newworld.co.nz/shop/product/5210061_ea_000nw",
            "productImageURL": "https://a.fsimg.co.nz/product/retail/fan/image/master/5210061.png",
            "productDescription": "Product of New Zealand",
            "volume": "200mL",
            "multipack": {
                "quantity": "10"
            }
        },
        "priceData": {
            "bestPrice": "15.29",
            "price": "15.29",
            "pricePerLitre": 7.6,
            "bestPricePerLitre": 7.6
        },
        "store": {
            "id": "1fa53d02-1ed5-4dd5-b0ac-fd280425c19a",
            "name": "New World Masterton"
        }
    },
    {
        "productData": {
            "name": "V Original Guarana Energy Drink 500ml",
            "productId": "5007441_ea_000",
            "productShopPage": "https://www.newworld.co.nz/shop/product/5007441_ea_000nw",
            "productImageURL": "https://a.fsimg.co.nz/product/retail/fan/image/master/5007441.png",
            "productDescription": "Buy 2 for $5.00.\n\n\nContains Wheat Derivatives, Caffeine.\n\nProduct of New Zealand",
            "volume": "500mL",
            "multipack": {
                "quantity": "1"
            }
        },
        "priceData": {
            "bestPrice": 2.5,
            "price": 2.0,
            "pricePerLitre": 4.0,
            "bestPricePerLitre": 5.0,
            "multiBuy": {
                "quantity": 2.0,
                "value": 5.0,
                "perUnit": 2.5
            }
        },
        "store": {
            "id": "1fa53d02-1ed5-4dd5-b0ac-fd280425c19a",
            "name": "New World Masterton"
        }
    },
    {
        "productData": {
            "name": "V Blue Guarana Energy Drink 10pk",
            "productId": "5290181_ea_000",
            "productShopPage": "https://www.newworld.co.nz/shop/product/5290181_ea_000nw",
            "productImageURL": "https://a.fsimg.co.nz/product/retail/fan/image/master/5290181.png",
            "productDescription": "Product of New Zealand",
            "volume": "250mL",
            "multipack": {
                "quantity": "10"
            }
        },
        "priceData": {
            "bestPrice": "17.99",
            "price": "17.99",
            "pricePerLitre": 7.2,
            "bestPricePerLitre": 7.2
        },
        "store": {
            "id": "55d4fe03-e82e-44a8-8324-57f3afcf16ba",
            "name": "New World New Plymouth"
        }
    },
    {
        "productData": {
            "name": "V Blue Guarana Energy Drink 250ml",
            "productId": "5007495_ea_000",
            "productShopPage": "https://www.newworld.co.nz/shop/product/5007495_ea_000nw",
            "productImageURL": "https://a.fsimg.co.nz/product/retail/fan/image/master/5007495.png",
            "productDescription": "Contains Caffeine, Wheat Derivatives.\n\nProduct of New Zealand",
            "volume": "250mL",
            "multipack": {
                "quantity": "1"
            }
        },
        "priceData": {
            "bestPrice": "1.99",
            "price": "1.99",
            "pricePerLitre": 8.0,
            "bestPricePerLitre": 8.0
        },
        "store": {
            "id": "55d4fe03-e82e-44a8-8324-57f3afcf16ba",
            "name": "New World New Plymouth"
        }
    },
    {
        "productData": {
            "name": "V Sugarfree Blue Guarana Energy Drink 4pk",
            "productId": "5289891_ea_000",
            "productShopPage": "https://www.newworld.co.nz/shop/product/5289891_ea_000nw",
            "productImageURL": "https://a.fsimg.co.nz/product/retail/fan/image/master/5289891.png",
            "productDescription": "Limit 12 assorted.\n\n\n\n\nProduct of New Zealand",
            "volume": "250mL",
            "multipack": {
                "quantity": "4"
            }
        },
        "priceData": {
            "bestPrice": "5.99",
            "price": "5.99",
            "pricePerLitre": 5.99,
            "bestPricePerLitre": 5.99
        },
        "store": {
            "id": "55d4fe03-e82e-44a8-8324-57f3afcf16ba",
            "name": "New World New Plymouth"
        }
    },
    {
        "productData": {
            "name": "V Sugarfree Guarana Energy Drink 250ml",
            "productId": "5001639_ea_000",
            "productShopPage": "https://www.newworld.co.nz/shop/product/5001639_ea_000nw",
            "productImageURL": "https://a.fsimg.co.nz/product/retail/fan/image/master/5001639.png",
            "productDescription": "Sugar Free. Contains Caffeine.\n\nProduct of New Zealand",
            "volume": "250mL",
            "multipack": {
                "quantity": "1"
            }
        },
        "priceData": {
            "bestPrice": "1.99",
            "price": "1.99",
            "pricePerLitre": 8.0,
            "bestPricePerLitre": 8.0
        },
        "store": {
            "id": "55d4fe03-e82e-44a8-8324-57f3afcf16ba",
            "name": "New World New Plymouth"
        }
    },
    {
        "productData": {
            "name": "V Sugarfree Guarana Energy Drink 10pk",
            "productId": "5289890_ea_000",
            "productShopPage": "https://www.newworld.co.nz/shop/product/5289890_ea_000nw",
            "productImageURL": "https://a.fsimg.co.nz/product/retail/fan/image/master/5289890.png",
            "productDescription": "Product of New Zealand",
            "volume": "",
            "multipack": {
                "quantity": ""
            }
        },
        "priceData": {
            "bestPrice": "17.99",
            "price": "17.99",
            "pricePerLitre": 72.0,
            "bestPricePerLitre": 72.0
        },
        "store": {
            "id": "55d4fe03-e82e-44a8-8324-57f3afcf16ba",
            "name": "New World New Plymouth"
        }
    },
    {
        "productData": {
            "name": "V Green Guarana Energy Drink 6pk",
            "productId": "5272987_ea_000",
            "productShopPage": "https://www.newworld.co.nz/shop/product/5272987_ea_000nw",
            "productImageURL": "https://a.fsimg.co.nz/product/retail/fan/image/master/5272987.png",
            "productDescription": "Product of New Zealand",
            "volume": "330mL",
            "multipack": {
                "quantity": "6"
            }
        },
        "priceData": {
            "bestPrice": "11.99",
            "price": "11.99",
            "pricePerLitre": 6.05,
            "bestPricePerLitre": 6.05
        },
        "store": {
            "id": "55d4fe03-e82e-44a8-8324-57f3afcf16ba",
            "name": "New World New Plymouth"
        }
    },
    {
        "productData": {
            "name": "Live Plus Persist Energy Drink 250ml",
            "productId": "5236678_ea_000",
            "productShopPage": "https://www.newworld.co.nz/shop/product/5236678_ea_000nw",
            "productImageURL": "https://a.fsimg.co.nz/product/retail/fan/image/master/5236678.png",
            "productDescription": "Limit 12 assorted.\n\n\n\n\nProduct of New Zealand",
            "volume": "",
            "multipack": {
                "quantity": ""
            }
        },
        "priceData": {
            "bestPrice": "0.99",
            "price": "0.99"
        },
        "store": {
            "id": "55d4fe03-e82e-44a8-8324-57f3afcf16ba",
            "name": "New World New Plymouth"
        }
    },
    {
        "productData": {
            "name": "V Green Guarana Energy Drink 10pk",
            "productId": "5289889_ea_000",
            "productShopPage": "https://www.newworld.co.nz/shop/product/5289889_ea_000nw",
            "productImageURL": "https://a.fsimg.co.nz/product/retail/fan/image/master/5289889.png",
            "productDescription": "Product of New Zealand",
            "volume": "250mL",
            "multipack": {
                "quantity": "10"
            }
        },
        "priceData": {
            "bestPrice": "17.99",
            "price": "17.99",
            "pricePerLitre": 7.2,
            "bestPricePerLitre": 7.2
        },
        "store": {
            "id": "55d4fe03-e82e-44a8-8324-57f3afcf16ba",
            "name": "New World New Plymouth"
        }
    },
    {
        "productData": {
            "name": "V Sugarfree Blue Guarana Energy Drink 500ml",
            "productId": "5283362_ea_000",
            "productShopPage": "https://www.newworld.co.nz/shop/product/5283362_ea_000nw",
            "productImageURL": "https://a.fsimg.co.nz/product/retail/fan/image/master/5283362.png",
            "productDescription": "Sugar free\n\nProduct of New Zealand",
            "volume": "500mL",
            "multipack": {
                "quantity": "1"
            }
        },
        "priceData": {
            "bestPrice": "3.49",
            "price": "3.49",
            "pricePerLitre": 7.0,
            "bestPricePerLitre": 7.0
        },
        "store": {
            "id": "55d4fe03-e82e-44a8-8324-57f3afcf16ba",
            "name": "New World New Plymouth"
        }
    },
    {
        "productData": {
            "name": "V Original Guarana Energy Drink 350ml",
            "productId": "5003156_ea_000",
            "productShopPage": "https://www.newworld.co.nz/shop/product/5003156_ea_000nw",
            "productImageURL": "https://a.fsimg.co.nz/product/retail/fan/image/master/5003156.png",
            "productDescription": "Buy 2 for $5.00.\n\n\nContains Caffeine.\n\nProduct of New Zealand",
            "volume": "350mL",
            "multipack": {
                "quantity": "1"
            }
        },
        "priceData": {
            "bestPrice": 2.5,
            "price": 2.0,
            "pricePerLitre": 5.714285714285714,
            "bestPricePerLitre": 7.142857142857143,
            "multiBuy": {
                "quantity": 2.0,
                "value": 5.0,
                "perUnit": 2.5
            }
        },
        "store": {
            "id": "55d4fe03-e82e-44a8-8324-57f3afcf16ba",
            "name": "New World New Plymouth"
        }
    },
    {
        "productData": {
            "name": "V Blue Guarana Energy Drink 350ml",
            "productId": "5007492_ea_000",
            "productShopPage": "https://www.newworld.co.nz/shop/product/5007492_ea_000nw",
            "productImageURL": "https://a.fsimg.co.nz/product/retail/fan/image/master/5007492.png",
            "productDescription": "Buy 2 for $5.00.\n\n\nContains Caffeine, Wheat Derivatives.\n\nProduct of New Zealand",
            "volume": "350mL",
            "multipack": {
                "quantity": "1"
            }
        },
        "priceData": {
            "bestPrice": 2.5,
            "price": 2.0,
            "pricePerLitre": 5.714285714285714,
            "bestPricePerLitre": 7.142857142857143,
            "multiBuy": {
                "quantity": 2.0,
                "value": 5.0,
                "perUnit": 2.5
            }
        },
        "store": {
            "id": "55d4fe03-e82e-44a8-8324-57f3afcf16ba",
            "name": "New World New Plymouth"
        }
    },
    {
        "productData": {
            "name": "V Blue Energy Drink 500ml",
            "productId": "5020662_ea_000",
            "productShopPage": "https://www.newworld.co.nz/shop/product/5020662_ea_000nw",
            "productImageURL": "https://a.fsimg.co.nz/product/retail/fan/image/master/5020662.png",
            "productDescription": "Buy 2 for $5.00.\n\n\n\n\nProduct of New Zealand",
            "volume": "500mL",
            "multipack": {
                "quantity": "1"
            }
        },
        "priceData": {
            "bestPrice": 2.5,
            "price": 2.0,
            "pricePerLitre": 4.0,
            "bestPricePerLitre": 5.0,
            "multiBuy": {
                "quantity": 2.0,
                "value": 5.0,
                "perUnit": 2.5
            }
        },
        "store": {
            "id": "55d4fe03-e82e-44a8-8324-57f3afcf16ba",
            "name": "New World New Plymouth"
        }
    },
    {
        "productData": {
            "name": "V Blue Guarana Energy Drink 500ml",
            "productId": "5007494_ea_000",
            "productShopPage": "https://www.newworld.co.nz/shop/product/5007494_ea_000nw",
            "productImageURL": "https://a.fsimg.co.nz/product/retail/fan/image/master/5007494.png",
            "productDescription": "Contains Wheat Derivatives, Caffeine.\n\nProduct of New Zealand",
            "volume": "500mL",
            "multipack": {
                "quantity": "1"
            }
        },
        "priceData": {
            "bestPrice": "3.49",
            "price": "3.49",
            "pricePerLitre": 7.0,
            "bestPricePerLitre": 7.0
        },
        "store": {
            "id": "55d4fe03-e82e-44a8-8324-57f3afcf16ba",
            "name": "New World New Plymouth"
        }
    },
    {
        "productData": {
            "name": "Red Bull Energy Drink 473ml",
            "productId": "5005255_ea_000",
            "productShopPage": "https://www.newworld.co.nz/shop/product/5005255_ea_000nw",
            "productImageURL": "https://a.fsimg.co.nz/product/retail/fan/image/master/5005255.png",
            "productDescription": "Red Bull Energy Drink's special formula contains ingredients of high quality: Caffeine, Taurine, B-Group Vitamins, Sugars, Alpine Water.One 250ml can of Red Bull Energy Drinks contains 80 mg of caffeine, about the same amount as in a cup of home-brewed coffee.The amount of sugars in a can of Red Bull Energy Drink is comparable to the level of sugars in an equivalent amount of apple or orange juice – 11 g per 100ml.Red Bull cans are made of 100% recyclable aluminium.Red Bull Energy Drink 473ml canVitalizes Body and Mind.®RED BULL GIVES YOU WINGSInspired by functional drinks from the Far East, Dietrich Mateschitz founded Red Bull in the mid-1980s. He developed a new product and a unique marketing concept and launched Red Bull Energy Drink on April 1, 1987 in Austria. A brand new product category - Energy Drinks - was born.\n\nProduct of Imported",
            "volume": "473mL",
            "multipack": {
                "quantity": "1"
            }
        },
        "priceData": {
            "bestPrice": "3.59",
            "price": "3.59",
            "pricePerLitre": 7.6,
            "bestPricePerLitre": 7.6
        },
        "store": {
            "id": "55d4fe03-e82e-44a8-8324-57f3afcf16ba",
            "name": "New World New Plymouth"
        }
    },
    {
        "productData": {
            "name": "V Original Guarana Energy Drink 250ml",
            "productId": "5003151_ea_000",
            "productShopPage": "https://www.newworld.co.nz/shop/product/5003151_ea_000nw",
            "productImageURL": "https://a.fsimg.co.nz/product/retail/fan/image/master/5003151.png",
            "productDescription": "Contains Caffeine.\n\nProduct of New Zealand",
            "volume": "250mL",
            "multipack": {
                "quantity": "1"
            }
        },
        "priceData": {
            "bestPrice": "1.99",
            "price": "1.99",
            "pricePerLitre": 8.0,
            "bestPricePerLitre": 8.0
        },
        "store": {
            "id": "55d4fe03-e82e-44a8-8324-57f3afcf16ba",
            "name": "New World New Plymouth"
        }
    },
    {
        "productData": {
            "name": "Red Bull Energy Drink 250ml Cans 4pk",
            "productId": "5001443_ea_000",
            "productShopPage": "https://www.newworld.co.nz/shop/product/5001443_ea_000nw",
            "productImageURL": "https://a.fsimg.co.nz/product/retail/fan/image/master/5001443.png",
            "productDescription": "Red Bull Energy Drink's special formula contains ingredients of high quality: Caffeine, Taurine, B-Group Vitamins, Sugars, Alpine Water.One 250ml can of Red Bull Energy Drinks contains 80 mg of caffeine, about the same amount as in a cup of home-brewed coffee.The amount of sugars in a can of Red Bull Energy Drink is comparable to the level of sugars in an equivalent amount of apple or orange juice – 11 g per 100ml.Red Bull cans are made of 100% recyclable aluminium.Pack of four 250ml Red Bull Energy Drink cansVitalizes Body and Mind.®RED BULL GIVES YOU WINGSInspired by functional drinks from the Far East, Dietrich Mateschitz founded Red Bull in the mid-1980s. He developed a new product and a unique marketing concept and launched Red Bull Energy Drink on April 1, 1987 in Austria. A brand new product category - Energy Drinks - was born.",
            "volume": "250mL",
            "multipack": {
                "quantity": "4"
            }
        },
        "priceData": {
            "bestPrice": "8.29",
            "price": "8.29",
            "pricePerLitre": 8.299999999999999,
            "bestPricePerLitre": 8.299999999999999
        },
        "store": {
            "id": "55d4fe03-e82e-44a8-8324-57f3afcf16ba",
            "name": "New World New Plymouth"
        }
    },
    {
        "productData": {
            "name": "Lucozade Orange Energy Drink 380ml",
            "productId": "5009239_ea_000",
            "productShopPage": "https://www.newworld.co.nz/shop/product/5009239_ea_000nw",
            "productImageURL": "https://a.fsimg.co.nz/product/retail/fan/image/master/5009239.png",
            "productDescription": "Powered by Glucose.\n\nProduct of New Zealand",
            "volume": "380mL",
            "multipack": {
                "quantity": "1"
            }
        },
        "priceData": {
            "bestPrice": "2.69",
            "price": "2.69",
            "pricePerLitre": 7.08,
            "bestPricePerLitre": 7.08
        },
        "store": {
            "id": "55d4fe03-e82e-44a8-8324-57f3afcf16ba",
            "name": "New World New Plymouth"
        }
    },
    {
        "productData": {
            "name": "V Pure Natural Energy Drink Glass Bottle 330ml",
            "productId": "5237753_ea_000",
            "productShopPage": "https://www.newworld.co.nz/shop/product/5237753_ea_000nw",
            "productImageURL": "https://a.fsimg.co.nz/product/retail/fan/image/master/5237753.png",
            "productDescription": "Buy 2 for $5.00.\n\n\nNothing artificial\n\nProduct of New Zealand",
            "volume": "330mL",
            "multipack": {
                "quantity": "1"
            }
        },
        "priceData": {
            "bestPrice": 2.5,
            "price": 2.0,
            "pricePerLitre": 6.0606060606060606,
            "bestPricePerLitre": 7.575757575757575,
            "multiBuy": {
                "quantity": 2.0,
                "value": 5.0,
                "perUnit": 2.5
            }
        },
        "store": {
            "id": "55d4fe03-e82e-44a8-8324-57f3afcf16ba",
            "name": "New World New Plymouth"
        }
    },
    {
        "productData": {
            "name": "Lucozade Original Energy Drink 380ml",
            "productId": "5009240_ea_000",
            "productShopPage": "https://www.newworld.co.nz/shop/product/5009240_ea_000nw",
            "productImageURL": "https://a.fsimg.co.nz/product/retail/fan/image/master/5009240.png",
            "productDescription": "Energy from Glucose.\n\nProduct of New Zealand",
            "volume": "380mL",
            "multipack": {
                "quantity": "1"
            }
        },
        "priceData": {
            "bestPrice": "2.69",
            "price": "2.69",
            "pricePerLitre": 7.08,
            "bestPricePerLitre": 7.08
        },
        "store": {
            "id": "55d4fe03-e82e-44a8-8324-57f3afcf16ba",
            "name": "New World New Plymouth"
        }
    },
    {
        "productData": {
            "name": "Rockstar Watermelon Freeze Energy Drink 500ml",
            "productId": "5257298_ea_000",
            "productShopPage": "https://www.newworld.co.nz/shop/product/5257298_ea_000nw",
            "productImageURL": "https://a.fsimg.co.nz/product/retail/fan/image/master/5257298.png",
            "productDescription": "Buy 3 for $5.00.\n\n\n\n\nProduct of New Zealand",
            "volume": "500mL",
            "multipack": {
                "quantity": "1"
            }
        },
        "priceData": {
            "bestPrice": 1.6666666666666667,
            "price": 1.0,
            "pricePerLitre": 2.0,
            "bestPricePerLitre": 3.3333333333333335,
            "multiBuy": {
                "quantity": 3.0,
                "value": 5.0,
                "perUnit": 1.6666666666666667
            }
        },
        "store": {
            "id": "55d4fe03-e82e-44a8-8324-57f3afcf16ba",
            "name": "New World New Plymouth"
        }
    },
    {
        "productData": {
            "name": "Rockstar Original Energy Drink 500ml",
            "productId": "5215383_ea_000",
            "productShopPage": "https://www.newworld.co.nz/shop/product/5215383_ea_000nw",
            "productImageURL": "https://a.fsimg.co.nz/product/retail/fan/image/master/5215383.png",
            "productDescription": "Buy 3 for $5.00.\n\n\nCaffeine; B vitamins; Vitamin C; Taurine; Ginseng\n\nProduct of New Zealand",
            "volume": "500mL",
            "multipack": {
                "quantity": "1"
            }
        },
        "priceData": {
            "bestPrice": 1.6666666666666667,
            "price": 1.0,
            "pricePerLitre": 2.0,
            "bestPricePerLitre": 3.3333333333333335,
            "multiBuy": {
                "quantity": 3.0,
                "value": 5.0,
                "perUnit": 1.6666666666666667
            }
        },
        "store": {
            "id": "55d4fe03-e82e-44a8-8324-57f3afcf16ba",
            "name": "New World New Plymouth"
        }
    },
    {
        "productData": {
            "name": "V Raspberry Lemonade Guarana Energy Drink 4pk",
            "productId": "5289907_ea_000",
            "productShopPage": "https://www.newworld.co.nz/shop/product/5289907_ea_000nw",
            "productImageURL": "https://a.fsimg.co.nz/product/retail/fan/image/master/5289907.png",
            "productDescription": "Limit 12 assorted.\n\n\n\n\nProduct of New Zealand",
            "volume": "250mL",
            "multipack": {
                "quantity": "4"
            }
        },
        "priceData": {
            "bestPrice": "5.99",
            "price": "5.99",
            "pricePerLitre": 5.99,
            "bestPricePerLitre": 5.99
        },
        "store": {
            "id": "55d4fe03-e82e-44a8-8324-57f3afcf16ba",
            "name": "New World New Plymouth"
        }
    },
    {
        "productData": {
            "name": "V Raspberry Lemonade Can 500ml",
            "productId": "5264523_ea_000",
            "productShopPage": "https://www.newworld.co.nz/shop/product/5264523_ea_000nw",
            "productImageURL": "https://a.fsimg.co.nz/product/retail/fan/image/master/5264523.png",
            "productDescription": "Product of New Zealand",
            "volume": "500mL",
            "multipack": {
                "quantity": "1"
            }
        },
        "priceData": {
            "bestPrice": "3.49",
            "price": "3.49",
            "pricePerLitre": 7.0,
            "bestPricePerLitre": 7.0
        },
        "store": {
            "id": "55d4fe03-e82e-44a8-8324-57f3afcf16ba",
            "name": "New World New Plymouth"
        }
    },
    {
        "productData": {
            "name": "V Blue Can 4pk",
            "productId": "5030249_ea_000",
            "productShopPage": "https://www.newworld.co.nz/shop/product/5030249_ea_000nw",
            "productImageURL": "https://a.fsimg.co.nz/product/retail/fan/image/master/5030249.png",
            "productDescription": "Limit 12 assorted.\n\n\nContains Wheat Derivatives, Caffeine.\n\nProduct of New Zealand",
            "volume": "250mL",
            "multipack": {
                "quantity": "4"
            }
        },
        "priceData": {
            "bestPrice": "5.99",
            "price": "5.99",
            "pricePerLitre": 5.99,
            "bestPricePerLitre": 5.99
        },
        "store": {
            "id": "55d4fe03-e82e-44a8-8324-57f3afcf16ba",
            "name": "New World New Plymouth"
        }
    },
    {
        "productData": {
            "name": "V Energy Drink Sugarfree Cans 4pk",
            "productId": "5004117_ea_000",
            "productShopPage": "https://www.newworld.co.nz/shop/product/5004117_ea_000nw",
            "productImageURL": "https://a.fsimg.co.nz/product/retail/fan/image/master/5004117.png",
            "productDescription": "Limit 12 assorted.\n\n\nSugar Free. Contains Caffeine.\n\nProduct of New Zealand",
            "volume": "250mL",
            "multipack": {
                "quantity": "4"
            }
        },
        "priceData": {
            "bestPrice": "5.99",
            "price": "5.99",
            "pricePerLitre": 5.99,
            "bestPricePerLitre": 5.99
        },
        "store": {
            "id": "55d4fe03-e82e-44a8-8324-57f3afcf16ba",
            "name": "New World New Plymouth"
        }
    },
    {
        "productData": {
            "name": "Monster Mango Loco Energy Drink 500ml",
            "productId": "5242374_ea_000",
            "productShopPage": "https://www.newworld.co.nz/shop/product/5242374_ea_000nw",
            "productImageURL": "https://a.fsimg.co.nz/product/retail/fan/image/master/5242374.png",
            "productDescription": "Product of Imported",
            "volume": "500mL",
            "multipack": {
                "quantity": "1"
            }
        },
        "priceData": {
            "bestPrice": "2.99",
            "price": "2.99",
            "pricePerLitre": 6.0,
            "bestPricePerLitre": 6.0
        },
        "store": {
            "id": "55d4fe03-e82e-44a8-8324-57f3afcf16ba",
            "name": "New World New Plymouth"
        }
    },
    {
        "productData": {
            "name": "Monster Zero Sugar Ultra Rosa Energy Drink 500ml",
            "productId": "5278094_ea_000",
            "productShopPage": "https://www.newworld.co.nz/shop/product/5278094_ea_000nw",
            "productImageURL": "https://a.fsimg.co.nz/product/retail/fan/image/master/5278094.png",
            "productDescription": "Product of Imported",
            "volume": "500mL",
            "multipack": {
                "quantity": "1"
            }
        },
        "priceData": {
            "bestPrice": "2.99",
            "price": "2.99",
            "pricePerLitre": 6.0,
            "bestPricePerLitre": 6.0
        },
        "store": {
            "id": "55d4fe03-e82e-44a8-8324-57f3afcf16ba",
            "name": "New World New Plymouth"
        }
    },
    {
        "productData": {
            "name": "Monster Mule Energy Drink 500ml",
            "productId": "5269459_ea_000",
            "productShopPage": "https://www.newworld.co.nz/shop/product/5269459_ea_000nw",
            "productImageURL": "https://a.fsimg.co.nz/product/retail/fan/image/master/5269459.png",
            "productDescription": "Product of Imported",
            "volume": "500mL",
            "multipack": {
                "quantity": "1"
            }
        },
        "priceData": {
            "bestPrice": "2.99",
            "price": "2.99",
            "pricePerLitre": 6.0,
            "bestPricePerLitre": 6.0
        },
        "store": {
            "id": "55d4fe03-e82e-44a8-8324-57f3afcf16ba",
            "name": "New World New Plymouth"
        }
    },
    {
        "productData": {
            "name": "Monster Ultra Paradise Energy Drink 500ml",
            "productId": "5261257_ea_000",
            "productShopPage": "https://www.newworld.co.nz/shop/product/5261257_ea_000nw",
            "productImageURL": "https://a.fsimg.co.nz/product/retail/fan/image/master/5261257.png",
            "productDescription": "Product of Imported",
            "volume": "500mL",
            "multipack": {
                "quantity": "1"
            }
        },
        "priceData": {
            "bestPrice": "2.99",
            "price": "2.99",
            "pricePerLitre": 6.0,
            "bestPricePerLitre": 6.0
        },
        "store": {
            "id": "55d4fe03-e82e-44a8-8324-57f3afcf16ba",
            "name": "New World New Plymouth"
        }
    },
    {
        "productData": {
            "name": "V Energy Drink Green Cans 4pk",
            "productId": "5002893_ea_000",
            "productShopPage": "https://www.newworld.co.nz/shop/product/5002893_ea_000nw",
            "productImageURL": "https://a.fsimg.co.nz/product/retail/fan/image/master/5002893.png",
            "productDescription": "Limit 12 assorted.\n\n\nContains Caffeine.\n\nProduct of New Zealand",
            "volume": "250mL",
            "multipack": {
                "quantity": "4"
            }
        },
        "priceData": {
            "bestPrice": "5.99",
            "price": "5.99",
            "pricePerLitre": 5.99,
            "bestPricePerLitre": 5.99
        },
        "store": {
            "id": "55d4fe03-e82e-44a8-8324-57f3afcf16ba",
            "name": "New World New Plymouth"
        }
    },
    {
        "productData": {
            "name": "Monster Ultra Zero Drink 500ml",
            "productId": "5090618_ea_000",
            "productShopPage": "https://www.newworld.co.nz/shop/product/5090618_ea_000nw",
            "productImageURL": "https://a.fsimg.co.nz/product/retail/fan/image/master/5090618.png",
            "productDescription": "A little less sweet, lighter-tasting, zero calories, but with a full load of our Monster energy blend. Sure, white is the new black. Monster Energy Zero Ultra. Unleash the Ultra Beast!\n\nProduct of Imported",
            "volume": "500mL",
            "multipack": {
                "quantity": "1"
            }
        },
        "priceData": {
            "bestPrice": "2.99",
            "price": "2.99",
            "pricePerLitre": 6.0,
            "bestPricePerLitre": 6.0
        },
        "store": {
            "id": "55d4fe03-e82e-44a8-8324-57f3afcf16ba",
            "name": "New World New Plymouth"
        }
    },
    {
        "productData": {
            "name": "Monster Super Fuel Zero Sugar Energy Drink 550ml",
            "productId": "5284331_ea_000",
            "productShopPage": "https://www.newworld.co.nz/shop/product/5284331_ea_000nw",
            "productImageURL": "https://a.fsimg.co.nz/product/retail/fan/image/master/5284331.png",
            "productDescription": "Product of Imported",
            "volume": "550mL",
            "multipack": {
                "quantity": "1"
            }
        },
        "priceData": {
            "bestPrice": "3.49",
            "price": "3.49",
            "pricePerLitre": 6.345454545454546,
            "bestPricePerLitre": 6.345454545454546
        },
        "store": {
            "id": "55d4fe03-e82e-44a8-8324-57f3afcf16ba",
            "name": "New World New Plymouth"
        }
    },
    {
        "productData": {
            "name": "Mother Energy Drink Can 500ml",
            "productId": "5011153_ea_000",
            "productShopPage": "https://www.newworld.co.nz/shop/product/5011153_ea_000nw",
            "productImageURL": "https://a.fsimg.co.nz/product/retail/fan/image/master/5011153.png",
            "productDescription": "Contains Caffeine.\n\nProduct of New Zealand",
            "volume": "500mL",
            "multipack": {
                "quantity": "1"
            }
        },
        "priceData": {
            "bestPrice": "1.99",
            "price": "1.99",
            "pricePerLitre": 4.0,
            "bestPricePerLitre": 4.0
        },
        "store": {
            "id": "55d4fe03-e82e-44a8-8324-57f3afcf16ba",
            "name": "New World New Plymouth"
        }
    },
    {
        "productData": {
            "name": "Monster Super Fuel Purple Passion Energy Drink 550ml",
            "productId": "5284332_ea_000",
            "productShopPage": "https://www.newworld.co.nz/shop/product/5284332_ea_000nw",
            "productImageURL": "https://a.fsimg.co.nz/product/retail/fan/image/master/5284332.png",
            "productDescription": "Product of Imported",
            "volume": "550mL",
            "multipack": {
                "quantity": "1"
            }
        },
        "priceData": {
            "bestPrice": "3.49",
            "price": "3.49",
            "pricePerLitre": 6.345454545454546,
            "bestPricePerLitre": 6.345454545454546
        },
        "store": {
            "id": "55d4fe03-e82e-44a8-8324-57f3afcf16ba",
            "name": "New World New Plymouth"
        }
    },
    {
        "productData": {
            "name": "Monster Pipeline Punch Energy Drink 500ml",
            "productId": "5242373_ea_000",
            "productShopPage": "https://www.newworld.co.nz/shop/product/5242373_ea_000nw",
            "productImageURL": "https://a.fsimg.co.nz/product/retail/fan/image/master/5242373.png",
            "productDescription": "Product of Imported",
            "volume": "500mL",
            "multipack": {
                "quantity": "1"
            }
        },
        "priceData": {
            "bestPrice": "2.99",
            "price": "2.99",
            "pricePerLitre": 6.0,
            "bestPricePerLitre": 6.0
        },
        "store": {
            "id": "55d4fe03-e82e-44a8-8324-57f3afcf16ba",
            "name": "New World New Plymouth"
        }
    },
    {
        "productData": {
            "name": "Monster Energy Drink 500ml",
            "productId": "5007647_ea_000",
            "productShopPage": "https://www.newworld.co.nz/shop/product/5007647_ea_000nw",
            "productImageURL": "https://a.fsimg.co.nz/product/retail/fan/image/master/5007647.png",
            "productDescription": "Contains Caffeine.\n\nProduct of Imported",
            "volume": "500mL",
            "multipack": {
                "quantity": "1"
            }
        },
        "priceData": {
            "bestPrice": "2.99",
            "price": "2.99",
            "pricePerLitre": 6.0,
            "bestPricePerLitre": 6.0
        },
        "store": {
            "id": "55d4fe03-e82e-44a8-8324-57f3afcf16ba",
            "name": "New World New Plymouth"
        }
    },
    {
        "productData": {
            "name": "V Sugarfree Guarana Energy Drink 500ml",
            "productId": "5007644_ea_000",
            "productShopPage": "https://www.newworld.co.nz/shop/product/5007644_ea_000nw",
            "productImageURL": "https://a.fsimg.co.nz/product/retail/fan/image/master/5007644.png",
            "productDescription": "Sugar Free.\n\nProduct of New Zealand",
            "volume": "500mL",
            "multipack": {
                "quantity": "1"
            }
        },
        "priceData": {
            "bestPrice": "3.49",
            "price": "3.49",
            "pricePerLitre": 7.0,
            "bestPricePerLitre": 7.0
        },
        "store": {
            "id": "55d4fe03-e82e-44a8-8324-57f3afcf16ba",
            "name": "New World New Plymouth"
        }
    },
    {
        "productData": {
            "name": "V Original Guarana Energy Drink 500ml",
            "productId": "5004703_ea_000",
            "productShopPage": "https://www.newworld.co.nz/shop/product/5004703_ea_000nw",
            "productImageURL": "https://a.fsimg.co.nz/product/retail/fan/image/master/5004703.png",
            "productDescription": "Contains Caffeine.\n\nProduct of New Zealand",
            "volume": "500mL",
            "multipack": {
                "quantity": "1"
            }
        },
        "priceData": {
            "bestPrice": "3.49",
            "price": "3.49",
            "pricePerLitre": 7.0,
            "bestPricePerLitre": 7.0
        },
        "store": {
            "id": "55d4fe03-e82e-44a8-8324-57f3afcf16ba",
            "name": "New World New Plymouth"
        }
    },
    {
        "productData": {
            "name": "V Original Guarana Energy Drink 500ml",
            "productId": "5007441_ea_000",
            "productShopPage": "https://www.newworld.co.nz/shop/product/5007441_ea_000nw",
            "productImageURL": "https://a.fsimg.co.nz/product/retail/fan/image/master/5007441.png",
            "productDescription": "Buy 2 for $5.00.\n\n\nContains Wheat Derivatives, Caffeine.\n\nProduct of New Zealand",
            "volume": "500mL",
            "multipack": {
                "quantity": "1"
            }
        },
        "priceData": {
            "bestPrice": 2.5,
            "price": 2.0,
            "pricePerLitre": 4.0,
            "bestPricePerLitre": 5.0,
            "multiBuy": {
                "quantity": 2.0,
                "value": 5.0,
                "perUnit": 2.5
            }
        },
        "store": {
            "id": "55d4fe03-e82e-44a8-8324-57f3afcf16ba",
            "name": "New World New Plymouth"
        }
    },
    {
        "productData": {
            "name": "V Blue Guarana Energy Drink 250ml",
            "productId": "5007495_ea_000",
            "productShopPage": "https://www.newworld.co.nz/shop/product/5007495_ea_000nw",
            "productImageURL": "https://a.fsimg.co.nz/product/retail/fan/image/master/5007495.png",
            "productDescription": "Contains Caffeine, Wheat Derivatives.\n\nProduct of New Zealand",
            "volume": "250mL",
            "multipack": {
                "quantity": "1"
            }
        },
        "priceData": {
            "bestPrice": "1.99",
            "price": "1.99",
            "pricePerLitre": 8.0,
            "bestPricePerLitre": 8.0
        },
        "store": {
            "id": "ff680fec-3a34-4666-99ed-ab1a9d1c6ba0",
            "name": "New World Newtown"
        }
    },
    {
        "productData": {
            "name": "V Sugarfree Guarana Energy Drink 250ml",
            "productId": "5001639_ea_000",
            "productShopPage": "https://www.newworld.co.nz/shop/product/5001639_ea_000nw",
            "productImageURL": "https://a.fsimg.co.nz/product/retail/fan/image/master/5001639.png",
            "productDescription": "Sugar Free. Contains Caffeine.\n\nProduct of New Zealand",
            "volume": "250mL",
            "multipack": {
                "quantity": "1"
            }
        },
        "priceData": {
            "bestPrice": "1.99",
            "price": "1.99",
            "pricePerLitre": 8.0,
            "bestPricePerLitre": 8.0
        },
        "store": {
            "id": "ff680fec-3a34-4666-99ed-ab1a9d1c6ba0",
            "name": "New World Newtown"
        }
    },
    {
        "productData": {
            "name": "Live Plus Ascend Energy Drink 250ml",
            "productId": "5236675_ea_000",
            "productShopPage": "https://www.newworld.co.nz/shop/product/5236675_ea_000nw",
            "productImageURL": "https://a.fsimg.co.nz/product/retail/fan/image/master/5236675.png",
            "productDescription": "Limit 12 assorted.\n\n\n\n\nProduct of New Zealand",
            "volume": "",
            "multipack": {
                "quantity": ""
            }
        },
        "priceData": {
            "bestPrice": "0.99",
            "price": "0.99"
        },
        "store": {
            "id": "ff680fec-3a34-4666-99ed-ab1a9d1c6ba0",
            "name": "New World Newtown"
        }
    },
    {
        "productData": {
            "name": "Live Plus Tart Apple Energy Drink 250ml",
            "productId": "5236676_ea_000",
            "productShopPage": "https://www.newworld.co.nz/shop/product/5236676_ea_000nw",
            "productImageURL": "https://a.fsimg.co.nz/product/retail/fan/image/master/5236676.png",
            "productDescription": "Limit 12 assorted.\n\n\n\n\nProduct of New Zealand",
            "volume": "250mL",
            "multipack": {
                "quantity": "1"
            }
        },
        "priceData": {
            "bestPrice": "0.99",
            "price": "0.99",
            "pricePerLitre": 3.96,
            "bestPricePerLitre": 3.96
        },
        "store": {
            "id": "ff680fec-3a34-4666-99ed-ab1a9d1c6ba0",
            "name": "New World Newtown"
        }
    },
    {
        "productData": {
            "name": "Live Plus Persist Energy Drink 250ml",
            "productId": "5236678_ea_000",
            "productShopPage": "https://www.newworld.co.nz/shop/product/5236678_ea_000nw",
            "productImageURL": "https://a.fsimg.co.nz/product/retail/fan/image/master/5236678.png",
            "productDescription": "Limit 12 assorted.\n\n\n\n\nProduct of New Zealand",
            "volume": "",
            "multipack": {
                "quantity": ""
            }
        },
        "priceData": {
            "bestPrice": "0.99",
            "price": "0.99"
        },
        "store": {
            "id": "ff680fec-3a34-4666-99ed-ab1a9d1c6ba0",
            "name": "New World Newtown"
        }
    },
    {
        "productData": {
            "name": "V Sugarfree Blue Guarana Energy Drink 500ml",
            "productId": "5283362_ea_000",
            "productShopPage": "https://www.newworld.co.nz/shop/product/5283362_ea_000nw",
            "productImageURL": "https://a.fsimg.co.nz/product/retail/fan/image/master/5283362.png",
            "productDescription": "Sugar free\n\nProduct of New Zealand",
            "volume": "500mL",
            "multipack": {
                "quantity": "1"
            }
        },
        "priceData": {
            "bestPrice": "3.49",
            "price": "3.49",
            "pricePerLitre": 7.0,
            "bestPricePerLitre": 7.0
        },
        "store": {
            "id": "ff680fec-3a34-4666-99ed-ab1a9d1c6ba0",
            "name": "New World Newtown"
        }
    },
    {
        "productData": {
            "name": "V Original Guarana Energy Drink 350ml",
            "productId": "5003156_ea_000",
            "productShopPage": "https://www.newworld.co.nz/shop/product/5003156_ea_000nw",
            "productImageURL": "https://a.fsimg.co.nz/product/retail/fan/image/master/5003156.png",
            "productDescription": "Buy 2 for $5.00.\n\n\nContains Caffeine.\n\nProduct of New Zealand",
            "volume": "350mL",
            "multipack": {
                "quantity": "1"
            }
        },
        "priceData": {
            "bestPrice": 2.5,
            "price": 2.0,
            "pricePerLitre": 5.714285714285714,
            "bestPricePerLitre": 7.142857142857143,
            "multiBuy": {
                "quantity": 2.0,
                "value": 5.0,
                "perUnit": 2.5
            }
        },
        "store": {
            "id": "ff680fec-3a34-4666-99ed-ab1a9d1c6ba0",
            "name": "New World Newtown"
        }
    },
    {
        "productData": {
            "name": "V Blue Guarana Energy Drink 350ml",
            "productId": "5007492_ea_000",
            "productShopPage": "https://www.newworld.co.nz/shop/product/5007492_ea_000nw",
            "productImageURL": "https://a.fsimg.co.nz/product/retail/fan/image/master/5007492.png",
            "productDescription": "Buy 2 for $5.00.\n\n\nContains Caffeine, Wheat Derivatives.\n\nProduct of New Zealand",
            "volume": "350mL",
            "multipack": {
                "quantity": "1"
            }
        },
        "priceData": {
            "bestPrice": 2.5,
            "price": 2.0,
            "pricePerLitre": 5.714285714285714,
            "bestPricePerLitre": 7.142857142857143,
            "multiBuy": {
                "quantity": 2.0,
                "value": 5.0,
                "perUnit": 2.5
            }
        },
        "store": {
            "id": "ff680fec-3a34-4666-99ed-ab1a9d1c6ba0",
            "name": "New World Newtown"
        }
    },
    {
        "productData": {
            "name": "V Blue Energy Drink 500ml",
            "productId": "5020662_ea_000",
            "productShopPage": "https://www.newworld.co.nz/shop/product/5020662_ea_000nw",
            "productImageURL": "https://a.fsimg.co.nz/product/retail/fan/image/master/5020662.png",
            "productDescription": "Buy 2 for $5.00.\n\n\n\n\nProduct of New Zealand",
            "volume": "500mL",
            "multipack": {
                "quantity": "1"
            }
        },
        "priceData": {
            "bestPrice": 2.5,
            "price": 2.0,
            "pricePerLitre": 4.0,
            "bestPricePerLitre": 5.0,
            "multiBuy": {
                "quantity": 2.0,
                "value": 5.0,
                "perUnit": 2.5
            }
        },
        "store": {
            "id": "ff680fec-3a34-4666-99ed-ab1a9d1c6ba0",
            "name": "New World Newtown"
        }
    },
    {
        "productData": {
            "name": "V Blue Guarana Energy Drink 500ml",
            "productId": "5007494_ea_000",
            "productShopPage": "https://www.newworld.co.nz/shop/product/5007494_ea_000nw",
            "productImageURL": "https://a.fsimg.co.nz/product/retail/fan/image/master/5007494.png",
            "productDescription": "Contains Wheat Derivatives, Caffeine.\n\nProduct of New Zealand",
            "volume": "500mL",
            "multipack": {
                "quantity": "1"
            }
        },
        "priceData": {
            "bestPrice": "3.49",
            "price": "3.49",
            "pricePerLitre": 7.0,
            "bestPricePerLitre": 7.0
        },
        "store": {
            "id": "ff680fec-3a34-4666-99ed-ab1a9d1c6ba0",
            "name": "New World Newtown"
        }
    },
    {
        "productData": {
            "name": "Red Bull Energy Drink 473ml",
            "productId": "5005255_ea_000",
            "productShopPage": "https://www.newworld.co.nz/shop/product/5005255_ea_000nw",
            "productImageURL": "https://a.fsimg.co.nz/product/retail/fan/image/master/5005255.png",
            "productDescription": "Red Bull Energy Drink's special formula contains ingredients of high quality: Caffeine, Taurine, B-Group Vitamins, Sugars, Alpine Water.One 250ml can of Red Bull Energy Drinks contains 80 mg of caffeine, about the same amount as in a cup of home-brewed coffee.The amount of sugars in a can of Red Bull Energy Drink is comparable to the level of sugars in an equivalent amount of apple or orange juice – 11 g per 100ml.Red Bull cans are made of 100% recyclable aluminium.Red Bull Energy Drink 473ml canVitalizes Body and Mind.®RED BULL GIVES YOU WINGSInspired by functional drinks from the Far East, Dietrich Mateschitz founded Red Bull in the mid-1980s. He developed a new product and a unique marketing concept and launched Red Bull Energy Drink on April 1, 1987 in Austria. A brand new product category - Energy Drinks - was born.\n\nProduct of Imported",
            "volume": "473mL",
            "multipack": {
                "quantity": "1"
            }
        },
        "priceData": {
            "bestPrice": "3.59",
            "price": "3.59",
            "pricePerLitre": 7.6,
            "bestPricePerLitre": 7.6
        },
        "store": {
            "id": "ff680fec-3a34-4666-99ed-ab1a9d1c6ba0",
            "name": "New World Newtown"
        }
    },
    {
        "productData": {
            "name": "V Original Guarana Energy Drink 250ml",
            "productId": "5003151_ea_000",
            "productShopPage": "https://www.newworld.co.nz/shop/product/5003151_ea_000nw",
            "productImageURL": "https://a.fsimg.co.nz/product/retail/fan/image/master/5003151.png",
            "productDescription": "Contains Caffeine.\n\nProduct of New Zealand",
            "volume": "250mL",
            "multipack": {
                "quantity": "1"
            }
        },
        "priceData": {
            "bestPrice": "1.99",
            "price": "1.99",
            "pricePerLitre": 8.0,
            "bestPricePerLitre": 8.0
        },
        "store": {
            "id": "ff680fec-3a34-4666-99ed-ab1a9d1c6ba0",
            "name": "New World Newtown"
        }
    },
    {
        "productData": {
            "name": "Red Bull Energy Drink 250ml Cans 4pk",
            "productId": "5001443_ea_000",
            "productShopPage": "https://www.newworld.co.nz/shop/product/5001443_ea_000nw",
            "productImageURL": "https://a.fsimg.co.nz/product/retail/fan/image/master/5001443.png",
            "productDescription": "Red Bull Energy Drink's special formula contains ingredients of high quality: Caffeine, Taurine, B-Group Vitamins, Sugars, Alpine Water.One 250ml can of Red Bull Energy Drinks contains 80 mg of caffeine, about the same amount as in a cup of home-brewed coffee.The amount of sugars in a can of Red Bull Energy Drink is comparable to the level of sugars in an equivalent amount of apple or orange juice – 11 g per 100ml.Red Bull cans are made of 100% recyclable aluminium.Pack of four 250ml Red Bull Energy Drink cansVitalizes Body and Mind.®RED BULL GIVES YOU WINGSInspired by functional drinks from the Far East, Dietrich Mateschitz founded Red Bull in the mid-1980s. He developed a new product and a unique marketing concept and launched Red Bull Energy Drink on April 1, 1987 in Austria. A brand new product category - Energy Drinks - was born.",
            "volume": "250mL",
            "multipack": {
                "quantity": "4"
            }
        },
        "priceData": {
            "bestPrice": "8.29",
            "price": "8.29",
            "pricePerLitre": 8.299999999999999,
            "bestPricePerLitre": 8.299999999999999
        },
        "store": {
            "id": "ff680fec-3a34-4666-99ed-ab1a9d1c6ba0",
            "name": "New World Newtown"
        }
    },
    {
        "productData": {
            "name": "V Green Guarana Energy Drink 710ml",
            "productId": "5030250_ea_000",
            "productShopPage": "https://www.newworld.co.nz/shop/product/5030250_ea_000nw",
            "productImageURL": "https://a.fsimg.co.nz/product/retail/fan/image/master/5030250.png",
            "productDescription": "Contains Wheat Derivatives\n\nProduct of Imported",
            "volume": "250mL",
            "multipack": {
                "quantity": "3"
            }
        },
        "priceData": {
            "bestPrice": "3.49",
            "price": "3.49",
            "pricePerLitre": 4.9,
            "bestPricePerLitre": 4.9
        },
        "store": {
            "id": "ff680fec-3a34-4666-99ed-ab1a9d1c6ba0",
            "name": "New World Newtown"
        }
    },
    {
        "productData": {
            "name": "Lucozade Orange Energy Drink 380ml",
            "productId": "5009239_ea_000",
            "productShopPage": "https://www.newworld.co.nz/shop/product/5009239_ea_000nw",
            "productImageURL": "https://a.fsimg.co.nz/product/retail/fan/image/master/5009239.png",
            "productDescription": "Powered by Glucose.\n\nProduct of New Zealand",
            "volume": "380mL",
            "multipack": {
                "quantity": "1"
            }
        },
        "priceData": {
            "bestPrice": "2.69",
            "price": "2.69",
            "pricePerLitre": 7.08,
            "bestPricePerLitre": 7.08
        },
        "store": {
            "id": "ff680fec-3a34-4666-99ed-ab1a9d1c6ba0",
            "name": "New World Newtown"
        }
    },
    {
        "productData": {
            "name": "V Pure Natural Energy Drink Glass Bottle 330ml",
            "productId": "5237753_ea_000",
            "productShopPage": "https://www.newworld.co.nz/shop/product/5237753_ea_000nw",
            "productImageURL": "https://a.fsimg.co.nz/product/retail/fan/image/master/5237753.png",
            "productDescription": "Buy 2 for $5.00.\n\n\nNothing artificial\n\nProduct of New Zealand",
            "volume": "330mL",
            "multipack": {
                "quantity": "1"
            }
        },
        "priceData": {
            "bestPrice": 2.5,
            "price": 2.0,
            "pricePerLitre": 6.0606060606060606,
            "bestPricePerLitre": 7.575757575757575,
            "multiBuy": {
                "quantity": 2.0,
                "value": 5.0,
                "perUnit": 2.5
            }
        },
        "store": {
            "id": "ff680fec-3a34-4666-99ed-ab1a9d1c6ba0",
            "name": "New World Newtown"
        }
    },
    {
        "productData": {
            "name": "Lucozade Original Energy Drink 380ml",
            "productId": "5009240_ea_000",
            "productShopPage": "https://www.newworld.co.nz/shop/product/5009240_ea_000nw",
            "productImageURL": "https://a.fsimg.co.nz/product/retail/fan/image/master/5009240.png",
            "productDescription": "Energy from Glucose.\n\nProduct of New Zealand",
            "volume": "380mL",
            "multipack": {
                "quantity": "1"
            }
        },
        "priceData": {
            "bestPrice": "2.69",
            "price": "2.69",
            "pricePerLitre": 7.08,
            "bestPricePerLitre": 7.08
        },
        "store": {
            "id": "ff680fec-3a34-4666-99ed-ab1a9d1c6ba0",
            "name": "New World Newtown"
        }
    },
    {
        "productData": {
            "name": "Rockstar Original Energy Drink 500ml",
            "productId": "5215383_ea_000",
            "productShopPage": "https://www.newworld.co.nz/shop/product/5215383_ea_000nw",
            "productImageURL": "https://a.fsimg.co.nz/product/retail/fan/image/master/5215383.png",
            "productDescription": "Buy 3 for $5.00.\n\n\nCaffeine; B vitamins; Vitamin C; Taurine; Ginseng\n\nProduct of New Zealand",
            "volume": "500mL",
            "multipack": {
                "quantity": "1"
            }
        },
        "priceData": {
            "bestPrice": 1.6666666666666667,
            "price": 1.0,
            "pricePerLitre": 2.0,
            "bestPricePerLitre": 3.3333333333333335,
            "multiBuy": {
                "quantity": 3.0,
                "value": 5.0,
                "perUnit": 1.6666666666666667
            }
        },
        "store": {
            "id": "ff680fec-3a34-4666-99ed-ab1a9d1c6ba0",
            "name": "New World Newtown"
        }
    },
    {
        "productData": {
            "name": "Monster Mango Loco Energy Drink 500ml",
            "productId": "5242374_ea_000",
            "productShopPage": "https://www.newworld.co.nz/shop/product/5242374_ea_000nw",
            "productImageURL": "https://a.fsimg.co.nz/product/retail/fan/image/master/5242374.png",
            "productDescription": "Product of Imported",
            "volume": "500mL",
            "multipack": {
                "quantity": "1"
            }
        },
        "priceData": {
            "bestPrice": "2.99",
            "price": "2.99",
            "pricePerLitre": 6.0,
            "bestPricePerLitre": 6.0
        },
        "store": {
            "id": "ff680fec-3a34-4666-99ed-ab1a9d1c6ba0",
            "name": "New World Newtown"
        }
    },
    {
        "productData": {
            "name": "Monster Ultra Paradise Energy Drink 500ml",
            "productId": "5261257_ea_000",
            "productShopPage": "https://www.newworld.co.nz/shop/product/5261257_ea_000nw",
            "productImageURL": "https://a.fsimg.co.nz/product/retail/fan/image/master/5261257.png",
            "productDescription": "Product of Imported",
            "volume": "500mL",
            "multipack": {
                "quantity": "1"
            }
        },
        "priceData": {
            "bestPrice": "2.99",
            "price": "2.99",
            "pricePerLitre": 6.0,
            "bestPricePerLitre": 6.0
        },
        "store": {
            "id": "ff680fec-3a34-4666-99ed-ab1a9d1c6ba0",
            "name": "New World Newtown"
        }
    },
    {
        "productData": {
            "name": "Monster Ultra Zero Drink 500ml",
            "productId": "5090618_ea_000",
            "productShopPage": "https://www.newworld.co.nz/shop/product/5090618_ea_000nw",
            "productImageURL": "https://a.fsimg.co.nz/product/retail/fan/image/master/5090618.png",
            "productDescription": "A little less sweet, lighter-tasting, zero calories, but with a full load of our Monster energy blend. Sure, white is the new black. Monster Energy Zero Ultra. Unleash the Ultra Beast!\n\nProduct of Imported",
            "volume": "500mL",
            "multipack": {
                "quantity": "1"
            }
        },
        "priceData": {
            "bestPrice": "2.99",
            "price": "2.99",
            "pricePerLitre": 6.0,
            "bestPricePerLitre": 6.0
        },
        "store": {
            "id": "ff680fec-3a34-4666-99ed-ab1a9d1c6ba0",
            "name": "New World Newtown"
        }
    },
    {
        "productData": {
            "name": "Monster Super Fuel Zero Sugar Energy Drink 550ml",
            "productId": "5284331_ea_000",
            "productShopPage": "https://www.newworld.co.nz/shop/product/5284331_ea_000nw",
            "productImageURL": "https://a.fsimg.co.nz/product/retail/fan/image/master/5284331.png",
            "productDescription": "Product of Imported",
            "volume": "550mL",
            "multipack": {
                "quantity": "1"
            }
        },
        "priceData": {
            "bestPrice": "3.49",
            "price": "3.49",
            "pricePerLitre": 6.345454545454546,
            "bestPricePerLitre": 6.345454545454546
        },
        "store": {
            "id": "ff680fec-3a34-4666-99ed-ab1a9d1c6ba0",
            "name": "New World Newtown"
        }
    },
    {
        "productData": {
            "name": "Mother Energy Drink Can 500ml",
            "productId": "5011153_ea_000",
            "productShopPage": "https://www.newworld.co.nz/shop/product/5011153_ea_000nw",
            "productImageURL": "https://a.fsimg.co.nz/product/retail/fan/image/master/5011153.png",
            "productDescription": "Contains Caffeine.\n\nProduct of New Zealand",
            "volume": "500mL",
            "multipack": {
                "quantity": "1"
            }
        },
        "priceData": {
            "bestPrice": "1.99",
            "price": "1.99",
            "pricePerLitre": 4.0,
            "bestPricePerLitre": 4.0
        },
        "store": {
            "id": "ff680fec-3a34-4666-99ed-ab1a9d1c6ba0",
            "name": "New World Newtown"
        }
    },
    {
        "productData": {
            "name": "Monster Super Fuel Purple Passion Energy Drink 550ml",
            "productId": "5284332_ea_000",
            "productShopPage": "https://www.newworld.co.nz/shop/product/5284332_ea_000nw",
            "productImageURL": "https://a.fsimg.co.nz/product/retail/fan/image/master/5284332.png",
            "productDescription": "Product of Imported",
            "volume": "550mL",
            "multipack": {
                "quantity": "1"
            }
        },
        "priceData": {
            "bestPrice": "3.49",
            "price": "3.49",
            "pricePerLitre": 6.345454545454546,
            "bestPricePerLitre": 6.345454545454546
        },
        "store": {
            "id": "ff680fec-3a34-4666-99ed-ab1a9d1c6ba0",
            "name": "New World Newtown"
        }
    },
    {
        "productData": {
            "name": "Mother Energy Drink Can 6pk",
            "productId": "5009490_ea_000",
            "productShopPage": "https://www.newworld.co.nz/shop/product/5009490_ea_000nw",
            "productImageURL": "https://a.fsimg.co.nz/product/retail/fan/image/master/5009490.png",
            "productDescription": "Contains Caffeine.\n\nProduct of New Zealand",
            "volume": "250mL",
            "multipack": {
                "quantity": "6"
            }
        },
        "priceData": {
            "bestPrice": "7.49",
            "price": "7.49",
            "pricePerLitre": 5.0,
            "bestPricePerLitre": 5.0
        },
        "store": {
            "id": "ff680fec-3a34-4666-99ed-ab1a9d1c6ba0",
            "name": "New World Newtown"
        }
    },
    {
        "productData": {
            "name": "Monster Pipeline Punch Energy Drink 500ml",
            "productId": "5242373_ea_000",
            "productShopPage": "https://www.newworld.co.nz/shop/product/5242373_ea_000nw",
            "productImageURL": "https://a.fsimg.co.nz/product/retail/fan/image/master/5242373.png",
            "productDescription": "Product of Imported",
            "volume": "500mL",
            "multipack": {
                "quantity": "1"
            }
        },
        "priceData": {
            "bestPrice": "2.99",
            "price": "2.99",
            "pricePerLitre": 6.0,
            "bestPricePerLitre": 6.0
        },
        "store": {
            "id": "ff680fec-3a34-4666-99ed-ab1a9d1c6ba0",
            "name": "New World Newtown"
        }
    },
    {
        "productData": {
            "name": "Monster Energy Drink 500ml",
            "productId": "5007647_ea_000",
            "productShopPage": "https://www.newworld.co.nz/shop/product/5007647_ea_000nw",
            "productImageURL": "https://a.fsimg.co.nz/product/retail/fan/image/master/5007647.png",
            "productDescription": "Contains Caffeine.\n\nProduct of Imported",
            "volume": "500mL",
            "multipack": {
                "quantity": "1"
            }
        },
        "priceData": {
            "bestPrice": "2.99",
            "price": "2.99",
            "pricePerLitre": 6.0,
            "bestPricePerLitre": 6.0
        },
        "store": {
            "id": "ff680fec-3a34-4666-99ed-ab1a9d1c6ba0",
            "name": "New World Newtown"
        }
    },
    {
        "productData": {
            "name": "Monster Energy Drink 4pk",
            "productId": "5107264_ea_000",
            "productShopPage": "https://www.newworld.co.nz/shop/product/5107264_ea_000nw",
            "productImageURL": "https://a.fsimg.co.nz/product/retail/fan/image/master/5107264.png",
            "productDescription": "Product of Imported",
            "volume": "",
            "multipack": {
                "quantity": ""
            }
        },
        "priceData": {
            "bestPrice": "11.99",
            "price": "11.99",
            "pricePerLitre": 6.0,
            "bestPricePerLitre": 6.0
        },
        "store": {
            "id": "ff680fec-3a34-4666-99ed-ab1a9d1c6ba0",
            "name": "New World Newtown"
        }
    },
    {
        "productData": {
            "name": "V Sugarfree Guarana Energy Drink 500ml",
            "productId": "5007644_ea_000",
            "productShopPage": "https://www.newworld.co.nz/shop/product/5007644_ea_000nw",
            "productImageURL": "https://a.fsimg.co.nz/product/retail/fan/image/master/5007644.png",
            "productDescription": "Sugar Free.\n\nProduct of New Zealand",
            "volume": "500mL",
            "multipack": {
                "quantity": "1"
            }
        },
        "priceData": {
            "bestPrice": "3.49",
            "price": "3.49",
            "pricePerLitre": 7.0,
            "bestPricePerLitre": 7.0
        },
        "store": {
            "id": "ff680fec-3a34-4666-99ed-ab1a9d1c6ba0",
            "name": "New World Newtown"
        }
    },
    {
        "productData": {
            "name": "V Original Guarana Energy Drink 500ml",
            "productId": "5004703_ea_000",
            "productShopPage": "https://www.newworld.co.nz/shop/product/5004703_ea_000nw",
            "productImageURL": "https://a.fsimg.co.nz/product/retail/fan/image/master/5004703.png",
            "productDescription": "Contains Caffeine.\n\nProduct of New Zealand",
            "volume": "500mL",
            "multipack": {
                "quantity": "1"
            }
        },
        "priceData": {
            "bestPrice": "3.49",
            "price": "3.49",
            "pricePerLitre": 7.0,
            "bestPricePerLitre": 7.0
        },
        "store": {
            "id": "ff680fec-3a34-4666-99ed-ab1a9d1c6ba0",
            "name": "New World Newtown"
        }
    },
    {
        "productData": {
            "name": "V Original Guarana Energy Drink 500ml",
            "productId": "5007441_ea_000",
            "productShopPage": "https://www.newworld.co.nz/shop/product/5007441_ea_000nw",
            "productImageURL": "https://a.fsimg.co.nz/product/retail/fan/image/master/5007441.png",
            "productDescription": "Buy 2 for $5.00.\n\n\nContains Wheat Derivatives, Caffeine.\n\nProduct of New Zealand",
            "volume": "500mL",
            "multipack": {
                "quantity": "1"
            }
        },
        "priceData": {
            "bestPrice": 2.5,
            "price": 2.0,
            "pricePerLitre": 4.0,
            "bestPricePerLitre": 5.0,
            "multiBuy": {
                "quantity": 2.0,
                "value": 5.0,
                "perUnit": 2.5
            }
        },
        "store": {
            "id": "ff680fec-3a34-4666-99ed-ab1a9d1c6ba0",
            "name": "New World Newtown"
        }
    },
    {
        "productData": {
            "name": "V Blue Guarana Energy Drink 250ml",
            "productId": "5007495_ea_000",
            "productShopPage": "https://www.newworld.co.nz/shop/product/5007495_ea_000nw",
            "productImageURL": "https://a.fsimg.co.nz/product/retail/fan/image/master/5007495.png",
            "productDescription": "Contains Caffeine, Wheat Derivatives.\n\nProduct of New Zealand",
            "volume": "250mL",
            "multipack": {
                "quantity": "1"
            }
        },
        "priceData": {
            "bestPrice": "1.99",
            "price": "1.99",
            "pricePerLitre": 8.0,
            "bestPricePerLitre": 8.0
        },
        "store": {
            "id": "b525d98f-8df5-415f-837e-abb793821e1e",
            "name": "New World Stokes Valley"
        }
    },
    {
        "productData": {
            "name": "V Sugarfree Guarana Energy Drink 250ml",
            "productId": "5001639_ea_000",
            "productShopPage": "https://www.newworld.co.nz/shop/product/5001639_ea_000nw",
            "productImageURL": "https://a.fsimg.co.nz/product/retail/fan/image/master/5001639.png",
            "productDescription": "Sugar Free. Contains Caffeine.\n\nProduct of New Zealand",
            "volume": "250mL",
            "multipack": {
                "quantity": "1"
            }
        },
        "priceData": {
            "bestPrice": "1.99",
            "price": "1.99",
            "pricePerLitre": 8.0,
            "bestPricePerLitre": 8.0
        },
        "store": {
            "id": "b525d98f-8df5-415f-837e-abb793821e1e",
            "name": "New World Stokes Valley"
        }
    },
    {
        "productData": {
            "name": "Monster Energy Drink 550ml",
            "productId": "5007646_ea_000",
            "productShopPage": "https://www.newworld.co.nz/shop/product/5007646_ea_000nw",
            "productImageURL": "https://a.fsimg.co.nz/product/retail/fan/image/master/5007646.png",
            "productDescription": "Contains Caffeine.\n\nProduct of Imported",
            "volume": "550mL",
            "multipack": {
                "quantity": "1"
            }
        },
        "priceData": {
            "bestPrice": "3.69",
            "price": "3.69",
            "pricePerLitre": 6.7,
            "bestPricePerLitre": 6.7
        },
        "store": {
            "id": "b525d98f-8df5-415f-837e-abb793821e1e",
            "name": "New World Stokes Valley"
        }
    },
    {
        "productData": {
            "name": "Live Plus Tart Apple Energy Drink 250ml",
            "productId": "5236676_ea_000",
            "productShopPage": "https://www.newworld.co.nz/shop/product/5236676_ea_000nw",
            "productImageURL": "https://a.fsimg.co.nz/product/retail/fan/image/master/5236676.png",
            "productDescription": "Limit 12 assorted.\n\n\n\n\nProduct of New Zealand",
            "volume": "250mL",
            "multipack": {
                "quantity": "1"
            }
        },
        "priceData": {
            "bestPrice": "0.99",
            "price": "0.99",
            "pricePerLitre": 3.96,
            "bestPricePerLitre": 3.96
        },
        "store": {
            "id": "b525d98f-8df5-415f-837e-abb793821e1e",
            "name": "New World Stokes Valley"
        }
    },
    {
        "productData": {
            "name": "Live Plus Persist Energy Drink 250ml",
            "productId": "5236678_ea_000",
            "productShopPage": "https://www.newworld.co.nz/shop/product/5236678_ea_000nw",
            "productImageURL": "https://a.fsimg.co.nz/product/retail/fan/image/master/5236678.png",
            "productDescription": "Limit 12 assorted.\n\n\n\n\nProduct of New Zealand",
            "volume": "",
            "multipack": {
                "quantity": ""
            }
        },
        "priceData": {
            "bestPrice": "0.99",
            "price": "0.99"
        },
        "store": {
            "id": "b525d98f-8df5-415f-837e-abb793821e1e",
            "name": "New World Stokes Valley"
        }
    },
    {
        "productData": {
            "name": "V Original Guarana Energy Drink 350ml",
            "productId": "5003156_ea_000",
            "productShopPage": "https://www.newworld.co.nz/shop/product/5003156_ea_000nw",
            "productImageURL": "https://a.fsimg.co.nz/product/retail/fan/image/master/5003156.png",
            "productDescription": "Buy 2 for $5.00.\n\n\nContains Caffeine.\n\nProduct of New Zealand",
            "volume": "350mL",
            "multipack": {
                "quantity": "1"
            }
        },
        "priceData": {
            "bestPrice": 2.5,
            "price": 2.0,
            "pricePerLitre": 5.714285714285714,
            "bestPricePerLitre": 7.142857142857143,
            "multiBuy": {
                "quantity": 2.0,
                "value": 5.0,
                "perUnit": 2.5
            }
        },
        "store": {
            "id": "b525d98f-8df5-415f-837e-abb793821e1e",
            "name": "New World Stokes Valley"
        }
    },
    {
        "productData": {
            "name": "V Blue Guarana Energy Drink 350ml",
            "productId": "5007492_ea_000",
            "productShopPage": "https://www.newworld.co.nz/shop/product/5007492_ea_000nw",
            "productImageURL": "https://a.fsimg.co.nz/product/retail/fan/image/master/5007492.png",
            "productDescription": "Buy 2 for $5.00.\n\n\nContains Caffeine, Wheat Derivatives.\n\nProduct of New Zealand",
            "volume": "350mL",
            "multipack": {
                "quantity": "1"
            }
        },
        "priceData": {
            "bestPrice": 2.5,
            "price": 2.0,
            "pricePerLitre": 5.714285714285714,
            "bestPricePerLitre": 7.142857142857143,
            "multiBuy": {
                "quantity": 2.0,
                "value": 5.0,
                "perUnit": 2.5
            }
        },
        "store": {
            "id": "b525d98f-8df5-415f-837e-abb793821e1e",
            "name": "New World Stokes Valley"
        }
    },
    {
        "productData": {
            "name": "V Blue Energy Drink 500ml",
            "productId": "5020662_ea_000",
            "productShopPage": "https://www.newworld.co.nz/shop/product/5020662_ea_000nw",
            "productImageURL": "https://a.fsimg.co.nz/product/retail/fan/image/master/5020662.png",
            "productDescription": "Buy 2 for $5.00.\n\n\n\n\nProduct of New Zealand",
            "volume": "500mL",
            "multipack": {
                "quantity": "1"
            }
        },
        "priceData": {
            "bestPrice": 2.5,
            "price": 2.0,
            "pricePerLitre": 4.0,
            "bestPricePerLitre": 5.0,
            "multiBuy": {
                "quantity": 2.0,
                "value": 5.0,
                "perUnit": 2.5
            }
        },
        "store": {
            "id": "b525d98f-8df5-415f-837e-abb793821e1e",
            "name": "New World Stokes Valley"
        }
    },
    {
        "productData": {
            "name": "V Blue Guarana Energy Drink 500ml",
            "productId": "5007494_ea_000",
            "productShopPage": "https://www.newworld.co.nz/shop/product/5007494_ea_000nw",
            "productImageURL": "https://a.fsimg.co.nz/product/retail/fan/image/master/5007494.png",
            "productDescription": "Contains Wheat Derivatives, Caffeine.\n\nProduct of New Zealand",
            "volume": "500mL",
            "multipack": {
                "quantity": "1"
            }
        },
        "priceData": {
            "bestPrice": "3.49",
            "price": "3.49",
            "pricePerLitre": 7.0,
            "bestPricePerLitre": 7.0
        },
        "store": {
            "id": "b525d98f-8df5-415f-837e-abb793821e1e",
            "name": "New World Stokes Valley"
        }
    },
    {
        "productData": {
            "name": "Red Bull Energy Drink 473ml",
            "productId": "5005255_ea_000",
            "productShopPage": "https://www.newworld.co.nz/shop/product/5005255_ea_000nw",
            "productImageURL": "https://a.fsimg.co.nz/product/retail/fan/image/master/5005255.png",
            "productDescription": "Red Bull Energy Drink's special formula contains ingredients of high quality: Caffeine, Taurine, B-Group Vitamins, Sugars, Alpine Water.One 250ml can of Red Bull Energy Drinks contains 80 mg of caffeine, about the same amount as in a cup of home-brewed coffee.The amount of sugars in a can of Red Bull Energy Drink is comparable to the level of sugars in an equivalent amount of apple or orange juice – 11 g per 100ml.Red Bull cans are made of 100% recyclable aluminium.Red Bull Energy Drink 473ml canVitalizes Body and Mind.®RED BULL GIVES YOU WINGSInspired by functional drinks from the Far East, Dietrich Mateschitz founded Red Bull in the mid-1980s. He developed a new product and a unique marketing concept and launched Red Bull Energy Drink on April 1, 1987 in Austria. A brand new product category - Energy Drinks - was born.\n\nProduct of Imported",
            "volume": "473mL",
            "multipack": {
                "quantity": "1"
            }
        },
        "priceData": {
            "bestPrice": "3.59",
            "price": "3.59",
            "pricePerLitre": 7.6,
            "bestPricePerLitre": 7.6
        },
        "store": {
            "id": "b525d98f-8df5-415f-837e-abb793821e1e",
            "name": "New World Stokes Valley"
        }
    },
    {
        "productData": {
            "name": "V Original Guarana Energy Drink 250ml",
            "productId": "5003151_ea_000",
            "productShopPage": "https://www.newworld.co.nz/shop/product/5003151_ea_000nw",
            "productImageURL": "https://a.fsimg.co.nz/product/retail/fan/image/master/5003151.png",
            "productDescription": "Contains Caffeine.\n\nProduct of New Zealand",
            "volume": "250mL",
            "multipack": {
                "quantity": "1"
            }
        },
        "priceData": {
            "bestPrice": "1.99",
            "price": "1.99",
            "pricePerLitre": 8.0,
            "bestPricePerLitre": 8.0
        },
        "store": {
            "id": "b525d98f-8df5-415f-837e-abb793821e1e",
            "name": "New World Stokes Valley"
        }
    },
    {
        "productData": {
            "name": "Red Bull Energy Drink 250ml Cans 4pk",
            "productId": "5001443_ea_000",
            "productShopPage": "https://www.newworld.co.nz/shop/product/5001443_ea_000nw",
            "productImageURL": "https://a.fsimg.co.nz/product/retail/fan/image/master/5001443.png",
            "productDescription": "Red Bull Energy Drink's special formula contains ingredients of high quality: Caffeine, Taurine, B-Group Vitamins, Sugars, Alpine Water.One 250ml can of Red Bull Energy Drinks contains 80 mg of caffeine, about the same amount as in a cup of home-brewed coffee.The amount of sugars in a can of Red Bull Energy Drink is comparable to the level of sugars in an equivalent amount of apple or orange juice – 11 g per 100ml.Red Bull cans are made of 100% recyclable aluminium.Pack of four 250ml Red Bull Energy Drink cansVitalizes Body and Mind.®RED BULL GIVES YOU WINGSInspired by functional drinks from the Far East, Dietrich Mateschitz founded Red Bull in the mid-1980s. He developed a new product and a unique marketing concept and launched Red Bull Energy Drink on April 1, 1987 in Austria. A brand new product category - Energy Drinks - was born.",
            "volume": "250mL",
            "multipack": {
                "quantity": "4"
            }
        },
        "priceData": {
            "bestPrice": "8.29",
            "price": "8.29",
            "pricePerLitre": 8.299999999999999,
            "bestPricePerLitre": 8.299999999999999
        },
        "store": {
            "id": "b525d98f-8df5-415f-837e-abb793821e1e",
            "name": "New World Stokes Valley"
        }
    },
    {
        "productData": {
            "name": "Lucozade Orange Energy Drink 380ml",
            "productId": "5009239_ea_000",
            "productShopPage": "https://www.newworld.co.nz/shop/product/5009239_ea_000nw",
            "productImageURL": "https://a.fsimg.co.nz/product/retail/fan/image/master/5009239.png",
            "productDescription": "Powered by Glucose.\n\nProduct of New Zealand",
            "volume": "380mL",
            "multipack": {
                "quantity": "1"
            }
        },
        "priceData": {
            "bestPrice": "2.69",
            "price": "2.69",
            "pricePerLitre": 7.08,
            "bestPricePerLitre": 7.08
        },
        "store": {
            "id": "b525d98f-8df5-415f-837e-abb793821e1e",
            "name": "New World Stokes Valley"
        }
    },
    {
        "productData": {
            "name": "Rockstar Watermelon Freeze Energy Drink 500ml",
            "productId": "5257298_ea_000",
            "productShopPage": "https://www.newworld.co.nz/shop/product/5257298_ea_000nw",
            "productImageURL": "https://a.fsimg.co.nz/product/retail/fan/image/master/5257298.png",
            "productDescription": "Buy 3 for $5.00.\n\n\n\n\nProduct of New Zealand",
            "volume": "500mL",
            "multipack": {
                "quantity": "1"
            }
        },
        "priceData": {
            "bestPrice": 1.6666666666666667,
            "price": 1.0,
            "pricePerLitre": 2.0,
            "bestPricePerLitre": 3.3333333333333335,
            "multiBuy": {
                "quantity": 3.0,
                "value": 5.0,
                "perUnit": 1.6666666666666667
            }
        },
        "store": {
            "id": "b525d98f-8df5-415f-837e-abb793821e1e",
            "name": "New World Stokes Valley"
        }
    },
    {
        "productData": {
            "name": "V Raspberry Lemonade Can 500ml",
            "productId": "5264523_ea_000",
            "productShopPage": "https://www.newworld.co.nz/shop/product/5264523_ea_000nw",
            "productImageURL": "https://a.fsimg.co.nz/product/retail/fan/image/master/5264523.png",
            "productDescription": "Product of New Zealand",
            "volume": "500mL",
            "multipack": {
                "quantity": "1"
            }
        },
        "priceData": {
            "bestPrice": "3.49",
            "price": "3.49",
            "pricePerLitre": 7.0,
            "bestPricePerLitre": 7.0
        },
        "store": {
            "id": "b525d98f-8df5-415f-837e-abb793821e1e",
            "name": "New World Stokes Valley"
        }
    },
    {
        "productData": {
            "name": "Monster Mango Loco Energy Drink 500ml",
            "productId": "5242374_ea_000",
            "productShopPage": "https://www.newworld.co.nz/shop/product/5242374_ea_000nw",
            "productImageURL": "https://a.fsimg.co.nz/product/retail/fan/image/master/5242374.png",
            "productDescription": "Product of Imported",
            "volume": "500mL",
            "multipack": {
                "quantity": "1"
            }
        },
        "priceData": {
            "bestPrice": "2.99",
            "price": "2.99",
            "pricePerLitre": 6.0,
            "bestPricePerLitre": 6.0
        },
        "store": {
            "id": "b525d98f-8df5-415f-837e-abb793821e1e",
            "name": "New World Stokes Valley"
        }
    },
    {
        "productData": {
            "name": "Monster Zero Sugar Ultra Rosa Energy Drink 500ml",
            "productId": "5278094_ea_000",
            "productShopPage": "https://www.newworld.co.nz/shop/product/5278094_ea_000nw",
            "productImageURL": "https://a.fsimg.co.nz/product/retail/fan/image/master/5278094.png",
            "productDescription": "Product of Imported",
            "volume": "500mL",
            "multipack": {
                "quantity": "1"
            }
        },
        "priceData": {
            "bestPrice": "2.99",
            "price": "2.99",
            "pricePerLitre": 6.0,
            "bestPricePerLitre": 6.0
        },
        "store": {
            "id": "b525d98f-8df5-415f-837e-abb793821e1e",
            "name": "New World Stokes Valley"
        }
    },
    {
        "productData": {
            "name": "Monster Ultra Paradise Energy Drink 500ml",
            "productId": "5261257_ea_000",
            "productShopPage": "https://www.newworld.co.nz/shop/product/5261257_ea_000nw",
            "productImageURL": "https://a.fsimg.co.nz/product/retail/fan/image/master/5261257.png",
            "productDescription": "Product of Imported",
            "volume": "500mL",
            "multipack": {
                "quantity": "1"
            }
        },
        "priceData": {
            "bestPrice": "2.99",
            "price": "2.99",
            "pricePerLitre": 6.0,
            "bestPricePerLitre": 6.0
        },
        "store": {
            "id": "b525d98f-8df5-415f-837e-abb793821e1e",
            "name": "New World Stokes Valley"
        }
    },
    {
        "productData": {
            "name": "Monster Ultra Zero Drink 500ml",
            "productId": "5090618_ea_000",
            "productShopPage": "https://www.newworld.co.nz/shop/product/5090618_ea_000nw",
            "productImageURL": "https://a.fsimg.co.nz/product/retail/fan/image/master/5090618.png",
            "productDescription": "A little less sweet, lighter-tasting, zero calories, but with a full load of our Monster energy blend. Sure, white is the new black. Monster Energy Zero Ultra. Unleash the Ultra Beast!\n\nProduct of Imported",
            "volume": "500mL",
            "multipack": {
                "quantity": "1"
            }
        },
        "priceData": {
            "bestPrice": "2.99",
            "price": "2.99",
            "pricePerLitre": 6.0,
            "bestPricePerLitre": 6.0
        },
        "store": {
            "id": "b525d98f-8df5-415f-837e-abb793821e1e",
            "name": "New World Stokes Valley"
        }
    },
    {
        "productData": {
            "name": "Monster Super Fuel Zero Sugar Energy Drink 550ml",
            "productId": "5284331_ea_000",
            "productShopPage": "https://www.newworld.co.nz/shop/product/5284331_ea_000nw",
            "productImageURL": "https://a.fsimg.co.nz/product/retail/fan/image/master/5284331.png",
            "productDescription": "Product of Imported",
            "volume": "550mL",
            "multipack": {
                "quantity": "1"
            }
        },
        "priceData": {
            "bestPrice": "3.49",
            "price": "3.49",
            "pricePerLitre": 6.345454545454546,
            "bestPricePerLitre": 6.345454545454546
        },
        "store": {
            "id": "b525d98f-8df5-415f-837e-abb793821e1e",
            "name": "New World Stokes Valley"
        }
    },
    {
        "productData": {
            "name": "Mother Energy Drink Can 500ml",
            "productId": "5011153_ea_000",
            "productShopPage": "https://www.newworld.co.nz/shop/product/5011153_ea_000nw",
            "productImageURL": "https://a.fsimg.co.nz/product/retail/fan/image/master/5011153.png",
            "productDescription": "Contains Caffeine.\n\nProduct of New Zealand",
            "volume": "500mL",
            "multipack": {
                "quantity": "1"
            }
        },
        "priceData": {
            "bestPrice": "1.99",
            "price": "1.99",
            "pricePerLitre": 4.0,
            "bestPricePerLitre": 4.0
        },
        "store": {
            "id": "b525d98f-8df5-415f-837e-abb793821e1e",
            "name": "New World Stokes Valley"
        }
    },
    {
        "productData": {
            "name": "Monster Super Fuel Purple Passion Energy Drink 550ml",
            "productId": "5284332_ea_000",
            "productShopPage": "https://www.newworld.co.nz/shop/product/5284332_ea_000nw",
            "productImageURL": "https://a.fsimg.co.nz/product/retail/fan/image/master/5284332.png",
            "productDescription": "Product of Imported",
            "volume": "550mL",
            "multipack": {
                "quantity": "1"
            }
        },
        "priceData": {
            "bestPrice": "3.49",
            "price": "3.49",
            "pricePerLitre": 6.345454545454546,
            "bestPricePerLitre": 6.345454545454546
        },
        "store": {
            "id": "b525d98f-8df5-415f-837e-abb793821e1e",
            "name": "New World Stokes Valley"
        }
    },
    {
        "productData": {
            "name": "Monster Energy Drink 500ml",
            "productId": "5007647_ea_000",
            "productShopPage": "https://www.newworld.co.nz/shop/product/5007647_ea_000nw",
            "productImageURL": "https://a.fsimg.co.nz/product/retail/fan/image/master/5007647.png",
            "productDescription": "Contains Caffeine.\n\nProduct of Imported",
            "volume": "500mL",
            "multipack": {
                "quantity": "1"
            }
        },
        "priceData": {
            "bestPrice": "2.99",
            "price": "2.99",
            "pricePerLitre": 6.0,
            "bestPricePerLitre": 6.0
        },
        "store": {
            "id": "b525d98f-8df5-415f-837e-abb793821e1e",
            "name": "New World Stokes Valley"
        }
    },
    {
        "productData": {
            "name": "V Sugarfree Guarana Energy Drink 500ml",
            "productId": "5007644_ea_000",
            "productShopPage": "https://www.newworld.co.nz/shop/product/5007644_ea_000nw",
            "productImageURL": "https://a.fsimg.co.nz/product/retail/fan/image/master/5007644.png",
            "productDescription": "Sugar Free.\n\nProduct of New Zealand",
            "volume": "500mL",
            "multipack": {
                "quantity": "1"
            }
        },
        "priceData": {
            "bestPrice": "3.49",
            "price": "3.49",
            "pricePerLitre": 7.0,
            "bestPricePerLitre": 7.0
        },
        "store": {
            "id": "b525d98f-8df5-415f-837e-abb793821e1e",
            "name": "New World Stokes Valley"
        }
    },
    {
        "productData": {
            "name": "V Original Guarana Energy Drink 500ml",
            "productId": "5004703_ea_000",
            "productShopPage": "https://www.newworld.co.nz/shop/product/5004703_ea_000nw",
            "productImageURL": "https://a.fsimg.co.nz/product/retail/fan/image/master/5004703.png",
            "productDescription": "Contains Caffeine.\n\nProduct of New Zealand",
            "volume": "500mL",
            "multipack": {
                "quantity": "1"
            }
        },
        "priceData": {
            "bestPrice": "3.49",
            "price": "3.49",
            "pricePerLitre": 7.0,
            "bestPricePerLitre": 7.0
        },
        "store": {
            "id": "b525d98f-8df5-415f-837e-abb793821e1e",
            "name": "New World Stokes Valley"
        }
    },
    {
        "productData": {
            "name": "V Original Guarana Energy Drink 500ml",
            "productId": "5007441_ea_000",
            "productShopPage": "https://www.newworld.co.nz/shop/product/5007441_ea_000nw",
            "productImageURL": "https://a.fsimg.co.nz/product/retail/fan/image/master/5007441.png",
            "productDescription": "Buy 2 for $5.00.\n\n\nContains Wheat Derivatives, Caffeine.\n\nProduct of New Zealand",
            "volume": "500mL",
            "multipack": {
                "quantity": "1"
            }
        },
        "priceData": {
            "bestPrice": 2.5,
            "price": 2.0,
            "pricePerLitre": 4.0,
            "bestPricePerLitre": 5.0,
            "multiBuy": {
                "quantity": 2.0,
                "value": 5.0,
                "perUnit": 2.5
            }
        },
        "store": {
            "id": "b525d98f-8df5-415f-837e-abb793821e1e",
            "name": "New World Stokes Valley"
        }
    },
    {
        "productData": {
            "name": "V Blue Guarana Energy Drink 250ml",
            "productId": "5007495_ea_000",
            "productShopPage": "https://www.newworld.co.nz/shop/product/5007495_ea_000nw",
            "productImageURL": "https://a.fsimg.co.nz/product/retail/fan/image/master/5007495.png",
            "productDescription": "Contains Caffeine, Wheat Derivatives.\n\nProduct of New Zealand",
            "volume": "250mL",
            "multipack": {
                "quantity": "1"
            }
        },
        "priceData": {
            "bestPrice": "1.99",
            "price": "1.99",
            "pricePerLitre": 8.0,
            "bestPricePerLitre": 8.0
        },
        "store": {
            "id": "c15270b3-4ced-4b8e-be01-16b9fc31c4c7",
            "name": "New World Tokoroa"
        }
    },
    {
        "productData": {
            "name": "V Sugarfree Guarana Energy Drink 250ml",
            "productId": "5001639_ea_000",
            "productShopPage": "https://www.newworld.co.nz/shop/product/5001639_ea_000nw",
            "productImageURL": "https://a.fsimg.co.nz/product/retail/fan/image/master/5001639.png",
            "productDescription": "Sugar Free. Contains Caffeine.\n\nProduct of New Zealand",
            "volume": "250mL",
            "multipack": {
                "quantity": "1"
            }
        },
        "priceData": {
            "bestPrice": "1.99",
            "price": "1.99",
            "pricePerLitre": 8.0,
            "bestPricePerLitre": 8.0
        },
        "store": {
            "id": "c15270b3-4ced-4b8e-be01-16b9fc31c4c7",
            "name": "New World Tokoroa"
        }
    },
    {
        "productData": {
            "name": "Live Plus Ascend Energy Drink 250ml",
            "productId": "5236675_ea_000",
            "productShopPage": "https://www.newworld.co.nz/shop/product/5236675_ea_000nw",
            "productImageURL": "https://a.fsimg.co.nz/product/retail/fan/image/master/5236675.png",
            "productDescription": "Limit 12 assorted.\n\n\n\n\nProduct of New Zealand",
            "volume": "",
            "multipack": {
                "quantity": ""
            }
        },
        "priceData": {
            "bestPrice": "0.99",
            "price": "0.99"
        },
        "store": {
            "id": "c15270b3-4ced-4b8e-be01-16b9fc31c4c7",
            "name": "New World Tokoroa"
        }
    },
    {
        "productData": {
            "name": "Live Plus Tart Apple Energy Drink 250ml",
            "productId": "5236676_ea_000",
            "productShopPage": "https://www.newworld.co.nz/shop/product/5236676_ea_000nw",
            "productImageURL": "https://a.fsimg.co.nz/product/retail/fan/image/master/5236676.png",
            "productDescription": "Limit 12 assorted.\n\n\n\n\nProduct of New Zealand",
            "volume": "250mL",
            "multipack": {
                "quantity": "1"
            }
        },
        "priceData": {
            "bestPrice": "0.99",
            "price": "0.99",
            "pricePerLitre": 3.96,
            "bestPricePerLitre": 3.96
        },
        "store": {
            "id": "c15270b3-4ced-4b8e-be01-16b9fc31c4c7",
            "name": "New World Tokoroa"
        }
    },
    {
        "productData": {
            "name": "Live Plus Persist Energy Drink 250ml",
            "productId": "5236678_ea_000",
            "productShopPage": "https://www.newworld.co.nz/shop/product/5236678_ea_000nw",
            "productImageURL": "https://a.fsimg.co.nz/product/retail/fan/image/master/5236678.png",
            "productDescription": "Limit 12 assorted.\n\n\n\n\nProduct of New Zealand",
            "volume": "",
            "multipack": {
                "quantity": ""
            }
        },
        "priceData": {
            "bestPrice": "0.99",
            "price": "0.99"
        },
        "store": {
            "id": "c15270b3-4ced-4b8e-be01-16b9fc31c4c7",
            "name": "New World Tokoroa"
        }
    },
    {
        "productData": {
            "name": "V Sugarfree Blue Guarana Energy Drink 500ml",
            "productId": "5283362_ea_000",
            "productShopPage": "https://www.newworld.co.nz/shop/product/5283362_ea_000nw",
            "productImageURL": "https://a.fsimg.co.nz/product/retail/fan/image/master/5283362.png",
            "productDescription": "Sugar free\n\nProduct of New Zealand",
            "volume": "500mL",
            "multipack": {
                "quantity": "1"
            }
        },
        "priceData": {
            "bestPrice": "3.49",
            "price": "3.49",
            "pricePerLitre": 7.0,
            "bestPricePerLitre": 7.0
        },
        "store": {
            "id": "c15270b3-4ced-4b8e-be01-16b9fc31c4c7",
            "name": "New World Tokoroa"
        }
    },
    {
        "productData": {
            "name": "V Original Guarana Energy Drink 350ml",
            "productId": "5003156_ea_000",
            "productShopPage": "https://www.newworld.co.nz/shop/product/5003156_ea_000nw",
            "productImageURL": "https://a.fsimg.co.nz/product/retail/fan/image/master/5003156.png",
            "productDescription": "Buy 2 for $5.00.\n\n\nContains Caffeine.\n\nProduct of New Zealand",
            "volume": "350mL",
            "multipack": {
                "quantity": "1"
            }
        },
        "priceData": {
            "bestPrice": 2.5,
            "price": 2.0,
            "pricePerLitre": 5.714285714285714,
            "bestPricePerLitre": 7.142857142857143,
            "multiBuy": {
                "quantity": 2.0,
                "value": 5.0,
                "perUnit": 2.5
            }
        },
        "store": {
            "id": "c15270b3-4ced-4b8e-be01-16b9fc31c4c7",
            "name": "New World Tokoroa"
        }
    },
    {
        "productData": {
            "name": "V Blue Guarana Energy Drink 350ml",
            "productId": "5007492_ea_000",
            "productShopPage": "https://www.newworld.co.nz/shop/product/5007492_ea_000nw",
            "productImageURL": "https://a.fsimg.co.nz/product/retail/fan/image/master/5007492.png",
            "productDescription": "Buy 2 for $5.00.\n\n\nContains Caffeine, Wheat Derivatives.\n\nProduct of New Zealand",
            "volume": "350mL",
            "multipack": {
                "quantity": "1"
            }
        },
        "priceData": {
            "bestPrice": 2.5,
            "price": 2.0,
            "pricePerLitre": 5.714285714285714,
            "bestPricePerLitre": 7.142857142857143,
            "multiBuy": {
                "quantity": 2.0,
                "value": 5.0,
                "perUnit": 2.5
            }
        },
        "store": {
            "id": "c15270b3-4ced-4b8e-be01-16b9fc31c4c7",
            "name": "New World Tokoroa"
        }
    },
    {
        "productData": {
            "name": "V Blue Energy Drink 500ml",
            "productId": "5020662_ea_000",
            "productShopPage": "https://www.newworld.co.nz/shop/product/5020662_ea_000nw",
            "productImageURL": "https://a.fsimg.co.nz/product/retail/fan/image/master/5020662.png",
            "productDescription": "Buy 2 for $5.00.\n\n\n\n\nProduct of New Zealand",
            "volume": "500mL",
            "multipack": {
                "quantity": "1"
            }
        },
        "priceData": {
            "bestPrice": 2.5,
            "price": 2.0,
            "pricePerLitre": 4.0,
            "bestPricePerLitre": 5.0,
            "multiBuy": {
                "quantity": 2.0,
                "value": 5.0,
                "perUnit": 2.5
            }
        },
        "store": {
            "id": "c15270b3-4ced-4b8e-be01-16b9fc31c4c7",
            "name": "New World Tokoroa"
        }
    },
    {
        "productData": {
            "name": "V Blue Guarana Energy Drink 500ml",
            "productId": "5007494_ea_000",
            "productShopPage": "https://www.newworld.co.nz/shop/product/5007494_ea_000nw",
            "productImageURL": "https://a.fsimg.co.nz/product/retail/fan/image/master/5007494.png",
            "productDescription": "Contains Wheat Derivatives, Caffeine.\n\nProduct of New Zealand",
            "volume": "500mL",
            "multipack": {
                "quantity": "1"
            }
        },
        "priceData": {
            "bestPrice": "3.49",
            "price": "3.49",
            "pricePerLitre": 7.0,
            "bestPricePerLitre": 7.0
        },
        "store": {
            "id": "c15270b3-4ced-4b8e-be01-16b9fc31c4c7",
            "name": "New World Tokoroa"
        }
    },
    {
        "productData": {
            "name": "Red Bull Energy Drink 473ml",
            "productId": "5005255_ea_000",
            "productShopPage": "https://www.newworld.co.nz/shop/product/5005255_ea_000nw",
            "productImageURL": "https://a.fsimg.co.nz/product/retail/fan/image/master/5005255.png",
            "productDescription": "Red Bull Energy Drink's special formula contains ingredients of high quality: Caffeine, Taurine, B-Group Vitamins, Sugars, Alpine Water.One 250ml can of Red Bull Energy Drinks contains 80 mg of caffeine, about the same amount as in a cup of home-brewed coffee.The amount of sugars in a can of Red Bull Energy Drink is comparable to the level of sugars in an equivalent amount of apple or orange juice – 11 g per 100ml.Red Bull cans are made of 100% recyclable aluminium.Red Bull Energy Drink 473ml canVitalizes Body and Mind.®RED BULL GIVES YOU WINGSInspired by functional drinks from the Far East, Dietrich Mateschitz founded Red Bull in the mid-1980s. He developed a new product and a unique marketing concept and launched Red Bull Energy Drink on April 1, 1987 in Austria. A brand new product category - Energy Drinks - was born.\n\nProduct of Imported",
            "volume": "473mL",
            "multipack": {
                "quantity": "1"
            }
        },
        "priceData": {
            "bestPrice": "3.59",
            "price": "3.59",
            "pricePerLitre": 7.6,
            "bestPricePerLitre": 7.6
        },
        "store": {
            "id": "c15270b3-4ced-4b8e-be01-16b9fc31c4c7",
            "name": "New World Tokoroa"
        }
    },
    {
        "productData": {
            "name": "V Original Guarana Energy Drink 250ml",
            "productId": "5003151_ea_000",
            "productShopPage": "https://www.newworld.co.nz/shop/product/5003151_ea_000nw",
            "productImageURL": "https://a.fsimg.co.nz/product/retail/fan/image/master/5003151.png",
            "productDescription": "Contains Caffeine.\n\nProduct of New Zealand",
            "volume": "250mL",
            "multipack": {
                "quantity": "1"
            }
        },
        "priceData": {
            "bestPrice": "1.99",
            "price": "1.99",
            "pricePerLitre": 8.0,
            "bestPricePerLitre": 8.0
        },
        "store": {
            "id": "c15270b3-4ced-4b8e-be01-16b9fc31c4c7",
            "name": "New World Tokoroa"
        }
    },
    {
        "productData": {
            "name": "Red Bull Energy Drink 250ml Cans 4pk",
            "productId": "5001443_ea_000",
            "productShopPage": "https://www.newworld.co.nz/shop/product/5001443_ea_000nw",
            "productImageURL": "https://a.fsimg.co.nz/product/retail/fan/image/master/5001443.png",
            "productDescription": "Red Bull Energy Drink's special formula contains ingredients of high quality: Caffeine, Taurine, B-Group Vitamins, Sugars, Alpine Water.One 250ml can of Red Bull Energy Drinks contains 80 mg of caffeine, about the same amount as in a cup of home-brewed coffee.The amount of sugars in a can of Red Bull Energy Drink is comparable to the level of sugars in an equivalent amount of apple or orange juice – 11 g per 100ml.Red Bull cans are made of 100% recyclable aluminium.Pack of four 250ml Red Bull Energy Drink cansVitalizes Body and Mind.®RED BULL GIVES YOU WINGSInspired by functional drinks from the Far East, Dietrich Mateschitz founded Red Bull in the mid-1980s. He developed a new product and a unique marketing concept and launched Red Bull Energy Drink on April 1, 1987 in Austria. A brand new product category - Energy Drinks - was born.",
            "volume": "250mL",
            "multipack": {
                "quantity": "4"
            }
        },
        "priceData": {
            "bestPrice": "8.29",
            "price": "8.29",
            "pricePerLitre": 8.299999999999999,
            "bestPricePerLitre": 8.299999999999999
        },
        "store": {
            "id": "c15270b3-4ced-4b8e-be01-16b9fc31c4c7",
            "name": "New World Tokoroa"
        }
    },
    {
        "productData": {
            "name": "V Green Guarana Energy Drink 710ml",
            "productId": "5030250_ea_000",
            "productShopPage": "https://www.newworld.co.nz/shop/product/5030250_ea_000nw",
            "productImageURL": "https://a.fsimg.co.nz/product/retail/fan/image/master/5030250.png",
            "productDescription": "Contains Wheat Derivatives\n\nProduct of Imported",
            "volume": "250mL",
            "multipack": {
                "quantity": "3"
            }
        },
        "priceData": {
            "bestPrice": "3.49",
            "price": "3.49",
            "pricePerLitre": 4.9,
            "bestPricePerLitre": 4.9
        },
        "store": {
            "id": "c15270b3-4ced-4b8e-be01-16b9fc31c4c7",
            "name": "New World Tokoroa"
        }
    },
    {
        "productData": {
            "name": "Lucozade Orange Energy Drink 380ml",
            "productId": "5009239_ea_000",
            "productShopPage": "https://www.newworld.co.nz/shop/product/5009239_ea_000nw",
            "productImageURL": "https://a.fsimg.co.nz/product/retail/fan/image/master/5009239.png",
            "productDescription": "Powered by Glucose.\n\nProduct of New Zealand",
            "volume": "380mL",
            "multipack": {
                "quantity": "1"
            }
        },
        "priceData": {
            "bestPrice": "2.69",
            "price": "2.69",
            "pricePerLitre": 7.08,
            "bestPricePerLitre": 7.08
        },
        "store": {
            "id": "c15270b3-4ced-4b8e-be01-16b9fc31c4c7",
            "name": "New World Tokoroa"
        }
    },
    {
        "productData": {
            "name": "V Pure Natural Energy Drink Glass Bottle 330ml",
            "productId": "5237753_ea_000",
            "productShopPage": "https://www.newworld.co.nz/shop/product/5237753_ea_000nw",
            "productImageURL": "https://a.fsimg.co.nz/product/retail/fan/image/master/5237753.png",
            "productDescription": "Buy 2 for $5.00.\n\n\nNothing artificial\n\nProduct of New Zealand",
            "volume": "330mL",
            "multipack": {
                "quantity": "1"
            }
        },
        "priceData": {
            "bestPrice": 2.5,
            "price": 2.0,
            "pricePerLitre": 6.0606060606060606,
            "bestPricePerLitre": 7.575757575757575,
            "multiBuy": {
                "quantity": 2.0,
                "value": 5.0,
                "perUnit": 2.5
            }
        },
        "store": {
            "id": "c15270b3-4ced-4b8e-be01-16b9fc31c4c7",
            "name": "New World Tokoroa"
        }
    },
    {
        "productData": {
            "name": "Lucozade Original Energy Drink 380ml",
            "productId": "5009240_ea_000",
            "productShopPage": "https://www.newworld.co.nz/shop/product/5009240_ea_000nw",
            "productImageURL": "https://a.fsimg.co.nz/product/retail/fan/image/master/5009240.png",
            "productDescription": "Energy from Glucose.\n\nProduct of New Zealand",
            "volume": "380mL",
            "multipack": {
                "quantity": "1"
            }
        },
        "priceData": {
            "bestPrice": "2.69",
            "price": "2.69",
            "pricePerLitre": 7.08,
            "bestPricePerLitre": 7.08
        },
        "store": {
            "id": "c15270b3-4ced-4b8e-be01-16b9fc31c4c7",
            "name": "New World Tokoroa"
        }
    },
    {
        "productData": {
            "name": "Rockstar Watermelon Freeze Energy Drink 500ml",
            "productId": "5257298_ea_000",
            "productShopPage": "https://www.newworld.co.nz/shop/product/5257298_ea_000nw",
            "productImageURL": "https://a.fsimg.co.nz/product/retail/fan/image/master/5257298.png",
            "productDescription": "Buy 3 for $5.00.\n\n\n\n\nProduct of New Zealand",
            "volume": "500mL",
            "multipack": {
                "quantity": "1"
            }
        },
        "priceData": {
            "bestPrice": 1.6666666666666667,
            "price": 1.0,
            "pricePerLitre": 2.0,
            "bestPricePerLitre": 3.3333333333333335,
            "multiBuy": {
                "quantity": 3.0,
                "value": 5.0,
                "perUnit": 1.6666666666666667
            }
        },
        "store": {
            "id": "c15270b3-4ced-4b8e-be01-16b9fc31c4c7",
            "name": "New World Tokoroa"
        }
    },
    {
        "productData": {
            "name": "Rockstar Original Energy Drink 500ml",
            "productId": "5215383_ea_000",
            "productShopPage": "https://www.newworld.co.nz/shop/product/5215383_ea_000nw",
            "productImageURL": "https://a.fsimg.co.nz/product/retail/fan/image/master/5215383.png",
            "productDescription": "Buy 3 for $5.00.\n\n\nCaffeine; B vitamins; Vitamin C; Taurine; Ginseng\n\nProduct of New Zealand",
            "volume": "500mL",
            "multipack": {
                "quantity": "1"
            }
        },
        "priceData": {
            "bestPrice": 1.6666666666666667,
            "price": 1.0,
            "pricePerLitre": 2.0,
            "bestPricePerLitre": 3.3333333333333335,
            "multiBuy": {
                "quantity": 3.0,
                "value": 5.0,
                "perUnit": 1.6666666666666667
            }
        },
        "store": {
            "id": "c15270b3-4ced-4b8e-be01-16b9fc31c4c7",
            "name": "New World Tokoroa"
        }
    },
    {
        "productData": {
            "name": "V Berry Twist Sugar Free Can 500ml",
            "productId": "5254654_ea_000",
            "productShopPage": "https://www.newworld.co.nz/shop/product/5254654_ea_000nw",
            "productImageURL": "https://a.fsimg.co.nz/product/retail/fan/image/master/5254654.png",
            "productDescription": "Sugarfree\n\nProduct of New Zealand",
            "volume": "500mL",
            "multipack": {
                "quantity": "1"
            }
        },
        "priceData": {
            "bestPrice": "3.49",
            "price": "3.49",
            "pricePerLitre": 7.0,
            "bestPricePerLitre": 7.0
        },
        "store": {
            "id": "c15270b3-4ced-4b8e-be01-16b9fc31c4c7",
            "name": "New World Tokoroa"
        }
    },
    {
        "productData": {
            "name": "V Raspberry Lemonade Can 500ml",
            "productId": "5264523_ea_000",
            "productShopPage": "https://www.newworld.co.nz/shop/product/5264523_ea_000nw",
            "productImageURL": "https://a.fsimg.co.nz/product/retail/fan/image/master/5264523.png",
            "productDescription": "Product of New Zealand",
            "volume": "500mL",
            "multipack": {
                "quantity": "1"
            }
        },
        "priceData": {
            "bestPrice": "3.49",
            "price": "3.49",
            "pricePerLitre": 7.0,
            "bestPricePerLitre": 7.0
        },
        "store": {
            "id": "c15270b3-4ced-4b8e-be01-16b9fc31c4c7",
            "name": "New World Tokoroa"
        }
    },
    {
        "productData": {
            "name": "V Energy Drink Sugarfree Cans 4pk",
            "productId": "5004117_ea_000",
            "productShopPage": "https://www.newworld.co.nz/shop/product/5004117_ea_000nw",
            "productImageURL": "https://a.fsimg.co.nz/product/retail/fan/image/master/5004117.png",
            "productDescription": "Limit 12 assorted.\n\n\nSugar Free. Contains Caffeine.\n\nProduct of New Zealand",
            "volume": "250mL",
            "multipack": {
                "quantity": "4"
            }
        },
        "priceData": {
            "bestPrice": "5.99",
            "price": "5.99",
            "pricePerLitre": 5.99,
            "bestPricePerLitre": 5.99
        },
        "store": {
            "id": "c15270b3-4ced-4b8e-be01-16b9fc31c4c7",
            "name": "New World Tokoroa"
        }
    },
    {
        "productData": {
            "name": "Monster Zero Sugar Ultra Rosa Energy Drink 500ml",
            "productId": "5278094_ea_000",
            "productShopPage": "https://www.newworld.co.nz/shop/product/5278094_ea_000nw",
            "productImageURL": "https://a.fsimg.co.nz/product/retail/fan/image/master/5278094.png",
            "productDescription": "Product of Imported",
            "volume": "500mL",
            "multipack": {
                "quantity": "1"
            }
        },
        "priceData": {
            "bestPrice": "2.99",
            "price": "2.99",
            "pricePerLitre": 6.0,
            "bestPricePerLitre": 6.0
        },
        "store": {
            "id": "c15270b3-4ced-4b8e-be01-16b9fc31c4c7",
            "name": "New World Tokoroa"
        }
    },
    {
        "productData": {
            "name": "Monster Mule Energy Drink 500ml",
            "productId": "5269459_ea_000",
            "productShopPage": "https://www.newworld.co.nz/shop/product/5269459_ea_000nw",
            "productImageURL": "https://a.fsimg.co.nz/product/retail/fan/image/master/5269459.png",
            "productDescription": "Product of Imported",
            "volume": "500mL",
            "multipack": {
                "quantity": "1"
            }
        },
        "priceData": {
            "bestPrice": "2.99",
            "price": "2.99",
            "pricePerLitre": 6.0,
            "bestPricePerLitre": 6.0
        },
        "store": {
            "id": "c15270b3-4ced-4b8e-be01-16b9fc31c4c7",
            "name": "New World Tokoroa"
        }
    },
    {
        "productData": {
            "name": "Monster Ultra Paradise Energy Drink 500ml",
            "productId": "5261257_ea_000",
            "productShopPage": "https://www.newworld.co.nz/shop/product/5261257_ea_000nw",
            "productImageURL": "https://a.fsimg.co.nz/product/retail/fan/image/master/5261257.png",
            "productDescription": "Product of Imported",
            "volume": "500mL",
            "multipack": {
                "quantity": "1"
            }
        },
        "priceData": {
            "bestPrice": "2.99",
            "price": "2.99",
            "pricePerLitre": 6.0,
            "bestPricePerLitre": 6.0
        },
        "store": {
            "id": "c15270b3-4ced-4b8e-be01-16b9fc31c4c7",
            "name": "New World Tokoroa"
        }
    },
    {
        "productData": {
            "name": "Monster Ultra Zero Drink 500ml",
            "productId": "5090618_ea_000",
            "productShopPage": "https://www.newworld.co.nz/shop/product/5090618_ea_000nw",
            "productImageURL": "https://a.fsimg.co.nz/product/retail/fan/image/master/5090618.png",
            "productDescription": "A little less sweet, lighter-tasting, zero calories, but with a full load of our Monster energy blend. Sure, white is the new black. Monster Energy Zero Ultra. Unleash the Ultra Beast!\n\nProduct of Imported",
            "volume": "500mL",
            "multipack": {
                "quantity": "1"
            }
        },
        "priceData": {
            "bestPrice": "2.99",
            "price": "2.99",
            "pricePerLitre": 6.0,
            "bestPricePerLitre": 6.0
        },
        "store": {
            "id": "c15270b3-4ced-4b8e-be01-16b9fc31c4c7",
            "name": "New World Tokoroa"
        }
    },
    {
        "productData": {
            "name": "Monster Super Fuel Zero Sugar Energy Drink 550ml",
            "productId": "5284331_ea_000",
            "productShopPage": "https://www.newworld.co.nz/shop/product/5284331_ea_000nw",
            "productImageURL": "https://a.fsimg.co.nz/product/retail/fan/image/master/5284331.png",
            "productDescription": "Product of Imported",
            "volume": "550mL",
            "multipack": {
                "quantity": "1"
            }
        },
        "priceData": {
            "bestPrice": "3.49",
            "price": "3.49",
            "pricePerLitre": 6.345454545454546,
            "bestPricePerLitre": 6.345454545454546
        },
        "store": {
            "id": "c15270b3-4ced-4b8e-be01-16b9fc31c4c7",
            "name": "New World Tokoroa"
        }
    },
    {
        "productData": {
            "name": "Mother Energy Drink Can 500ml",
            "productId": "5011153_ea_000",
            "productShopPage": "https://www.newworld.co.nz/shop/product/5011153_ea_000nw",
            "productImageURL": "https://a.fsimg.co.nz/product/retail/fan/image/master/5011153.png",
            "productDescription": "Contains Caffeine.\n\nProduct of New Zealand",
            "volume": "500mL",
            "multipack": {
                "quantity": "1"
            }
        },
        "priceData": {
            "bestPrice": "1.99",
            "price": "1.99",
            "pricePerLitre": 4.0,
            "bestPricePerLitre": 4.0
        },
        "store": {
            "id": "c15270b3-4ced-4b8e-be01-16b9fc31c4c7",
            "name": "New World Tokoroa"
        }
    },
    {
        "productData": {
            "name": "Monster Super Fuel Purple Passion Energy Drink 550ml",
            "productId": "5284332_ea_000",
            "productShopPage": "https://www.newworld.co.nz/shop/product/5284332_ea_000nw",
            "productImageURL": "https://a.fsimg.co.nz/product/retail/fan/image/master/5284332.png",
            "productDescription": "Product of Imported",
            "volume": "550mL",
            "multipack": {
                "quantity": "1"
            }
        },
        "priceData": {
            "bestPrice": "3.49",
            "price": "3.49",
            "pricePerLitre": 6.345454545454546,
            "bestPricePerLitre": 6.345454545454546
        },
        "store": {
            "id": "c15270b3-4ced-4b8e-be01-16b9fc31c4c7",
            "name": "New World Tokoroa"
        }
    },
    {
        "productData": {
            "name": "Mother Energy Drink Can 6pk",
            "productId": "5009490_ea_000",
            "productShopPage": "https://www.newworld.co.nz/shop/product/5009490_ea_000nw",
            "productImageURL": "https://a.fsimg.co.nz/product/retail/fan/image/master/5009490.png",
            "productDescription": "Contains Caffeine.\n\nProduct of New Zealand",
            "volume": "250mL",
            "multipack": {
                "quantity": "6"
            }
        },
        "priceData": {
            "bestPrice": "7.49",
            "price": "7.49",
            "pricePerLitre": 5.0,
            "bestPricePerLitre": 5.0
        },
        "store": {
            "id": "c15270b3-4ced-4b8e-be01-16b9fc31c4c7",
            "name": "New World Tokoroa"
        }
    },
    {
        "productData": {
            "name": "Monster Pipeline Punch Energy Drink 500ml",
            "productId": "5242373_ea_000",
            "productShopPage": "https://www.newworld.co.nz/shop/product/5242373_ea_000nw",
            "productImageURL": "https://a.fsimg.co.nz/product/retail/fan/image/master/5242373.png",
            "productDescription": "Product of Imported",
            "volume": "500mL",
            "multipack": {
                "quantity": "1"
            }
        },
        "priceData": {
            "bestPrice": "2.99",
            "price": "2.99",
            "pricePerLitre": 6.0,
            "bestPricePerLitre": 6.0
        },
        "store": {
            "id": "c15270b3-4ced-4b8e-be01-16b9fc31c4c7",
            "name": "New World Tokoroa"
        }
    },
    {
        "productData": {
            "name": "Monster Energy Drink 500ml",
            "productId": "5007647_ea_000",
            "productShopPage": "https://www.newworld.co.nz/shop/product/5007647_ea_000nw",
            "productImageURL": "https://a.fsimg.co.nz/product/retail/fan/image/master/5007647.png",
            "productDescription": "Contains Caffeine.\n\nProduct of Imported",
            "volume": "500mL",
            "multipack": {
                "quantity": "1"
            }
        },
        "priceData": {
            "bestPrice": "2.99",
            "price": "2.99",
            "pricePerLitre": 6.0,
            "bestPricePerLitre": 6.0
        },
        "store": {
            "id": "c15270b3-4ced-4b8e-be01-16b9fc31c4c7",
            "name": "New World Tokoroa"
        }
    },
    {
        "productData": {
            "name": "Monster Energy Drink 4pk",
            "productId": "5107264_ea_000",
            "productShopPage": "https://www.newworld.co.nz/shop/product/5107264_ea_000nw",
            "productImageURL": "https://a.fsimg.co.nz/product/retail/fan/image/master/5107264.png",
            "productDescription": "Product of Imported",
            "volume": "",
            "multipack": {
                "quantity": ""
            }
        },
        "priceData": {
            "bestPrice": "11.99",
            "price": "11.99",
            "pricePerLitre": 6.0,
            "bestPricePerLitre": 6.0
        },
        "store": {
            "id": "c15270b3-4ced-4b8e-be01-16b9fc31c4c7",
            "name": "New World Tokoroa"
        }
    },
    {
        "productData": {
            "name": "V Sugarfree Guarana Energy Drink 500ml",
            "productId": "5007644_ea_000",
            "productShopPage": "https://www.newworld.co.nz/shop/product/5007644_ea_000nw",
            "productImageURL": "https://a.fsimg.co.nz/product/retail/fan/image/master/5007644.png",
            "productDescription": "Sugar Free.\n\nProduct of New Zealand",
            "volume": "500mL",
            "multipack": {
                "quantity": "1"
            }
        },
        "priceData": {
            "bestPrice": "3.49",
            "price": "3.49",
            "pricePerLitre": 7.0,
            "bestPricePerLitre": 7.0
        },
        "store": {
            "id": "c15270b3-4ced-4b8e-be01-16b9fc31c4c7",
            "name": "New World Tokoroa"
        }
    },
    {
        "productData": {
            "name": "V Original Guarana Energy Drink 500ml",
            "productId": "5004703_ea_000",
            "productShopPage": "https://www.newworld.co.nz/shop/product/5004703_ea_000nw",
            "productImageURL": "https://a.fsimg.co.nz/product/retail/fan/image/master/5004703.png",
            "productDescription": "Contains Caffeine.\n\nProduct of New Zealand",
            "volume": "500mL",
            "multipack": {
                "quantity": "1"
            }
        },
        "priceData": {
            "bestPrice": "3.49",
            "price": "3.49",
            "pricePerLitre": 7.0,
            "bestPricePerLitre": 7.0
        },
        "store": {
            "id": "c15270b3-4ced-4b8e-be01-16b9fc31c4c7",
            "name": "New World Tokoroa"
        }
    },
    {
        "productData": {
            "name": "V Green Guarana Energy Drink Cans 10pk",
            "productId": "5210061_ea_000",
            "productShopPage": "https://www.newworld.co.nz/shop/product/5210061_ea_000nw",
            "productImageURL": "https://a.fsimg.co.nz/product/retail/fan/image/master/5210061.png",
            "productDescription": "Product of New Zealand",
            "volume": "200mL",
            "multipack": {
                "quantity": "10"
            }
        },
        "priceData": {
            "bestPrice": "15.29",
            "price": "15.29",
            "pricePerLitre": 7.6,
            "bestPricePerLitre": 7.6
        },
        "store": {
            "id": "c15270b3-4ced-4b8e-be01-16b9fc31c4c7",
            "name": "New World Tokoroa"
        }
    },
    {
        "productData": {
            "name": "V Original Guarana Energy Drink 500ml",
            "productId": "5007441_ea_000",
            "productShopPage": "https://www.newworld.co.nz/shop/product/5007441_ea_000nw",
            "productImageURL": "https://a.fsimg.co.nz/product/retail/fan/image/master/5007441.png",
            "productDescription": "Buy 2 for $5.00.\n\n\nContains Wheat Derivatives, Caffeine.\n\nProduct of New Zealand",
            "volume": "500mL",
            "multipack": {
                "quantity": "1"
            }
        },
        "priceData": {
            "bestPrice": 2.5,
            "price": 2.0,
            "pricePerLitre": 4.0,
            "bestPricePerLitre": 5.0,
            "multiBuy": {
                "quantity": 2.0,
                "value": 5.0,
                "perUnit": 2.5
            }
        },
        "store": {
            "id": "c15270b3-4ced-4b8e-be01-16b9fc31c4c7",
            "name": "New World Tokoroa"
        }
    },
    {
        "productData": {
            "name": "V Blue Guarana Energy Drink 250ml",
            "productId": "5007495_ea_000",
            "productShopPage": "https://www.newworld.co.nz/shop/product/5007495_ea_000nw",
            "productImageURL": "https://a.fsimg.co.nz/product/retail/fan/image/master/5007495.png",
            "productDescription": "Contains Caffeine, Wheat Derivatives.\n\nProduct of New Zealand",
            "volume": "250mL",
            "multipack": {
                "quantity": "1"
            }
        },
        "priceData": {
            "bestPrice": "1.99",
            "price": "1.99",
            "pricePerLitre": 8.0,
            "bestPricePerLitre": 8.0
        },
        "store": {
            "id": "1ee51b21-c2c8-42c4-b01e-8ef081738e23",
            "name": "New World Newlands"
        }
    },
    {
        "productData": {
            "name": "V Sugarfree Guarana Energy Drink 250ml",
            "productId": "5001639_ea_000",
            "productShopPage": "https://www.newworld.co.nz/shop/product/5001639_ea_000nw",
            "productImageURL": "https://a.fsimg.co.nz/product/retail/fan/image/master/5001639.png",
            "productDescription": "Sugar Free. Contains Caffeine.\n\nProduct of New Zealand",
            "volume": "250mL",
            "multipack": {
                "quantity": "1"
            }
        },
        "priceData": {
            "bestPrice": "1.99",
            "price": "1.99",
            "pricePerLitre": 8.0,
            "bestPricePerLitre": 8.0
        },
        "store": {
            "id": "1ee51b21-c2c8-42c4-b01e-8ef081738e23",
            "name": "New World Newlands"
        }
    },
    {
        "productData": {
            "name": "V Raspberry Lemonade Guarana Energy Drink 4pk",
            "productId": "5264576_ea_000",
            "productShopPage": "https://www.newworld.co.nz/shop/product/5264576_ea_000nw",
            "productImageURL": "https://a.fsimg.co.nz/product/retail/fan/image/master/5264576.png",
            "productDescription": "Product of New Zealand",
            "volume": "275mL",
            "multipack": {
                "quantity": "4"
            }
        },
        "priceData": {
            "bestPrice": "9.19",
            "price": "9.19",
            "pricePerLitre": 8.355,
            "bestPricePerLitre": 8.355
        },
        "store": {
            "id": "1ee51b21-c2c8-42c4-b01e-8ef081738e23",
            "name": "New World Newlands"
        }
    },
    {
        "productData": {
            "name": "V Sugarfree Blue Guarana Energy Drink 500ml",
            "productId": "5283362_ea_000",
            "productShopPage": "https://www.newworld.co.nz/shop/product/5283362_ea_000nw",
            "productImageURL": "https://a.fsimg.co.nz/product/retail/fan/image/master/5283362.png",
            "productDescription": "Sugar free\n\nProduct of New Zealand",
            "volume": "500mL",
            "multipack": {
                "quantity": "1"
            }
        },
        "priceData": {
            "bestPrice": "3.49",
            "price": "3.49",
            "pricePerLitre": 7.0,
            "bestPricePerLitre": 7.0
        },
        "store": {
            "id": "1ee51b21-c2c8-42c4-b01e-8ef081738e23",
            "name": "New World Newlands"
        }
    },
    {
        "productData": {
            "name": "V Original Guarana Energy Drink 350ml",
            "productId": "5003156_ea_000",
            "productShopPage": "https://www.newworld.co.nz/shop/product/5003156_ea_000nw",
            "productImageURL": "https://a.fsimg.co.nz/product/retail/fan/image/master/5003156.png",
            "productDescription": "Buy 2 for $5.00.\n\n\nContains Caffeine.\n\nProduct of New Zealand",
            "volume": "350mL",
            "multipack": {
                "quantity": "1"
            }
        },
        "priceData": {
            "bestPrice": 2.5,
            "price": 2.0,
            "pricePerLitre": 5.714285714285714,
            "bestPricePerLitre": 7.142857142857143,
            "multiBuy": {
                "quantity": 2.0,
                "value": 5.0,
                "perUnit": 2.5
            }
        },
        "store": {
            "id": "1ee51b21-c2c8-42c4-b01e-8ef081738e23",
            "name": "New World Newlands"
        }
    },
    {
        "productData": {
            "name": "V Blue Guarana Energy Drink Cans 10pk",
            "productId": "5228254_ea_000",
            "productShopPage": "https://www.newworld.co.nz/shop/product/5228254_ea_000nw",
            "productImageURL": "https://a.fsimg.co.nz/product/retail/fan/image/master/5228254.png",
            "productDescription": "Product of New Zealand",
            "volume": "200mL",
            "multipack": {
                "quantity": "10"
            }
        },
        "priceData": {
            "bestPrice": "15.29",
            "price": "15.29",
            "pricePerLitre": 7.6450000000000005,
            "bestPricePerLitre": 7.6450000000000005
        },
        "store": {
            "id": "1ee51b21-c2c8-42c4-b01e-8ef081738e23",
            "name": "New World Newlands"
        }
    },
    {
        "productData": {
            "name": "V Blue Guarana Energy Drink 4pk",
            "productId": "5210055_ea_000",
            "productShopPage": "https://www.newworld.co.nz/shop/product/5210055_ea_000nw",
            "productImageURL": "https://a.fsimg.co.nz/product/retail/fan/image/master/5210055.png",
            "productDescription": "Product of New Zealand",
            "volume": "275mL",
            "multipack": {
                "quantity": "4"
            }
        },
        "priceData": {
            "bestPrice": "9.19",
            "price": "9.19",
            "pricePerLitre": 8.4,
            "bestPricePerLitre": 8.4
        },
        "store": {
            "id": "1ee51b21-c2c8-42c4-b01e-8ef081738e23",
            "name": "New World Newlands"
        }
    },
    {
        "productData": {
            "name": "V Blue Guarana Energy Drink 350ml",
            "productId": "5007492_ea_000",
            "productShopPage": "https://www.newworld.co.nz/shop/product/5007492_ea_000nw",
            "productImageURL": "https://a.fsimg.co.nz/product/retail/fan/image/master/5007492.png",
            "productDescription": "Buy 2 for $5.00.\n\n\nContains Caffeine, Wheat Derivatives.\n\nProduct of New Zealand",
            "volume": "350mL",
            "multipack": {
                "quantity": "1"
            }
        },
        "priceData": {
            "bestPrice": 2.5,
            "price": 2.0,
            "pricePerLitre": 5.714285714285714,
            "bestPricePerLitre": 7.142857142857143,
            "multiBuy": {
                "quantity": 2.0,
                "value": 5.0,
                "perUnit": 2.5
            }
        },
        "store": {
            "id": "1ee51b21-c2c8-42c4-b01e-8ef081738e23",
            "name": "New World Newlands"
        }
    },
    {
        "productData": {
            "name": "V Blue Energy Drink 500ml",
            "productId": "5020662_ea_000",
            "productShopPage": "https://www.newworld.co.nz/shop/product/5020662_ea_000nw",
            "productImageURL": "https://a.fsimg.co.nz/product/retail/fan/image/master/5020662.png",
            "productDescription": "Buy 2 for $5.00.\n\n\n\n\nProduct of New Zealand",
            "volume": "500mL",
            "multipack": {
                "quantity": "1"
            }
        },
        "priceData": {
            "bestPrice": 2.5,
            "price": 2.0,
            "pricePerLitre": 4.0,
            "bestPricePerLitre": 5.0,
            "multiBuy": {
                "quantity": 2.0,
                "value": 5.0,
                "perUnit": 2.5
            }
        },
        "store": {
            "id": "1ee51b21-c2c8-42c4-b01e-8ef081738e23",
            "name": "New World Newlands"
        }
    },
    {
        "productData": {
            "name": "V Blue Guarana Energy Drink 500ml",
            "productId": "5007494_ea_000",
            "productShopPage": "https://www.newworld.co.nz/shop/product/5007494_ea_000nw",
            "productImageURL": "https://a.fsimg.co.nz/product/retail/fan/image/master/5007494.png",
            "productDescription": "Contains Wheat Derivatives, Caffeine.\n\nProduct of New Zealand",
            "volume": "500mL",
            "multipack": {
                "quantity": "1"
            }
        },
        "priceData": {
            "bestPrice": "3.49",
            "price": "3.49",
            "pricePerLitre": 7.0,
            "bestPricePerLitre": 7.0
        },
        "store": {
            "id": "1ee51b21-c2c8-42c4-b01e-8ef081738e23",
            "name": "New World Newlands"
        }
    },
    {
        "productData": {
            "name": "Red Bull Energy Drink 473ml",
            "productId": "5005255_ea_000",
            "productShopPage": "https://www.newworld.co.nz/shop/product/5005255_ea_000nw",
            "productImageURL": "https://a.fsimg.co.nz/product/retail/fan/image/master/5005255.png",
            "productDescription": "Red Bull Energy Drink's special formula contains ingredients of high quality: Caffeine, Taurine, B-Group Vitamins, Sugars, Alpine Water.One 250ml can of Red Bull Energy Drinks contains 80 mg of caffeine, about the same amount as in a cup of home-brewed coffee.The amount of sugars in a can of Red Bull Energy Drink is comparable to the level of sugars in an equivalent amount of apple or orange juice – 11 g per 100ml.Red Bull cans are made of 100% recyclable aluminium.Red Bull Energy Drink 473ml canVitalizes Body and Mind.®RED BULL GIVES YOU WINGSInspired by functional drinks from the Far East, Dietrich Mateschitz founded Red Bull in the mid-1980s. He developed a new product and a unique marketing concept and launched Red Bull Energy Drink on April 1, 1987 in Austria. A brand new product category - Energy Drinks - was born.\n\nProduct of Imported",
            "volume": "473mL",
            "multipack": {
                "quantity": "1"
            }
        },
        "priceData": {
            "bestPrice": "3.59",
            "price": "3.59",
            "pricePerLitre": 7.6,
            "bestPricePerLitre": 7.6
        },
        "store": {
            "id": "1ee51b21-c2c8-42c4-b01e-8ef081738e23",
            "name": "New World Newlands"
        }
    },
    {
        "productData": {
            "name": "V Original Guarana Energy Drink 250ml",
            "productId": "5003151_ea_000",
            "productShopPage": "https://www.newworld.co.nz/shop/product/5003151_ea_000nw",
            "productImageURL": "https://a.fsimg.co.nz/product/retail/fan/image/master/5003151.png",
            "productDescription": "Contains Caffeine.\n\nProduct of New Zealand",
            "volume": "250mL",
            "multipack": {
                "quantity": "1"
            }
        },
        "priceData": {
            "bestPrice": "1.99",
            "price": "1.99",
            "pricePerLitre": 8.0,
            "bestPricePerLitre": 8.0
        },
        "store": {
            "id": "1ee51b21-c2c8-42c4-b01e-8ef081738e23",
            "name": "New World Newlands"
        }
    },
    {
        "productData": {
            "name": "Red Bull Energy Drink 250ml Cans 4pk",
            "productId": "5001443_ea_000",
            "productShopPage": "https://www.newworld.co.nz/shop/product/5001443_ea_000nw",
            "productImageURL": "https://a.fsimg.co.nz/product/retail/fan/image/master/5001443.png",
            "productDescription": "Red Bull Energy Drink's special formula contains ingredients of high quality: Caffeine, Taurine, B-Group Vitamins, Sugars, Alpine Water.One 250ml can of Red Bull Energy Drinks contains 80 mg of caffeine, about the same amount as in a cup of home-brewed coffee.The amount of sugars in a can of Red Bull Energy Drink is comparable to the level of sugars in an equivalent amount of apple or orange juice – 11 g per 100ml.Red Bull cans are made of 100% recyclable aluminium.Pack of four 250ml Red Bull Energy Drink cansVitalizes Body and Mind.®RED BULL GIVES YOU WINGSInspired by functional drinks from the Far East, Dietrich Mateschitz founded Red Bull in the mid-1980s. He developed a new product and a unique marketing concept and launched Red Bull Energy Drink on April 1, 1987 in Austria. A brand new product category - Energy Drinks - was born.",
            "volume": "250mL",
            "multipack": {
                "quantity": "4"
            }
        },
        "priceData": {
            "bestPrice": "8.29",
            "price": "8.29",
            "pricePerLitre": 8.299999999999999,
            "bestPricePerLitre": 8.299999999999999
        },
        "store": {
            "id": "1ee51b21-c2c8-42c4-b01e-8ef081738e23",
            "name": "New World Newlands"
        }
    },
    {
        "productData": {
            "name": "V Green Guarana Energy Drink 710ml",
            "productId": "5030250_ea_000",
            "productShopPage": "https://www.newworld.co.nz/shop/product/5030250_ea_000nw",
            "productImageURL": "https://a.fsimg.co.nz/product/retail/fan/image/master/5030250.png",
            "productDescription": "Contains Wheat Derivatives\n\nProduct of Imported",
            "volume": "250mL",
            "multipack": {
                "quantity": "3"
            }
        },
        "priceData": {
            "bestPrice": "3.49",
            "price": "3.49",
            "pricePerLitre": 4.9,
            "bestPricePerLitre": 4.9
        },
        "store": {
            "id": "1ee51b21-c2c8-42c4-b01e-8ef081738e23",
            "name": "New World Newlands"
        }
    },
    {
        "productData": {
            "name": "Lucozade Orange Energy Drink 380ml",
            "productId": "5009239_ea_000",
            "productShopPage": "https://www.newworld.co.nz/shop/product/5009239_ea_000nw",
            "productImageURL": "https://a.fsimg.co.nz/product/retail/fan/image/master/5009239.png",
            "productDescription": "Powered by Glucose.\n\nProduct of New Zealand",
            "volume": "380mL",
            "multipack": {
                "quantity": "1"
            }
        },
        "priceData": {
            "bestPrice": "2.69",
            "price": "2.69",
            "pricePerLitre": 7.08,
            "bestPricePerLitre": 7.08
        },
        "store": {
            "id": "1ee51b21-c2c8-42c4-b01e-8ef081738e23",
            "name": "New World Newlands"
        }
    },
    {
        "productData": {
            "name": "V Pure Natural Energy Drink Glass Bottle 330ml",
            "productId": "5237753_ea_000",
            "productShopPage": "https://www.newworld.co.nz/shop/product/5237753_ea_000nw",
            "productImageURL": "https://a.fsimg.co.nz/product/retail/fan/image/master/5237753.png",
            "productDescription": "Buy 2 for $5.00.\n\n\nNothing artificial\n\nProduct of New Zealand",
            "volume": "330mL",
            "multipack": {
                "quantity": "1"
            }
        },
        "priceData": {
            "bestPrice": 2.5,
            "price": 2.0,
            "pricePerLitre": 6.0606060606060606,
            "bestPricePerLitre": 7.575757575757575,
            "multiBuy": {
                "quantity": 2.0,
                "value": 5.0,
                "perUnit": 2.5
            }
        },
        "store": {
            "id": "1ee51b21-c2c8-42c4-b01e-8ef081738e23",
            "name": "New World Newlands"
        }
    },
    {
        "productData": {
            "name": "Rockstar Watermelon Freeze Energy Drink 500ml",
            "productId": "5257298_ea_000",
            "productShopPage": "https://www.newworld.co.nz/shop/product/5257298_ea_000nw",
            "productImageURL": "https://a.fsimg.co.nz/product/retail/fan/image/master/5257298.png",
            "productDescription": "Buy 3 for $5.00.\n\n\n\n\nProduct of New Zealand",
            "volume": "500mL",
            "multipack": {
                "quantity": "1"
            }
        },
        "priceData": {
            "bestPrice": 1.6666666666666667,
            "price": 1.0,
            "pricePerLitre": 2.0,
            "bestPricePerLitre": 3.3333333333333335,
            "multiBuy": {
                "quantity": 3.0,
                "value": 5.0,
                "perUnit": 1.6666666666666667
            }
        },
        "store": {
            "id": "1ee51b21-c2c8-42c4-b01e-8ef081738e23",
            "name": "New World Newlands"
        }
    },
    {
        "productData": {
            "name": "Rockstar Original Energy Drink 500ml",
            "productId": "5215383_ea_000",
            "productShopPage": "https://www.newworld.co.nz/shop/product/5215383_ea_000nw",
            "productImageURL": "https://a.fsimg.co.nz/product/retail/fan/image/master/5215383.png",
            "productDescription": "Buy 3 for $5.00.\n\n\nCaffeine; B vitamins; Vitamin C; Taurine; Ginseng\n\nProduct of New Zealand",
            "volume": "500mL",
            "multipack": {
                "quantity": "1"
            }
        },
        "priceData": {
            "bestPrice": 1.6666666666666667,
            "price": 1.0,
            "pricePerLitre": 2.0,
            "bestPricePerLitre": 3.3333333333333335,
            "multiBuy": {
                "quantity": 3.0,
                "value": 5.0,
                "perUnit": 1.6666666666666667
            }
        },
        "store": {
            "id": "1ee51b21-c2c8-42c4-b01e-8ef081738e23",
            "name": "New World Newlands"
        }
    },
    {
        "productData": {
            "name": "V Raspberry Lemonade Can 500ml",
            "productId": "5264523_ea_000",
            "productShopPage": "https://www.newworld.co.nz/shop/product/5264523_ea_000nw",
            "productImageURL": "https://a.fsimg.co.nz/product/retail/fan/image/master/5264523.png",
            "productDescription": "Product of New Zealand",
            "volume": "500mL",
            "multipack": {
                "quantity": "1"
            }
        },
        "priceData": {
            "bestPrice": "3.49",
            "price": "3.49",
            "pricePerLitre": 7.0,
            "bestPricePerLitre": 7.0
        },
        "store": {
            "id": "1ee51b21-c2c8-42c4-b01e-8ef081738e23",
            "name": "New World Newlands"
        }
    },
    {
        "productData": {
            "name": "Monster Mango Loco Energy Drink 500ml",
            "productId": "5242374_ea_000",
            "productShopPage": "https://www.newworld.co.nz/shop/product/5242374_ea_000nw",
            "productImageURL": "https://a.fsimg.co.nz/product/retail/fan/image/master/5242374.png",
            "productDescription": "Product of Imported",
            "volume": "500mL",
            "multipack": {
                "quantity": "1"
            }
        },
        "priceData": {
            "bestPrice": "2.99",
            "price": "2.99",
            "pricePerLitre": 6.0,
            "bestPricePerLitre": 6.0
        },
        "store": {
            "id": "1ee51b21-c2c8-42c4-b01e-8ef081738e23",
            "name": "New World Newlands"
        }
    },
    {
        "productData": {
            "name": "Monster Zero Sugar Ultra Rosa Energy Drink 500ml",
            "productId": "5278094_ea_000",
            "productShopPage": "https://www.newworld.co.nz/shop/product/5278094_ea_000nw",
            "productImageURL": "https://a.fsimg.co.nz/product/retail/fan/image/master/5278094.png",
            "productDescription": "Product of Imported",
            "volume": "500mL",
            "multipack": {
                "quantity": "1"
            }
        },
        "priceData": {
            "bestPrice": "2.99",
            "price": "2.99",
            "pricePerLitre": 6.0,
            "bestPricePerLitre": 6.0
        },
        "store": {
            "id": "1ee51b21-c2c8-42c4-b01e-8ef081738e23",
            "name": "New World Newlands"
        }
    },
    {
        "productData": {
            "name": "Monster Mule Energy Drink 500ml",
            "productId": "5269459_ea_000",
            "productShopPage": "https://www.newworld.co.nz/shop/product/5269459_ea_000nw",
            "productImageURL": "https://a.fsimg.co.nz/product/retail/fan/image/master/5269459.png",
            "productDescription": "Product of Imported",
            "volume": "500mL",
            "multipack": {
                "quantity": "1"
            }
        },
        "priceData": {
            "bestPrice": "2.99",
            "price": "2.99",
            "pricePerLitre": 6.0,
            "bestPricePerLitre": 6.0
        },
        "store": {
            "id": "1ee51b21-c2c8-42c4-b01e-8ef081738e23",
            "name": "New World Newlands"
        }
    },
    {
        "productData": {
            "name": "Monster Ultra Zero Drink 500ml",
            "productId": "5090618_ea_000",
            "productShopPage": "https://www.newworld.co.nz/shop/product/5090618_ea_000nw",
            "productImageURL": "https://a.fsimg.co.nz/product/retail/fan/image/master/5090618.png",
            "productDescription": "A little less sweet, lighter-tasting, zero calories, but with a full load of our Monster energy blend. Sure, white is the new black. Monster Energy Zero Ultra. Unleash the Ultra Beast!\n\nProduct of Imported",
            "volume": "500mL",
            "multipack": {
                "quantity": "1"
            }
        },
        "priceData": {
            "bestPrice": "2.99",
            "price": "2.99",
            "pricePerLitre": 6.0,
            "bestPricePerLitre": 6.0
        },
        "store": {
            "id": "1ee51b21-c2c8-42c4-b01e-8ef081738e23",
            "name": "New World Newlands"
        }
    },
    {
        "productData": {
            "name": "Mother Energy Drink Can 500ml",
            "productId": "5011153_ea_000",
            "productShopPage": "https://www.newworld.co.nz/shop/product/5011153_ea_000nw",
            "productImageURL": "https://a.fsimg.co.nz/product/retail/fan/image/master/5011153.png",
            "productDescription": "Contains Caffeine.\n\nProduct of New Zealand",
            "volume": "500mL",
            "multipack": {
                "quantity": "1"
            }
        },
        "priceData": {
            "bestPrice": "1.99",
            "price": "1.99",
            "pricePerLitre": 4.0,
            "bestPricePerLitre": 4.0
        },
        "store": {
            "id": "1ee51b21-c2c8-42c4-b01e-8ef081738e23",
            "name": "New World Newlands"
        }
    },
    {
        "productData": {
            "name": "Monster Energy Drink 500ml",
            "productId": "5007647_ea_000",
            "productShopPage": "https://www.newworld.co.nz/shop/product/5007647_ea_000nw",
            "productImageURL": "https://a.fsimg.co.nz/product/retail/fan/image/master/5007647.png",
            "productDescription": "Contains Caffeine.\n\nProduct of Imported",
            "volume": "500mL",
            "multipack": {
                "quantity": "1"
            }
        },
        "priceData": {
            "bestPrice": "2.99",
            "price": "2.99",
            "pricePerLitre": 6.0,
            "bestPricePerLitre": 6.0
        },
        "store": {
            "id": "1ee51b21-c2c8-42c4-b01e-8ef081738e23",
            "name": "New World Newlands"
        }
    },
    {
        "productData": {
            "name": "V Sugarfree Guarana Energy Drink 4pk",
            "productId": "5210130_ea_000",
            "productShopPage": "https://www.newworld.co.nz/shop/product/5210130_ea_000nw",
            "productImageURL": "https://a.fsimg.co.nz/product/retail/fan/image/master/5210130.png",
            "productDescription": "Sugarfree\n\nProduct of New Zealand",
            "volume": "275mL",
            "multipack": {
                "quantity": "4"
            }
        },
        "priceData": {
            "bestPrice": "9.19",
            "price": "9.19",
            "pricePerLitre": 8.4,
            "bestPricePerLitre": 8.4
        },
        "store": {
            "id": "1ee51b21-c2c8-42c4-b01e-8ef081738e23",
            "name": "New World Newlands"
        }
    },
    {
        "productData": {
            "name": "V Sugarfree Guarana Energy Drink 500ml",
            "productId": "5007644_ea_000",
            "productShopPage": "https://www.newworld.co.nz/shop/product/5007644_ea_000nw",
            "productImageURL": "https://a.fsimg.co.nz/product/retail/fan/image/master/5007644.png",
            "productDescription": "Sugar Free.\n\nProduct of New Zealand",
            "volume": "500mL",
            "multipack": {
                "quantity": "1"
            }
        },
        "priceData": {
            "bestPrice": "3.49",
            "price": "3.49",
            "pricePerLitre": 7.0,
            "bestPricePerLitre": 7.0
        },
        "store": {
            "id": "1ee51b21-c2c8-42c4-b01e-8ef081738e23",
            "name": "New World Newlands"
        }
    },
    {
        "productData": {
            "name": "V Original Guarana Energy Drink 500ml",
            "productId": "5004703_ea_000",
            "productShopPage": "https://www.newworld.co.nz/shop/product/5004703_ea_000nw",
            "productImageURL": "https://a.fsimg.co.nz/product/retail/fan/image/master/5004703.png",
            "productDescription": "Contains Caffeine.\n\nProduct of New Zealand",
            "volume": "500mL",
            "multipack": {
                "quantity": "1"
            }
        },
        "priceData": {
            "bestPrice": "3.49",
            "price": "3.49",
            "pricePerLitre": 7.0,
            "bestPricePerLitre": 7.0
        },
        "store": {
            "id": "1ee51b21-c2c8-42c4-b01e-8ef081738e23",
            "name": "New World Newlands"
        }
    },
    {
        "productData": {
            "name": "V Original Guarana Energy Drink 4pk",
            "productId": "5210048_ea_000",
            "productShopPage": "https://www.newworld.co.nz/shop/product/5210048_ea_000nw",
            "productImageURL": "https://a.fsimg.co.nz/product/retail/fan/image/master/5210048.png",
            "productDescription": "Product of New Zealand",
            "volume": "275mL",
            "multipack": {
                "quantity": "4"
            }
        },
        "priceData": {
            "bestPrice": "9.19",
            "price": "9.19",
            "pricePerLitre": 8.4,
            "bestPricePerLitre": 8.4
        },
        "store": {
            "id": "1ee51b21-c2c8-42c4-b01e-8ef081738e23",
            "name": "New World Newlands"
        }
    },
    {
        "productData": {
            "name": "V Green Guarana Energy Drink Cans 10pk",
            "productId": "5210061_ea_000",
            "productShopPage": "https://www.newworld.co.nz/shop/product/5210061_ea_000nw",
            "productImageURL": "https://a.fsimg.co.nz/product/retail/fan/image/master/5210061.png",
            "productDescription": "Product of New Zealand",
            "volume": "200mL",
            "multipack": {
                "quantity": "10"
            }
        },
        "priceData": {
            "bestPrice": "15.29",
            "price": "15.29",
            "pricePerLitre": 7.6,
            "bestPricePerLitre": 7.6
        },
        "store": {
            "id": "1ee51b21-c2c8-42c4-b01e-8ef081738e23",
            "name": "New World Newlands"
        }
    },
    {
        "productData": {
            "name": "V Original Guarana Energy Drink 500ml",
            "productId": "5007441_ea_000",
            "productShopPage": "https://www.newworld.co.nz/shop/product/5007441_ea_000nw",
            "productImageURL": "https://a.fsimg.co.nz/product/retail/fan/image/master/5007441.png",
            "productDescription": "Buy 2 for $5.00.\n\n\nContains Wheat Derivatives, Caffeine.\n\nProduct of New Zealand",
            "volume": "500mL",
            "multipack": {
                "quantity": "1"
            }
        },
        "priceData": {
            "bestPrice": 2.5,
            "price": 2.0,
            "pricePerLitre": 4.0,
            "bestPricePerLitre": 5.0,
            "multiBuy": {
                "quantity": 2.0,
                "value": 5.0,
                "perUnit": 2.5
            }
        },
        "store": {
            "id": "1ee51b21-c2c8-42c4-b01e-8ef081738e23",
            "name": "New World Newlands"
        }
    },
    {
        "productData": {
            "name": "V Blue Guarana Energy Drink 10pk",
            "productId": "5290181_ea_000",
            "productShopPage": "https://www.newworld.co.nz/shop/product/5290181_ea_000nw",
            "productImageURL": "https://a.fsimg.co.nz/product/retail/fan/image/master/5290181.png",
            "productDescription": "Product of New Zealand",
            "volume": "250mL",
            "multipack": {
                "quantity": "10"
            }
        },
        "priceData": {
            "bestPrice": "17.99",
            "price": "17.99",
            "pricePerLitre": 7.2,
            "bestPricePerLitre": 7.2
        },
        "store": {
            "id": "6defcd27-e944-45ad-982f-768ab3b4c2ac",
            "name": "New World Paremata"
        }
    },
    {
        "productData": {
            "name": "V Blue Guarana Energy Drink 250ml",
            "productId": "5007495_ea_000",
            "productShopPage": "https://www.newworld.co.nz/shop/product/5007495_ea_000nw",
            "productImageURL": "https://a.fsimg.co.nz/product/retail/fan/image/master/5007495.png",
            "productDescription": "Contains Caffeine, Wheat Derivatives.\n\nProduct of New Zealand",
            "volume": "250mL",
            "multipack": {
                "quantity": "1"
            }
        },
        "priceData": {
            "bestPrice": "1.99",
            "price": "1.99",
            "pricePerLitre": 8.0,
            "bestPricePerLitre": 8.0
        },
        "store": {
            "id": "6defcd27-e944-45ad-982f-768ab3b4c2ac",
            "name": "New World Paremata"
        }
    },
    {
        "productData": {
            "name": "V Sugarfree Blue Guarana Energy Drink 4pk",
            "productId": "5289891_ea_000",
            "productShopPage": "https://www.newworld.co.nz/shop/product/5289891_ea_000nw",
            "productImageURL": "https://a.fsimg.co.nz/product/retail/fan/image/master/5289891.png",
            "productDescription": "Limit 12 assorted.\n\n\n\n\nProduct of New Zealand",
            "volume": "250mL",
            "multipack": {
                "quantity": "4"
            }
        },
        "priceData": {
            "bestPrice": "5.99",
            "price": "5.99",
            "pricePerLitre": 5.99,
            "bestPricePerLitre": 5.99
        },
        "store": {
            "id": "6defcd27-e944-45ad-982f-768ab3b4c2ac",
            "name": "New World Paremata"
        }
    },
    {
        "productData": {
            "name": "V Sugarfree Guarana Energy Drink 250ml",
            "productId": "5001639_ea_000",
            "productShopPage": "https://www.newworld.co.nz/shop/product/5001639_ea_000nw",
            "productImageURL": "https://a.fsimg.co.nz/product/retail/fan/image/master/5001639.png",
            "productDescription": "Sugar Free. Contains Caffeine.\n\nProduct of New Zealand",
            "volume": "250mL",
            "multipack": {
                "quantity": "1"
            }
        },
        "priceData": {
            "bestPrice": "1.99",
            "price": "1.99",
            "pricePerLitre": 8.0,
            "bestPricePerLitre": 8.0
        },
        "store": {
            "id": "6defcd27-e944-45ad-982f-768ab3b4c2ac",
            "name": "New World Paremata"
        }
    },
    {
        "productData": {
            "name": "V Sugarfree Guarana Energy Drink 10pk",
            "productId": "5289890_ea_000",
            "productShopPage": "https://www.newworld.co.nz/shop/product/5289890_ea_000nw",
            "productImageURL": "https://a.fsimg.co.nz/product/retail/fan/image/master/5289890.png",
            "productDescription": "Product of New Zealand",
            "volume": "",
            "multipack": {
                "quantity": ""
            }
        },
        "priceData": {
            "bestPrice": "17.99",
            "price": "17.99",
            "pricePerLitre": 72.0,
            "bestPricePerLitre": 72.0
        },
        "store": {
            "id": "6defcd27-e944-45ad-982f-768ab3b4c2ac",
            "name": "New World Paremata"
        }
    },
    {
        "productData": {
            "name": "Live Plus Ascend Energy Drink 250ml",
            "productId": "5236675_ea_000",
            "productShopPage": "https://www.newworld.co.nz/shop/product/5236675_ea_000nw",
            "productImageURL": "https://a.fsimg.co.nz/product/retail/fan/image/master/5236675.png",
            "productDescription": "Limit 12 assorted.\n\n\n\n\nProduct of New Zealand",
            "volume": "",
            "multipack": {
                "quantity": ""
            }
        },
        "priceData": {
            "bestPrice": "0.99",
            "price": "0.99"
        },
        "store": {
            "id": "6defcd27-e944-45ad-982f-768ab3b4c2ac",
            "name": "New World Paremata"
        }
    },
    {
        "productData": {
            "name": "Live Plus Persist Energy Drink 250ml",
            "productId": "5236678_ea_000",
            "productShopPage": "https://www.newworld.co.nz/shop/product/5236678_ea_000nw",
            "productImageURL": "https://a.fsimg.co.nz/product/retail/fan/image/master/5236678.png",
            "productDescription": "Limit 12 assorted.\n\n\n\n\nProduct of New Zealand",
            "volume": "",
            "multipack": {
                "quantity": ""
            }
        },
        "priceData": {
            "bestPrice": "0.99",
            "price": "0.99"
        },
        "store": {
            "id": "6defcd27-e944-45ad-982f-768ab3b4c2ac",
            "name": "New World Paremata"
        }
    },
    {
        "productData": {
            "name": "V Green Guarana Energy Drink 10pk",
            "productId": "5289889_ea_000",
            "productShopPage": "https://www.newworld.co.nz/shop/product/5289889_ea_000nw",
            "productImageURL": "https://a.fsimg.co.nz/product/retail/fan/image/master/5289889.png",
            "productDescription": "Product of New Zealand",
            "volume": "250mL",
            "multipack": {
                "quantity": "10"
            }
        },
        "priceData": {
            "bestPrice": "17.99",
            "price": "17.99",
            "pricePerLitre": 7.2,
            "bestPricePerLitre": 7.2
        },
        "store": {
            "id": "6defcd27-e944-45ad-982f-768ab3b4c2ac",
            "name": "New World Paremata"
        }
    },
    {
        "productData": {
            "name": "V Sugarfree Blue Guarana Energy Drink 500ml",
            "productId": "5283362_ea_000",
            "productShopPage": "https://www.newworld.co.nz/shop/product/5283362_ea_000nw",
            "productImageURL": "https://a.fsimg.co.nz/product/retail/fan/image/master/5283362.png",
            "productDescription": "Sugar free\n\nProduct of New Zealand",
            "volume": "500mL",
            "multipack": {
                "quantity": "1"
            }
        },
        "priceData": {
            "bestPrice": "3.49",
            "price": "3.49",
            "pricePerLitre": 7.0,
            "bestPricePerLitre": 7.0
        },
        "store": {
            "id": "6defcd27-e944-45ad-982f-768ab3b4c2ac",
            "name": "New World Paremata"
        }
    },
    {
        "productData": {
            "name": "V Original Guarana Energy Drink 350ml",
            "productId": "5003156_ea_000",
            "productShopPage": "https://www.newworld.co.nz/shop/product/5003156_ea_000nw",
            "productImageURL": "https://a.fsimg.co.nz/product/retail/fan/image/master/5003156.png",
            "productDescription": "Buy 2 for $5.00.\n\n\nContains Caffeine.\n\nProduct of New Zealand",
            "volume": "350mL",
            "multipack": {
                "quantity": "1"
            }
        },
        "priceData": {
            "bestPrice": 2.5,
            "price": 2.0,
            "pricePerLitre": 5.714285714285714,
            "bestPricePerLitre": 7.142857142857143,
            "multiBuy": {
                "quantity": 2.0,
                "value": 5.0,
                "perUnit": 2.5
            }
        },
        "store": {
            "id": "6defcd27-e944-45ad-982f-768ab3b4c2ac",
            "name": "New World Paremata"
        }
    },
    {
        "productData": {
            "name": "V Blue Guarana Energy Drink Cans 10pk",
            "productId": "5228254_ea_000",
            "productShopPage": "https://www.newworld.co.nz/shop/product/5228254_ea_000nw",
            "productImageURL": "https://a.fsimg.co.nz/product/retail/fan/image/master/5228254.png",
            "productDescription": "Product of New Zealand",
            "volume": "200mL",
            "multipack": {
                "quantity": "10"
            }
        },
        "priceData": {
            "bestPrice": "15.29",
            "price": "15.29",
            "pricePerLitre": 7.6450000000000005,
            "bestPricePerLitre": 7.6450000000000005
        },
        "store": {
            "id": "6defcd27-e944-45ad-982f-768ab3b4c2ac",
            "name": "New World Paremata"
        }
    },
    {
        "productData": {
            "name": "V Blue Guarana Energy Drink 4pk",
            "productId": "5210055_ea_000",
            "productShopPage": "https://www.newworld.co.nz/shop/product/5210055_ea_000nw",
            "productImageURL": "https://a.fsimg.co.nz/product/retail/fan/image/master/5210055.png",
            "productDescription": "Product of New Zealand",
            "volume": "275mL",
            "multipack": {
                "quantity": "4"
            }
        },
        "priceData": {
            "bestPrice": "9.10",
            "price": "9.10",
            "pricePerLitre": 8.299999999999999,
            "bestPricePerLitre": 8.299999999999999
        },
        "store": {
            "id": "6defcd27-e944-45ad-982f-768ab3b4c2ac",
            "name": "New World Paremata"
        }
    },
    {
        "productData": {
            "name": "V Blue Guarana Energy Drink 350ml",
            "productId": "5007492_ea_000",
            "productShopPage": "https://www.newworld.co.nz/shop/product/5007492_ea_000nw",
            "productImageURL": "https://a.fsimg.co.nz/product/retail/fan/image/master/5007492.png",
            "productDescription": "Buy 2 for $5.00.\n\n\nContains Caffeine, Wheat Derivatives.\n\nProduct of New Zealand",
            "volume": "350mL",
            "multipack": {
                "quantity": "1"
            }
        },
        "priceData": {
            "bestPrice": 2.5,
            "price": 2.0,
            "pricePerLitre": 5.714285714285714,
            "bestPricePerLitre": 7.142857142857143,
            "multiBuy": {
                "quantity": 2.0,
                "value": 5.0,
                "perUnit": 2.5
            }
        },
        "store": {
            "id": "6defcd27-e944-45ad-982f-768ab3b4c2ac",
            "name": "New World Paremata"
        }
    },
    {
        "productData": {
            "name": "V Blue Energy Drink 500ml",
            "productId": "5020662_ea_000",
            "productShopPage": "https://www.newworld.co.nz/shop/product/5020662_ea_000nw",
            "productImageURL": "https://a.fsimg.co.nz/product/retail/fan/image/master/5020662.png",
            "productDescription": "Buy 2 for $5.00.\n\n\n\n\nProduct of New Zealand",
            "volume": "500mL",
            "multipack": {
                "quantity": "1"
            }
        },
        "priceData": {
            "bestPrice": 2.5,
            "price": 2.0,
            "pricePerLitre": 4.0,
            "bestPricePerLitre": 5.0,
            "multiBuy": {
                "quantity": 2.0,
                "value": 5.0,
                "perUnit": 2.5
            }
        },
        "store": {
            "id": "6defcd27-e944-45ad-982f-768ab3b4c2ac",
            "name": "New World Paremata"
        }
    },
    {
        "productData": {
            "name": "V Blue Guarana Energy Drink 500ml",
            "productId": "5007494_ea_000",
            "productShopPage": "https://www.newworld.co.nz/shop/product/5007494_ea_000nw",
            "productImageURL": "https://a.fsimg.co.nz/product/retail/fan/image/master/5007494.png",
            "productDescription": "Contains Wheat Derivatives, Caffeine.\n\nProduct of New Zealand",
            "volume": "500mL",
            "multipack": {
                "quantity": "1"
            }
        },
        "priceData": {
            "bestPrice": "3.49",
            "price": "3.49",
            "pricePerLitre": 7.0,
            "bestPricePerLitre": 7.0
        },
        "store": {
            "id": "6defcd27-e944-45ad-982f-768ab3b4c2ac",
            "name": "New World Paremata"
        }
    },
    {
        "productData": {
            "name": "V Original Guarana Energy Drink 250ml",
            "productId": "5003151_ea_000",
            "productShopPage": "https://www.newworld.co.nz/shop/product/5003151_ea_000nw",
            "productImageURL": "https://a.fsimg.co.nz/product/retail/fan/image/master/5003151.png",
            "productDescription": "Contains Caffeine.\n\nProduct of New Zealand",
            "volume": "250mL",
            "multipack": {
                "quantity": "1"
            }
        },
        "priceData": {
            "bestPrice": "1.99",
            "price": "1.99",
            "pricePerLitre": 8.0,
            "bestPricePerLitre": 8.0
        },
        "store": {
            "id": "6defcd27-e944-45ad-982f-768ab3b4c2ac",
            "name": "New World Paremata"
        }
    },
    {
        "productData": {
            "name": "Red Bull Energy Drink 250ml Cans 4pk",
            "productId": "5001443_ea_000",
            "productShopPage": "https://www.newworld.co.nz/shop/product/5001443_ea_000nw",
            "productImageURL": "https://a.fsimg.co.nz/product/retail/fan/image/master/5001443.png",
            "productDescription": "Red Bull Energy Drink's special formula contains ingredients of high quality: Caffeine, Taurine, B-Group Vitamins, Sugars, Alpine Water.One 250ml can of Red Bull Energy Drinks contains 80 mg of caffeine, about the same amount as in a cup of home-brewed coffee.The amount of sugars in a can of Red Bull Energy Drink is comparable to the level of sugars in an equivalent amount of apple or orange juice – 11 g per 100ml.Red Bull cans are made of 100% recyclable aluminium.Pack of four 250ml Red Bull Energy Drink cansVitalizes Body and Mind.®RED BULL GIVES YOU WINGSInspired by functional drinks from the Far East, Dietrich Mateschitz founded Red Bull in the mid-1980s. He developed a new product and a unique marketing concept and launched Red Bull Energy Drink on April 1, 1987 in Austria. A brand new product category - Energy Drinks - was born.",
            "volume": "250mL",
            "multipack": {
                "quantity": "4"
            }
        },
        "priceData": {
            "bestPrice": "8.29",
            "price": "8.29",
            "pricePerLitre": 8.299999999999999,
            "bestPricePerLitre": 8.299999999999999
        },
        "store": {
            "id": "6defcd27-e944-45ad-982f-768ab3b4c2ac",
            "name": "New World Paremata"
        }
    },
    {
        "productData": {
            "name": "Lucozade Orange Energy Drink 380ml",
            "productId": "5009239_ea_000",
            "productShopPage": "https://www.newworld.co.nz/shop/product/5009239_ea_000nw",
            "productImageURL": "https://a.fsimg.co.nz/product/retail/fan/image/master/5009239.png",
            "productDescription": "Powered by Glucose.\n\nProduct of New Zealand",
            "volume": "380mL",
            "multipack": {
                "quantity": "1"
            }
        },
        "priceData": {
            "bestPrice": "2.69",
            "price": "2.69",
            "pricePerLitre": 7.08,
            "bestPricePerLitre": 7.08
        },
        "store": {
            "id": "6defcd27-e944-45ad-982f-768ab3b4c2ac",
            "name": "New World Paremata"
        }
    },
    {
        "productData": {
            "name": "V Pure Natural Energy Drink Glass Bottle 330ml",
            "productId": "5237753_ea_000",
            "productShopPage": "https://www.newworld.co.nz/shop/product/5237753_ea_000nw",
            "productImageURL": "https://a.fsimg.co.nz/product/retail/fan/image/master/5237753.png",
            "productDescription": "Buy 2 for $5.00.\n\n\nNothing artificial\n\nProduct of New Zealand",
            "volume": "330mL",
            "multipack": {
                "quantity": "1"
            }
        },
        "priceData": {
            "bestPrice": 2.5,
            "price": 2.0,
            "pricePerLitre": 6.0606060606060606,
            "bestPricePerLitre": 7.575757575757575,
            "multiBuy": {
                "quantity": 2.0,
                "value": 5.0,
                "perUnit": 2.5
            }
        },
        "store": {
            "id": "6defcd27-e944-45ad-982f-768ab3b4c2ac",
            "name": "New World Paremata"
        }
    },
    {
        "productData": {
            "name": "Lucozade Original Energy Drink 380ml",
            "productId": "5009240_ea_000",
            "productShopPage": "https://www.newworld.co.nz/shop/product/5009240_ea_000nw",
            "productImageURL": "https://a.fsimg.co.nz/product/retail/fan/image/master/5009240.png",
            "productDescription": "Energy from Glucose.\n\nProduct of New Zealand",
            "volume": "380mL",
            "multipack": {
                "quantity": "1"
            }
        },
        "priceData": {
            "bestPrice": "2.69",
            "price": "2.69",
            "pricePerLitre": 7.08,
            "bestPricePerLitre": 7.08
        },
        "store": {
            "id": "6defcd27-e944-45ad-982f-768ab3b4c2ac",
            "name": "New World Paremata"
        }
    },
    {
        "productData": {
            "name": "Rockstar Watermelon Freeze Energy Drink 500ml",
            "productId": "5257298_ea_000",
            "productShopPage": "https://www.newworld.co.nz/shop/product/5257298_ea_000nw",
            "productImageURL": "https://a.fsimg.co.nz/product/retail/fan/image/master/5257298.png",
            "productDescription": "Buy 3 for $5.00.\n\n\n\n\nProduct of New Zealand",
            "volume": "500mL",
            "multipack": {
                "quantity": "1"
            }
        },
        "priceData": {
            "bestPrice": 1.6666666666666667,
            "price": 1.0,
            "pricePerLitre": 2.0,
            "bestPricePerLitre": 3.3333333333333335,
            "multiBuy": {
                "quantity": 3.0,
                "value": 5.0,
                "perUnit": 1.6666666666666667
            }
        },
        "store": {
            "id": "6defcd27-e944-45ad-982f-768ab3b4c2ac",
            "name": "New World Paremata"
        }
    },
    {
        "productData": {
            "name": "Rockstar Original Energy Drink 500ml",
            "productId": "5215383_ea_000",
            "productShopPage": "https://www.newworld.co.nz/shop/product/5215383_ea_000nw",
            "productImageURL": "https://a.fsimg.co.nz/product/retail/fan/image/master/5215383.png",
            "productDescription": "Buy 3 for $5.00.\n\n\nCaffeine; B vitamins; Vitamin C; Taurine; Ginseng\n\nProduct of New Zealand",
            "volume": "500mL",
            "multipack": {
                "quantity": "1"
            }
        },
        "priceData": {
            "bestPrice": 1.6666666666666667,
            "price": 1.0,
            "pricePerLitre": 2.0,
            "bestPricePerLitre": 3.3333333333333335,
            "multiBuy": {
                "quantity": 3.0,
                "value": 5.0,
                "perUnit": 1.6666666666666667
            }
        },
        "store": {
            "id": "6defcd27-e944-45ad-982f-768ab3b4c2ac",
            "name": "New World Paremata"
        }
    },
    {
        "productData": {
            "name": "V Raspberry Lemonade Guarana Energy Drink 4pk",
            "productId": "5289907_ea_000",
            "productShopPage": "https://www.newworld.co.nz/shop/product/5289907_ea_000nw",
            "productImageURL": "https://a.fsimg.co.nz/product/retail/fan/image/master/5289907.png",
            "productDescription": "Limit 12 assorted.\n\n\n\n\nProduct of New Zealand",
            "volume": "250mL",
            "multipack": {
                "quantity": "4"
            }
        },
        "priceData": {
            "bestPrice": "5.99",
            "price": "5.99",
            "pricePerLitre": 5.99,
            "bestPricePerLitre": 5.99
        },
        "store": {
            "id": "6defcd27-e944-45ad-982f-768ab3b4c2ac",
            "name": "New World Paremata"
        }
    },
    {
        "productData": {
            "name": "V Raspberry Lemonade Can 500ml",
            "productId": "5264523_ea_000",
            "productShopPage": "https://www.newworld.co.nz/shop/product/5264523_ea_000nw",
            "productImageURL": "https://a.fsimg.co.nz/product/retail/fan/image/master/5264523.png",
            "productDescription": "Product of New Zealand",
            "volume": "500mL",
            "multipack": {
                "quantity": "1"
            }
        },
        "priceData": {
            "bestPrice": "3.49",
            "price": "3.49",
            "pricePerLitre": 7.0,
            "bestPricePerLitre": 7.0
        },
        "store": {
            "id": "6defcd27-e944-45ad-982f-768ab3b4c2ac",
            "name": "New World Paremata"
        }
    },
    {
        "productData": {
            "name": "V Blue Can 4pk",
            "productId": "5030249_ea_000",
            "productShopPage": "https://www.newworld.co.nz/shop/product/5030249_ea_000nw",
            "productImageURL": "https://a.fsimg.co.nz/product/retail/fan/image/master/5030249.png",
            "productDescription": "Limit 12 assorted.\n\n\nContains Wheat Derivatives, Caffeine.\n\nProduct of New Zealand",
            "volume": "250mL",
            "multipack": {
                "quantity": "4"
            }
        },
        "priceData": {
            "bestPrice": "5.99",
            "price": "5.99",
            "pricePerLitre": 5.99,
            "bestPricePerLitre": 5.99
        },
        "store": {
            "id": "6defcd27-e944-45ad-982f-768ab3b4c2ac",
            "name": "New World Paremata"
        }
    },
    {
        "productData": {
            "name": "Monster Zero Sugar Ultra Rosa Energy Drink 500ml",
            "productId": "5278094_ea_000",
            "productShopPage": "https://www.newworld.co.nz/shop/product/5278094_ea_000nw",
            "productImageURL": "https://a.fsimg.co.nz/product/retail/fan/image/master/5278094.png",
            "productDescription": "Product of Imported",
            "volume": "500mL",
            "multipack": {
                "quantity": "1"
            }
        },
        "priceData": {
            "bestPrice": "2.99",
            "price": "2.99",
            "pricePerLitre": 6.0,
            "bestPricePerLitre": 6.0
        },
        "store": {
            "id": "6defcd27-e944-45ad-982f-768ab3b4c2ac",
            "name": "New World Paremata"
        }
    },
    {
        "productData": {
            "name": "Monster Mule Energy Drink 500ml",
            "productId": "5269459_ea_000",
            "productShopPage": "https://www.newworld.co.nz/shop/product/5269459_ea_000nw",
            "productImageURL": "https://a.fsimg.co.nz/product/retail/fan/image/master/5269459.png",
            "productDescription": "Product of Imported",
            "volume": "500mL",
            "multipack": {
                "quantity": "1"
            }
        },
        "priceData": {
            "bestPrice": "2.99",
            "price": "2.99",
            "pricePerLitre": 6.0,
            "bestPricePerLitre": 6.0
        },
        "store": {
            "id": "6defcd27-e944-45ad-982f-768ab3b4c2ac",
            "name": "New World Paremata"
        }
    },
    {
        "productData": {
            "name": "Monster Ultra Paradise Energy Drink 500ml",
            "productId": "5261257_ea_000",
            "productShopPage": "https://www.newworld.co.nz/shop/product/5261257_ea_000nw",
            "productImageURL": "https://a.fsimg.co.nz/product/retail/fan/image/master/5261257.png",
            "productDescription": "Product of Imported",
            "volume": "500mL",
            "multipack": {
                "quantity": "1"
            }
        },
        "priceData": {
            "bestPrice": "2.99",
            "price": "2.99",
            "pricePerLitre": 6.0,
            "bestPricePerLitre": 6.0
        },
        "store": {
            "id": "6defcd27-e944-45ad-982f-768ab3b4c2ac",
            "name": "New World Paremata"
        }
    },
    {
        "productData": {
            "name": "V Energy Drink Green Cans 4pk",
            "productId": "5002893_ea_000",
            "productShopPage": "https://www.newworld.co.nz/shop/product/5002893_ea_000nw",
            "productImageURL": "https://a.fsimg.co.nz/product/retail/fan/image/master/5002893.png",
            "productDescription": "Limit 12 assorted.\n\n\nContains Caffeine.\n\nProduct of New Zealand",
            "volume": "250mL",
            "multipack": {
                "quantity": "4"
            }
        },
        "priceData": {
            "bestPrice": "5.99",
            "price": "5.99",
            "pricePerLitre": 5.99,
            "bestPricePerLitre": 5.99
        },
        "store": {
            "id": "6defcd27-e944-45ad-982f-768ab3b4c2ac",
            "name": "New World Paremata"
        }
    },
    {
        "productData": {
            "name": "Monster Ultra Zero Drink 500ml",
            "productId": "5090618_ea_000",
            "productShopPage": "https://www.newworld.co.nz/shop/product/5090618_ea_000nw",
            "productImageURL": "https://a.fsimg.co.nz/product/retail/fan/image/master/5090618.png",
            "productDescription": "A little less sweet, lighter-tasting, zero calories, but with a full load of our Monster energy blend. Sure, white is the new black. Monster Energy Zero Ultra. Unleash the Ultra Beast!\n\nProduct of Imported",
            "volume": "500mL",
            "multipack": {
                "quantity": "1"
            }
        },
        "priceData": {
            "bestPrice": "2.99",
            "price": "2.99",
            "pricePerLitre": 6.0,
            "bestPricePerLitre": 6.0
        },
        "store": {
            "id": "6defcd27-e944-45ad-982f-768ab3b4c2ac",
            "name": "New World Paremata"
        }
    },
    {
        "productData": {
            "name": "Monster Super Fuel Zero Sugar Energy Drink 550ml",
            "productId": "5284331_ea_000",
            "productShopPage": "https://www.newworld.co.nz/shop/product/5284331_ea_000nw",
            "productImageURL": "https://a.fsimg.co.nz/product/retail/fan/image/master/5284331.png",
            "productDescription": "Product of Imported",
            "volume": "550mL",
            "multipack": {
                "quantity": "1"
            }
        },
        "priceData": {
            "bestPrice": "3.49",
            "price": "3.49",
            "pricePerLitre": 6.345454545454546,
            "bestPricePerLitre": 6.345454545454546
        },
        "store": {
            "id": "6defcd27-e944-45ad-982f-768ab3b4c2ac",
            "name": "New World Paremata"
        }
    },
    {
        "productData": {
            "name": "Mother Energy Drink Can 500ml",
            "productId": "5011153_ea_000",
            "productShopPage": "https://www.newworld.co.nz/shop/product/5011153_ea_000nw",
            "productImageURL": "https://a.fsimg.co.nz/product/retail/fan/image/master/5011153.png",
            "productDescription": "Contains Caffeine.\n\nProduct of New Zealand",
            "volume": "500mL",
            "multipack": {
                "quantity": "1"
            }
        },
        "priceData": {
            "bestPrice": "1.99",
            "price": "1.99",
            "pricePerLitre": 4.0,
            "bestPricePerLitre": 4.0
        },
        "store": {
            "id": "6defcd27-e944-45ad-982f-768ab3b4c2ac",
            "name": "New World Paremata"
        }
    },
    {
        "productData": {
            "name": "Monster Super Fuel Purple Passion Energy Drink 550ml",
            "productId": "5284332_ea_000",
            "productShopPage": "https://www.newworld.co.nz/shop/product/5284332_ea_000nw",
            "productImageURL": "https://a.fsimg.co.nz/product/retail/fan/image/master/5284332.png",
            "productDescription": "Product of Imported",
            "volume": "550mL",
            "multipack": {
                "quantity": "1"
            }
        },
        "priceData": {
            "bestPrice": "3.49",
            "price": "3.49",
            "pricePerLitre": 6.345454545454546,
            "bestPricePerLitre": 6.345454545454546
        },
        "store": {
            "id": "6defcd27-e944-45ad-982f-768ab3b4c2ac",
            "name": "New World Paremata"
        }
    },
    {
        "productData": {
            "name": "Monster Energy Drink 500ml",
            "productId": "5007647_ea_000",
            "productShopPage": "https://www.newworld.co.nz/shop/product/5007647_ea_000nw",
            "productImageURL": "https://a.fsimg.co.nz/product/retail/fan/image/master/5007647.png",
            "productDescription": "Contains Caffeine.\n\nProduct of Imported",
            "volume": "500mL",
            "multipack": {
                "quantity": "1"
            }
        },
        "priceData": {
            "bestPrice": "2.99",
            "price": "2.99",
            "pricePerLitre": 6.0,
            "bestPricePerLitre": 6.0
        },
        "store": {
            "id": "6defcd27-e944-45ad-982f-768ab3b4c2ac",
            "name": "New World Paremata"
        }
    },
    {
        "productData": {
            "name": "V Sugarfree Guarana Energy Drink 4pk",
            "productId": "5210130_ea_000",
            "productShopPage": "https://www.newworld.co.nz/shop/product/5210130_ea_000nw",
            "productImageURL": "https://a.fsimg.co.nz/product/retail/fan/image/master/5210130.png",
            "productDescription": "Sugarfree\n\nProduct of New Zealand",
            "volume": "275mL",
            "multipack": {
                "quantity": "4"
            }
        },
        "priceData": {
            "bestPrice": "9.10",
            "price": "9.10",
            "pricePerLitre": 8.299999999999999,
            "bestPricePerLitre": 8.299999999999999
        },
        "store": {
            "id": "6defcd27-e944-45ad-982f-768ab3b4c2ac",
            "name": "New World Paremata"
        }
    },
    {
        "productData": {
            "name": "V Sugarfree Guarana Energy Drink 500ml",
            "productId": "5007644_ea_000",
            "productShopPage": "https://www.newworld.co.nz/shop/product/5007644_ea_000nw",
            "productImageURL": "https://a.fsimg.co.nz/product/retail/fan/image/master/5007644.png",
            "productDescription": "Sugar Free.\n\nProduct of New Zealand",
            "volume": "500mL",
            "multipack": {
                "quantity": "1"
            }
        },
        "priceData": {
            "bestPrice": "3.49",
            "price": "3.49",
            "pricePerLitre": 7.0,
            "bestPricePerLitre": 7.0
        },
        "store": {
            "id": "6defcd27-e944-45ad-982f-768ab3b4c2ac",
            "name": "New World Paremata"
        }
    },
    {
        "productData": {
            "name": "V Original Guarana Energy Drink 500ml",
            "productId": "5004703_ea_000",
            "productShopPage": "https://www.newworld.co.nz/shop/product/5004703_ea_000nw",
            "productImageURL": "https://a.fsimg.co.nz/product/retail/fan/image/master/5004703.png",
            "productDescription": "Contains Caffeine.\n\nProduct of New Zealand",
            "volume": "500mL",
            "multipack": {
                "quantity": "1"
            }
        },
        "priceData": {
            "bestPrice": "3.49",
            "price": "3.49",
            "pricePerLitre": 7.0,
            "bestPricePerLitre": 7.0
        },
        "store": {
            "id": "6defcd27-e944-45ad-982f-768ab3b4c2ac",
            "name": "New World Paremata"
        }
    },
    {
        "productData": {
            "name": "V Original Guarana Energy Drink 4pk",
            "productId": "5210048_ea_000",
            "productShopPage": "https://www.newworld.co.nz/shop/product/5210048_ea_000nw",
            "productImageURL": "https://a.fsimg.co.nz/product/retail/fan/image/master/5210048.png",
            "productDescription": "Product of New Zealand",
            "volume": "275mL",
            "multipack": {
                "quantity": "4"
            }
        },
        "priceData": {
            "bestPrice": "9.10",
            "price": "9.10",
            "pricePerLitre": 8.299999999999999,
            "bestPricePerLitre": 8.299999999999999
        },
        "store": {
            "id": "6defcd27-e944-45ad-982f-768ab3b4c2ac",
            "name": "New World Paremata"
        }
    },
    {
        "productData": {
            "name": "V Green Guarana Energy Drink Cans 10pk",
            "productId": "5210061_ea_000",
            "productShopPage": "https://www.newworld.co.nz/shop/product/5210061_ea_000nw",
            "productImageURL": "https://a.fsimg.co.nz/product/retail/fan/image/master/5210061.png",
            "productDescription": "Product of New Zealand",
            "volume": "200mL",
            "multipack": {
                "quantity": "10"
            }
        },
        "priceData": {
            "bestPrice": "15.29",
            "price": "15.29",
            "pricePerLitre": 7.6,
            "bestPricePerLitre": 7.6
        },
        "store": {
            "id": "6defcd27-e944-45ad-982f-768ab3b4c2ac",
            "name": "New World Paremata"
        }
    },
    {
        "productData": {
            "name": "V Original Guarana Energy Drink 500ml",
            "productId": "5007441_ea_000",
            "productShopPage": "https://www.newworld.co.nz/shop/product/5007441_ea_000nw",
            "productImageURL": "https://a.fsimg.co.nz/product/retail/fan/image/master/5007441.png",
            "productDescription": "Buy 2 for $5.00.\n\n\nContains Wheat Derivatives, Caffeine.\n\nProduct of New Zealand",
            "volume": "500mL",
            "multipack": {
                "quantity": "1"
            }
        },
        "priceData": {
            "bestPrice": 2.5,
            "price": 2.0,
            "pricePerLitre": 4.0,
            "bestPricePerLitre": 5.0,
            "multiBuy": {
                "quantity": 2.0,
                "value": 5.0,
                "perUnit": 2.5
            }
        },
        "store": {
            "id": "6defcd27-e944-45ad-982f-768ab3b4c2ac",
            "name": "New World Paremata"
        }
    },
    {
        "productData": {
            "name": "V Blue Guarana Energy Drink 250ml",
            "productId": "5007495_ea_000",
            "productShopPage": "https://www.newworld.co.nz/shop/product/5007495_ea_000nw",
            "productImageURL": "https://a.fsimg.co.nz/product/retail/fan/image/master/5007495.png",
            "productDescription": "Contains Caffeine, Wheat Derivatives.\n\nProduct of New Zealand",
            "volume": "250mL",
            "multipack": {
                "quantity": "1"
            }
        },
        "priceData": {
            "bestPrice": "1.99",
            "price": "1.99",
            "pricePerLitre": 8.0,
            "bestPricePerLitre": 8.0
        },
        "store": {
            "id": "79b03f4b-5e2b-437c-83f8-54d9dace4999",
            "name": "New World Turangi"
        }
    },
    {
        "productData": {
            "name": "V Sugarfree Blue Guarana Energy Drink 4pk",
            "productId": "5289891_ea_000",
            "productShopPage": "https://www.newworld.co.nz/shop/product/5289891_ea_000nw",
            "productImageURL": "https://a.fsimg.co.nz/product/retail/fan/image/master/5289891.png",
            "productDescription": "Limit 12 assorted.\n\n\n\n\nProduct of New Zealand",
            "volume": "250mL",
            "multipack": {
                "quantity": "4"
            }
        },
        "priceData": {
            "bestPrice": "5.99",
            "price": "5.99",
            "pricePerLitre": 5.99,
            "bestPricePerLitre": 5.99
        },
        "store": {
            "id": "79b03f4b-5e2b-437c-83f8-54d9dace4999",
            "name": "New World Turangi"
        }
    },
    {
        "productData": {
            "name": "V Sugarfree Blue Guarana Energy Drink 500ml",
            "productId": "5283362_ea_000",
            "productShopPage": "https://www.newworld.co.nz/shop/product/5283362_ea_000nw",
            "productImageURL": "https://a.fsimg.co.nz/product/retail/fan/image/master/5283362.png",
            "productDescription": "Sugar free\n\nProduct of New Zealand",
            "volume": "500mL",
            "multipack": {
                "quantity": "1"
            }
        },
        "priceData": {
            "bestPrice": "3.49",
            "price": "3.49",
            "pricePerLitre": 7.0,
            "bestPricePerLitre": 7.0
        },
        "store": {
            "id": "79b03f4b-5e2b-437c-83f8-54d9dace4999",
            "name": "New World Turangi"
        }
    },
    {
        "productData": {
            "name": "V Original Guarana Energy Drink 350ml",
            "productId": "5003156_ea_000",
            "productShopPage": "https://www.newworld.co.nz/shop/product/5003156_ea_000nw",
            "productImageURL": "https://a.fsimg.co.nz/product/retail/fan/image/master/5003156.png",
            "productDescription": "Buy 2 for $5.00.\n\n\nContains Caffeine.\n\nProduct of New Zealand",
            "volume": "350mL",
            "multipack": {
                "quantity": "1"
            }
        },
        "priceData": {
            "bestPrice": 2.5,
            "price": 2.0,
            "pricePerLitre": 5.714285714285714,
            "bestPricePerLitre": 7.142857142857143,
            "multiBuy": {
                "quantity": 2.0,
                "value": 5.0,
                "perUnit": 2.5
            }
        },
        "store": {
            "id": "79b03f4b-5e2b-437c-83f8-54d9dace4999",
            "name": "New World Turangi"
        }
    },
    {
        "productData": {
            "name": "V Blue Guarana Energy Drink Cans 10pk",
            "productId": "5228254_ea_000",
            "productShopPage": "https://www.newworld.co.nz/shop/product/5228254_ea_000nw",
            "productImageURL": "https://a.fsimg.co.nz/product/retail/fan/image/master/5228254.png",
            "productDescription": "Product of New Zealand",
            "volume": "200mL",
            "multipack": {
                "quantity": "10"
            }
        },
        "priceData": {
            "bestPrice": "15.89",
            "price": "15.89",
            "pricePerLitre": 7.945,
            "bestPricePerLitre": 7.945
        },
        "store": {
            "id": "79b03f4b-5e2b-437c-83f8-54d9dace4999",
            "name": "New World Turangi"
        }
    },
    {
        "productData": {
            "name": "V Blue Guarana Energy Drink 350ml",
            "productId": "5007492_ea_000",
            "productShopPage": "https://www.newworld.co.nz/shop/product/5007492_ea_000nw",
            "productImageURL": "https://a.fsimg.co.nz/product/retail/fan/image/master/5007492.png",
            "productDescription": "Buy 2 for $5.00.\n\n\nContains Caffeine, Wheat Derivatives.\n\nProduct of New Zealand",
            "volume": "350mL",
            "multipack": {
                "quantity": "1"
            }
        },
        "priceData": {
            "bestPrice": 2.5,
            "price": 2.0,
            "pricePerLitre": 5.714285714285714,
            "bestPricePerLitre": 7.142857142857143,
            "multiBuy": {
                "quantity": 2.0,
                "value": 5.0,
                "perUnit": 2.5
            }
        },
        "store": {
            "id": "79b03f4b-5e2b-437c-83f8-54d9dace4999",
            "name": "New World Turangi"
        }
    },
    {
        "productData": {
            "name": "V Blue Energy Drink 500ml",
            "productId": "5020662_ea_000",
            "productShopPage": "https://www.newworld.co.nz/shop/product/5020662_ea_000nw",
            "productImageURL": "https://a.fsimg.co.nz/product/retail/fan/image/master/5020662.png",
            "productDescription": "Buy 2 for $5.00.\n\n\n\n\nProduct of New Zealand",
            "volume": "500mL",
            "multipack": {
                "quantity": "1"
            }
        },
        "priceData": {
            "bestPrice": 2.5,
            "price": 2.0,
            "pricePerLitre": 4.0,
            "bestPricePerLitre": 5.0,
            "multiBuy": {
                "quantity": 2.0,
                "value": 5.0,
                "perUnit": 2.5
            }
        },
        "store": {
            "id": "79b03f4b-5e2b-437c-83f8-54d9dace4999",
            "name": "New World Turangi"
        }
    },
    {
        "productData": {
            "name": "V Blue Guarana Energy Drink 500ml",
            "productId": "5007494_ea_000",
            "productShopPage": "https://www.newworld.co.nz/shop/product/5007494_ea_000nw",
            "productImageURL": "https://a.fsimg.co.nz/product/retail/fan/image/master/5007494.png",
            "productDescription": "Contains Wheat Derivatives, Caffeine.\n\nProduct of New Zealand",
            "volume": "500mL",
            "multipack": {
                "quantity": "1"
            }
        },
        "priceData": {
            "bestPrice": "3.49",
            "price": "3.49",
            "pricePerLitre": 7.0,
            "bestPricePerLitre": 7.0
        },
        "store": {
            "id": "79b03f4b-5e2b-437c-83f8-54d9dace4999",
            "name": "New World Turangi"
        }
    },
    {
        "productData": {
            "name": "Red Bull Energy Drink 473ml",
            "productId": "5005255_ea_000",
            "productShopPage": "https://www.newworld.co.nz/shop/product/5005255_ea_000nw",
            "productImageURL": "https://a.fsimg.co.nz/product/retail/fan/image/master/5005255.png",
            "productDescription": "Red Bull Energy Drink's special formula contains ingredients of high quality: Caffeine, Taurine, B-Group Vitamins, Sugars, Alpine Water.One 250ml can of Red Bull Energy Drinks contains 80 mg of caffeine, about the same amount as in a cup of home-brewed coffee.The amount of sugars in a can of Red Bull Energy Drink is comparable to the level of sugars in an equivalent amount of apple or orange juice – 11 g per 100ml.Red Bull cans are made of 100% recyclable aluminium.Red Bull Energy Drink 473ml canVitalizes Body and Mind.®RED BULL GIVES YOU WINGSInspired by functional drinks from the Far East, Dietrich Mateschitz founded Red Bull in the mid-1980s. He developed a new product and a unique marketing concept and launched Red Bull Energy Drink on April 1, 1987 in Austria. A brand new product category - Energy Drinks - was born.\n\nProduct of Imported",
            "volume": "473mL",
            "multipack": {
                "quantity": "1"
            }
        },
        "priceData": {
            "bestPrice": "3.79",
            "price": "3.79",
            "pricePerLitre": 8.0,
            "bestPricePerLitre": 8.0
        },
        "store": {
            "id": "79b03f4b-5e2b-437c-83f8-54d9dace4999",
            "name": "New World Turangi"
        }
    },
    {
        "productData": {
            "name": "V Original Guarana Energy Drink 250ml",
            "productId": "5003151_ea_000",
            "productShopPage": "https://www.newworld.co.nz/shop/product/5003151_ea_000nw",
            "productImageURL": "https://a.fsimg.co.nz/product/retail/fan/image/master/5003151.png",
            "productDescription": "Contains Caffeine.\n\nProduct of New Zealand",
            "volume": "250mL",
            "multipack": {
                "quantity": "1"
            }
        },
        "priceData": {
            "bestPrice": "1.99",
            "price": "1.99",
            "pricePerLitre": 8.0,
            "bestPricePerLitre": 8.0
        },
        "store": {
            "id": "79b03f4b-5e2b-437c-83f8-54d9dace4999",
            "name": "New World Turangi"
        }
    },
    {
        "productData": {
            "name": "Red Bull Energy Drink 250ml Cans 4pk",
            "productId": "5001443_ea_000",
            "productShopPage": "https://www.newworld.co.nz/shop/product/5001443_ea_000nw",
            "productImageURL": "https://a.fsimg.co.nz/product/retail/fan/image/master/5001443.png",
            "productDescription": "Red Bull Energy Drink's special formula contains ingredients of high quality: Caffeine, Taurine, B-Group Vitamins, Sugars, Alpine Water.One 250ml can of Red Bull Energy Drinks contains 80 mg of caffeine, about the same amount as in a cup of home-brewed coffee.The amount of sugars in a can of Red Bull Energy Drink is comparable to the level of sugars in an equivalent amount of apple or orange juice – 11 g per 100ml.Red Bull cans are made of 100% recyclable aluminium.Pack of four 250ml Red Bull Energy Drink cansVitalizes Body and Mind.®RED BULL GIVES YOU WINGSInspired by functional drinks from the Far East, Dietrich Mateschitz founded Red Bull in the mid-1980s. He developed a new product and a unique marketing concept and launched Red Bull Energy Drink on April 1, 1987 in Austria. A brand new product category - Energy Drinks - was born.",
            "volume": "250mL",
            "multipack": {
                "quantity": "4"
            }
        },
        "priceData": {
            "bestPrice": "8.59",
            "price": "8.59",
            "pricePerLitre": 8.6,
            "bestPricePerLitre": 8.6
        },
        "store": {
            "id": "79b03f4b-5e2b-437c-83f8-54d9dace4999",
            "name": "New World Turangi"
        }
    },
    {
        "productData": {
            "name": "Lucozade Orange Energy Drink 380ml",
            "productId": "5009239_ea_000",
            "productShopPage": "https://www.newworld.co.nz/shop/product/5009239_ea_000nw",
            "productImageURL": "https://a.fsimg.co.nz/product/retail/fan/image/master/5009239.png",
            "productDescription": "Powered by Glucose.\n\nProduct of New Zealand",
            "volume": "380mL",
            "multipack": {
                "quantity": "1"
            }
        },
        "priceData": {
            "bestPrice": "2.69",
            "price": "2.69",
            "pricePerLitre": 7.08,
            "bestPricePerLitre": 7.08
        },
        "store": {
            "id": "79b03f4b-5e2b-437c-83f8-54d9dace4999",
            "name": "New World Turangi"
        }
    },
    {
        "productData": {
            "name": "Lucozade Original Energy Drink 380ml",
            "productId": "5009240_ea_000",
            "productShopPage": "https://www.newworld.co.nz/shop/product/5009240_ea_000nw",
            "productImageURL": "https://a.fsimg.co.nz/product/retail/fan/image/master/5009240.png",
            "productDescription": "Energy from Glucose.\n\nProduct of New Zealand",
            "volume": "380mL",
            "multipack": {
                "quantity": "1"
            }
        },
        "priceData": {
            "bestPrice": "2.69",
            "price": "2.69",
            "pricePerLitre": 7.08,
            "bestPricePerLitre": 7.08
        },
        "store": {
            "id": "79b03f4b-5e2b-437c-83f8-54d9dace4999",
            "name": "New World Turangi"
        }
    },
    {
        "productData": {
            "name": "Rockstar Watermelon Freeze Energy Drink 500ml",
            "productId": "5257298_ea_000",
            "productShopPage": "https://www.newworld.co.nz/shop/product/5257298_ea_000nw",
            "productImageURL": "https://a.fsimg.co.nz/product/retail/fan/image/master/5257298.png",
            "productDescription": "Buy 3 for $5.00.\n\n\n\n\nProduct of New Zealand",
            "volume": "500mL",
            "multipack": {
                "quantity": "1"
            }
        },
        "priceData": {
            "bestPrice": 1.6666666666666667,
            "price": 1.0,
            "pricePerLitre": 2.0,
            "bestPricePerLitre": 3.3333333333333335,
            "multiBuy": {
                "quantity": 3.0,
                "value": 5.0,
                "perUnit": 1.6666666666666667
            }
        },
        "store": {
            "id": "79b03f4b-5e2b-437c-83f8-54d9dace4999",
            "name": "New World Turangi"
        }
    },
    {
        "productData": {
            "name": "V Berry Twist Sugar Free Can 500ml",
            "productId": "5254654_ea_000",
            "productShopPage": "https://www.newworld.co.nz/shop/product/5254654_ea_000nw",
            "productImageURL": "https://a.fsimg.co.nz/product/retail/fan/image/master/5254654.png",
            "productDescription": "Sugarfree\n\nProduct of New Zealand",
            "volume": "500mL",
            "multipack": {
                "quantity": "1"
            }
        },
        "priceData": {
            "bestPrice": "3.49",
            "price": "3.49",
            "pricePerLitre": 7.0,
            "bestPricePerLitre": 7.0
        },
        "store": {
            "id": "79b03f4b-5e2b-437c-83f8-54d9dace4999",
            "name": "New World Turangi"
        }
    },
    {
        "productData": {
            "name": "V Raspberry Lemonade Can 500ml",
            "productId": "5264523_ea_000",
            "productShopPage": "https://www.newworld.co.nz/shop/product/5264523_ea_000nw",
            "productImageURL": "https://a.fsimg.co.nz/product/retail/fan/image/master/5264523.png",
            "productDescription": "Product of New Zealand",
            "volume": "500mL",
            "multipack": {
                "quantity": "1"
            }
        },
        "priceData": {
            "bestPrice": "3.49",
            "price": "3.49",
            "pricePerLitre": 7.0,
            "bestPricePerLitre": 7.0
        },
        "store": {
            "id": "79b03f4b-5e2b-437c-83f8-54d9dace4999",
            "name": "New World Turangi"
        }
    },
    {
        "productData": {
            "name": "Monster Mango Loco Energy Drink 500ml",
            "productId": "5242374_ea_000",
            "productShopPage": "https://www.newworld.co.nz/shop/product/5242374_ea_000nw",
            "productImageURL": "https://a.fsimg.co.nz/product/retail/fan/image/master/5242374.png",
            "productDescription": "Product of Imported",
            "volume": "500mL",
            "multipack": {
                "quantity": "1"
            }
        },
        "priceData": {
            "bestPrice": "2.99",
            "price": "2.99",
            "pricePerLitre": 6.0,
            "bestPricePerLitre": 6.0
        },
        "store": {
            "id": "79b03f4b-5e2b-437c-83f8-54d9dace4999",
            "name": "New World Turangi"
        }
    },
    {
        "productData": {
            "name": "Monster Ultra Paradise Energy Drink 500ml",
            "productId": "5261257_ea_000",
            "productShopPage": "https://www.newworld.co.nz/shop/product/5261257_ea_000nw",
            "productImageURL": "https://a.fsimg.co.nz/product/retail/fan/image/master/5261257.png",
            "productDescription": "Product of Imported",
            "volume": "500mL",
            "multipack": {
                "quantity": "1"
            }
        },
        "priceData": {
            "bestPrice": "2.99",
            "price": "2.99",
            "pricePerLitre": 6.0,
            "bestPricePerLitre": 6.0
        },
        "store": {
            "id": "79b03f4b-5e2b-437c-83f8-54d9dace4999",
            "name": "New World Turangi"
        }
    },
    {
        "productData": {
            "name": "Monster Ultra Zero Drink 500ml",
            "productId": "5090618_ea_000",
            "productShopPage": "https://www.newworld.co.nz/shop/product/5090618_ea_000nw",
            "productImageURL": "https://a.fsimg.co.nz/product/retail/fan/image/master/5090618.png",
            "productDescription": "A little less sweet, lighter-tasting, zero calories, but with a full load of our Monster energy blend. Sure, white is the new black. Monster Energy Zero Ultra. Unleash the Ultra Beast!\n\nProduct of Imported",
            "volume": "500mL",
            "multipack": {
                "quantity": "1"
            }
        },
        "priceData": {
            "bestPrice": "2.99",
            "price": "2.99",
            "pricePerLitre": 6.0,
            "bestPricePerLitre": 6.0
        },
        "store": {
            "id": "79b03f4b-5e2b-437c-83f8-54d9dace4999",
            "name": "New World Turangi"
        }
    },
    {
        "productData": {
            "name": "Mother Energy Drink Can 500ml",
            "productId": "5011153_ea_000",
            "productShopPage": "https://www.newworld.co.nz/shop/product/5011153_ea_000nw",
            "productImageURL": "https://a.fsimg.co.nz/product/retail/fan/image/master/5011153.png",
            "productDescription": "Contains Caffeine.\n\nProduct of New Zealand",
            "volume": "500mL",
            "multipack": {
                "quantity": "1"
            }
        },
        "priceData": {
            "bestPrice": "1.99",
            "price": "1.99",
            "pricePerLitre": 4.0,
            "bestPricePerLitre": 4.0
        },
        "store": {
            "id": "79b03f4b-5e2b-437c-83f8-54d9dace4999",
            "name": "New World Turangi"
        }
    },
    {
        "productData": {
            "name": "Monster Pipeline Punch Energy Drink 500ml",
            "productId": "5242373_ea_000",
            "productShopPage": "https://www.newworld.co.nz/shop/product/5242373_ea_000nw",
            "productImageURL": "https://a.fsimg.co.nz/product/retail/fan/image/master/5242373.png",
            "productDescription": "Product of Imported",
            "volume": "500mL",
            "multipack": {
                "quantity": "1"
            }
        },
        "priceData": {
            "bestPrice": "2.99",
            "price": "2.99",
            "pricePerLitre": 6.0,
            "bestPricePerLitre": 6.0
        },
        "store": {
            "id": "79b03f4b-5e2b-437c-83f8-54d9dace4999",
            "name": "New World Turangi"
        }
    },
    {
        "productData": {
            "name": "Monster Energy Drink 500ml",
            "productId": "5007647_ea_000",
            "productShopPage": "https://www.newworld.co.nz/shop/product/5007647_ea_000nw",
            "productImageURL": "https://a.fsimg.co.nz/product/retail/fan/image/master/5007647.png",
            "productDescription": "Contains Caffeine.\n\nProduct of Imported",
            "volume": "500mL",
            "multipack": {
                "quantity": "1"
            }
        },
        "priceData": {
            "bestPrice": "2.99",
            "price": "2.99",
            "pricePerLitre": 6.0,
            "bestPricePerLitre": 6.0
        },
        "store": {
            "id": "79b03f4b-5e2b-437c-83f8-54d9dace4999",
            "name": "New World Turangi"
        }
    },
    {
        "productData": {
            "name": "V Sugarfree Guarana Energy Drink 4pk",
            "productId": "5210130_ea_000",
            "productShopPage": "https://www.newworld.co.nz/shop/product/5210130_ea_000nw",
            "productImageURL": "https://a.fsimg.co.nz/product/retail/fan/image/master/5210130.png",
            "productDescription": "Sugarfree\n\nProduct of New Zealand",
            "volume": "275mL",
            "multipack": {
                "quantity": "4"
            }
        },
        "priceData": {
            "bestPrice": "9.59",
            "price": "9.59",
            "pricePerLitre": 8.7,
            "bestPricePerLitre": 8.7
        },
        "store": {
            "id": "79b03f4b-5e2b-437c-83f8-54d9dace4999",
            "name": "New World Turangi"
        }
    },
    {
        "productData": {
            "name": "V Sugarfree Guarana Energy Drink 500ml",
            "productId": "5007644_ea_000",
            "productShopPage": "https://www.newworld.co.nz/shop/product/5007644_ea_000nw",
            "productImageURL": "https://a.fsimg.co.nz/product/retail/fan/image/master/5007644.png",
            "productDescription": "Sugar Free.\n\nProduct of New Zealand",
            "volume": "500mL",
            "multipack": {
                "quantity": "1"
            }
        },
        "priceData": {
            "bestPrice": "3.49",
            "price": "3.49",
            "pricePerLitre": 7.0,
            "bestPricePerLitre": 7.0
        },
        "store": {
            "id": "79b03f4b-5e2b-437c-83f8-54d9dace4999",
            "name": "New World Turangi"
        }
    },
    {
        "productData": {
            "name": "V Original Guarana Energy Drink 500ml",
            "productId": "5004703_ea_000",
            "productShopPage": "https://www.newworld.co.nz/shop/product/5004703_ea_000nw",
            "productImageURL": "https://a.fsimg.co.nz/product/retail/fan/image/master/5004703.png",
            "productDescription": "Contains Caffeine.\n\nProduct of New Zealand",
            "volume": "500mL",
            "multipack": {
                "quantity": "1"
            }
        },
        "priceData": {
            "bestPrice": "3.49",
            "price": "3.49",
            "pricePerLitre": 7.0,
            "bestPricePerLitre": 7.0
        },
        "store": {
            "id": "79b03f4b-5e2b-437c-83f8-54d9dace4999",
            "name": "New World Turangi"
        }
    },
    {
        "productData": {
            "name": "V Original Guarana Energy Drink 4pk",
            "productId": "5210048_ea_000",
            "productShopPage": "https://www.newworld.co.nz/shop/product/5210048_ea_000nw",
            "productImageURL": "https://a.fsimg.co.nz/product/retail/fan/image/master/5210048.png",
            "productDescription": "Product of New Zealand",
            "volume": "275mL",
            "multipack": {
                "quantity": "4"
            }
        },
        "priceData": {
            "bestPrice": "9.59",
            "price": "9.59",
            "pricePerLitre": 8.7,
            "bestPricePerLitre": 8.7
        },
        "store": {
            "id": "79b03f4b-5e2b-437c-83f8-54d9dace4999",
            "name": "New World Turangi"
        }
    },
    {
        "productData": {
            "name": "V Original Guarana Energy Drink 500ml",
            "productId": "5007441_ea_000",
            "productShopPage": "https://www.newworld.co.nz/shop/product/5007441_ea_000nw",
            "productImageURL": "https://a.fsimg.co.nz/product/retail/fan/image/master/5007441.png",
            "productDescription": "Buy 2 for $5.00.\n\n\nContains Wheat Derivatives, Caffeine.\n\nProduct of New Zealand",
            "volume": "500mL",
            "multipack": {
                "quantity": "1"
            }
        },
        "priceData": {
            "bestPrice": 2.5,
            "price": 2.0,
            "pricePerLitre": 4.0,
            "bestPricePerLitre": 5.0,
            "multiBuy": {
                "quantity": 2.0,
                "value": 5.0,
                "perUnit": 2.5
            }
        },
        "store": {
            "id": "79b03f4b-5e2b-437c-83f8-54d9dace4999",
            "name": "New World Turangi"
        }
    },
    {
        "productData": {
            "name": "V Blue Guarana Energy Drink 10pk",
            "productId": "5290181_ea_000",
            "productShopPage": "https://www.newworld.co.nz/shop/product/5290181_ea_000nw",
            "productImageURL": "https://a.fsimg.co.nz/product/retail/fan/image/master/5290181.png",
            "productDescription": "Product of New Zealand",
            "volume": "250mL",
            "multipack": {
                "quantity": "10"
            }
        },
        "priceData": {
            "bestPrice": "17.99",
            "price": "17.99",
            "pricePerLitre": 7.2,
            "bestPricePerLitre": 7.2
        },
        "store": {
            "id": "524d7a29-550c-4d14-8f89-ec334a60cd6d",
            "name": "New World Matamata"
        }
    },
    {
        "productData": {
            "name": "V Blue Guarana Energy Drink 250ml",
            "productId": "5007495_ea_000",
            "productShopPage": "https://www.newworld.co.nz/shop/product/5007495_ea_000nw",
            "productImageURL": "https://a.fsimg.co.nz/product/retail/fan/image/master/5007495.png",
            "productDescription": "Contains Caffeine, Wheat Derivatives.\n\nProduct of New Zealand",
            "volume": "250mL",
            "multipack": {
                "quantity": "1"
            }
        },
        "priceData": {
            "bestPrice": "1.99",
            "price": "1.99",
            "pricePerLitre": 8.0,
            "bestPricePerLitre": 8.0
        },
        "store": {
            "id": "524d7a29-550c-4d14-8f89-ec334a60cd6d",
            "name": "New World Matamata"
        }
    },
    {
        "productData": {
            "name": "V Sugarfree Blue Guarana Energy Drink 4pk",
            "productId": "5289891_ea_000",
            "productShopPage": "https://www.newworld.co.nz/shop/product/5289891_ea_000nw",
            "productImageURL": "https://a.fsimg.co.nz/product/retail/fan/image/master/5289891.png",
            "productDescription": "Limit 12 assorted.\n\n\n\n\nProduct of New Zealand",
            "volume": "250mL",
            "multipack": {
                "quantity": "4"
            }
        },
        "priceData": {
            "bestPrice": "5.99",
            "price": "5.99",
            "pricePerLitre": 5.99,
            "bestPricePerLitre": 5.99
        },
        "store": {
            "id": "524d7a29-550c-4d14-8f89-ec334a60cd6d",
            "name": "New World Matamata"
        }
    },
    {
        "productData": {
            "name": "V Sugarfree Guarana Energy Drink 250ml",
            "productId": "5001639_ea_000",
            "productShopPage": "https://www.newworld.co.nz/shop/product/5001639_ea_000nw",
            "productImageURL": "https://a.fsimg.co.nz/product/retail/fan/image/master/5001639.png",
            "productDescription": "Sugar Free. Contains Caffeine.\n\nProduct of New Zealand",
            "volume": "250mL",
            "multipack": {
                "quantity": "1"
            }
        },
        "priceData": {
            "bestPrice": "1.99",
            "price": "1.99",
            "pricePerLitre": 8.0,
            "bestPricePerLitre": 8.0
        },
        "store": {
            "id": "524d7a29-550c-4d14-8f89-ec334a60cd6d",
            "name": "New World Matamata"
        }
    },
    {
        "productData": {
            "name": "V Sugarfree Guarana Energy Drink 10pk",
            "productId": "5289890_ea_000",
            "productShopPage": "https://www.newworld.co.nz/shop/product/5289890_ea_000nw",
            "productImageURL": "https://a.fsimg.co.nz/product/retail/fan/image/master/5289890.png",
            "productDescription": "Product of New Zealand",
            "volume": "",
            "multipack": {
                "quantity": ""
            }
        },
        "priceData": {
            "bestPrice": "17.99",
            "price": "17.99",
            "pricePerLitre": 72.0,
            "bestPricePerLitre": 72.0
        },
        "store": {
            "id": "524d7a29-550c-4d14-8f89-ec334a60cd6d",
            "name": "New World Matamata"
        }
    },
    {
        "productData": {
            "name": "Live Plus Persist Energy Drink 250ml",
            "productId": "5236678_ea_000",
            "productShopPage": "https://www.newworld.co.nz/shop/product/5236678_ea_000nw",
            "productImageURL": "https://a.fsimg.co.nz/product/retail/fan/image/master/5236678.png",
            "productDescription": "Limit 12 assorted.\n\n\n\n\nProduct of New Zealand",
            "volume": "",
            "multipack": {
                "quantity": ""
            }
        },
        "priceData": {
            "bestPrice": "0.99",
            "price": "0.99"
        },
        "store": {
            "id": "524d7a29-550c-4d14-8f89-ec334a60cd6d",
            "name": "New World Matamata"
        }
    },
    {
        "productData": {
            "name": "V Green Guarana Energy Drink 10pk",
            "productId": "5289889_ea_000",
            "productShopPage": "https://www.newworld.co.nz/shop/product/5289889_ea_000nw",
            "productImageURL": "https://a.fsimg.co.nz/product/retail/fan/image/master/5289889.png",
            "productDescription": "Product of New Zealand",
            "volume": "250mL",
            "multipack": {
                "quantity": "10"
            }
        },
        "priceData": {
            "bestPrice": "17.99",
            "price": "17.99",
            "pricePerLitre": 7.2,
            "bestPricePerLitre": 7.2
        },
        "store": {
            "id": "524d7a29-550c-4d14-8f89-ec334a60cd6d",
            "name": "New World Matamata"
        }
    },
    {
        "productData": {
            "name": "V Sugarfree Blue Guarana Energy Drink 500ml",
            "productId": "5283362_ea_000",
            "productShopPage": "https://www.newworld.co.nz/shop/product/5283362_ea_000nw",
            "productImageURL": "https://a.fsimg.co.nz/product/retail/fan/image/master/5283362.png",
            "productDescription": "Sugar free\n\nProduct of New Zealand",
            "volume": "500mL",
            "multipack": {
                "quantity": "1"
            }
        },
        "priceData": {
            "bestPrice": "3.49",
            "price": "3.49",
            "pricePerLitre": 7.0,
            "bestPricePerLitre": 7.0
        },
        "store": {
            "id": "524d7a29-550c-4d14-8f89-ec334a60cd6d",
            "name": "New World Matamata"
        }
    },
    {
        "productData": {
            "name": "V Original Guarana Energy Drink 350ml",
            "productId": "5003156_ea_000",
            "productShopPage": "https://www.newworld.co.nz/shop/product/5003156_ea_000nw",
            "productImageURL": "https://a.fsimg.co.nz/product/retail/fan/image/master/5003156.png",
            "productDescription": "Buy 2 for $5.00.\n\n\nContains Caffeine.\n\nProduct of New Zealand",
            "volume": "350mL",
            "multipack": {
                "quantity": "1"
            }
        },
        "priceData": {
            "bestPrice": 2.5,
            "price": 2.0,
            "pricePerLitre": 5.714285714285714,
            "bestPricePerLitre": 7.142857142857143,
            "multiBuy": {
                "quantity": 2.0,
                "value": 5.0,
                "perUnit": 2.5
            }
        },
        "store": {
            "id": "524d7a29-550c-4d14-8f89-ec334a60cd6d",
            "name": "New World Matamata"
        }
    },
    {
        "productData": {
            "name": "V Blue Guarana Energy Drink 350ml",
            "productId": "5007492_ea_000",
            "productShopPage": "https://www.newworld.co.nz/shop/product/5007492_ea_000nw",
            "productImageURL": "https://a.fsimg.co.nz/product/retail/fan/image/master/5007492.png",
            "productDescription": "Buy 2 for $5.00.\n\n\nContains Caffeine, Wheat Derivatives.\n\nProduct of New Zealand",
            "volume": "350mL",
            "multipack": {
                "quantity": "1"
            }
        },
        "priceData": {
            "bestPrice": 2.5,
            "price": 2.0,
            "pricePerLitre": 5.714285714285714,
            "bestPricePerLitre": 7.142857142857143,
            "multiBuy": {
                "quantity": 2.0,
                "value": 5.0,
                "perUnit": 2.5
            }
        },
        "store": {
            "id": "524d7a29-550c-4d14-8f89-ec334a60cd6d",
            "name": "New World Matamata"
        }
    },
    {
        "productData": {
            "name": "V Blue Energy Drink 500ml",
            "productId": "5020662_ea_000",
            "productShopPage": "https://www.newworld.co.nz/shop/product/5020662_ea_000nw",
            "productImageURL": "https://a.fsimg.co.nz/product/retail/fan/image/master/5020662.png",
            "productDescription": "Buy 2 for $5.00.\n\n\n\n\nProduct of New Zealand",
            "volume": "500mL",
            "multipack": {
                "quantity": "1"
            }
        },
        "priceData": {
            "bestPrice": 2.5,
            "price": 2.0,
            "pricePerLitre": 4.0,
            "bestPricePerLitre": 5.0,
            "multiBuy": {
                "quantity": 2.0,
                "value": 5.0,
                "perUnit": 2.5
            }
        },
        "store": {
            "id": "524d7a29-550c-4d14-8f89-ec334a60cd6d",
            "name": "New World Matamata"
        }
    },
    {
        "productData": {
            "name": "V Blue Guarana Energy Drink 500ml",
            "productId": "5007494_ea_000",
            "productShopPage": "https://www.newworld.co.nz/shop/product/5007494_ea_000nw",
            "productImageURL": "https://a.fsimg.co.nz/product/retail/fan/image/master/5007494.png",
            "productDescription": "Contains Wheat Derivatives, Caffeine.\n\nProduct of New Zealand",
            "volume": "500mL",
            "multipack": {
                "quantity": "1"
            }
        },
        "priceData": {
            "bestPrice": "3.49",
            "price": "3.49",
            "pricePerLitre": 7.0,
            "bestPricePerLitre": 7.0
        },
        "store": {
            "id": "524d7a29-550c-4d14-8f89-ec334a60cd6d",
            "name": "New World Matamata"
        }
    },
    {
        "productData": {
            "name": "Red Bull Energy Drink 473ml",
            "productId": "5005255_ea_000",
            "productShopPage": "https://www.newworld.co.nz/shop/product/5005255_ea_000nw",
            "productImageURL": "https://a.fsimg.co.nz/product/retail/fan/image/master/5005255.png",
            "productDescription": "Red Bull Energy Drink's special formula contains ingredients of high quality: Caffeine, Taurine, B-Group Vitamins, Sugars, Alpine Water.One 250ml can of Red Bull Energy Drinks contains 80 mg of caffeine, about the same amount as in a cup of home-brewed coffee.The amount of sugars in a can of Red Bull Energy Drink is comparable to the level of sugars in an equivalent amount of apple or orange juice – 11 g per 100ml.Red Bull cans are made of 100% recyclable aluminium.Red Bull Energy Drink 473ml canVitalizes Body and Mind.®RED BULL GIVES YOU WINGSInspired by functional drinks from the Far East, Dietrich Mateschitz founded Red Bull in the mid-1980s. He developed a new product and a unique marketing concept and launched Red Bull Energy Drink on April 1, 1987 in Austria. A brand new product category - Energy Drinks - was born.\n\nProduct of Imported",
            "volume": "473mL",
            "multipack": {
                "quantity": "1"
            }
        },
        "priceData": {
            "bestPrice": "3.59",
            "price": "3.59",
            "pricePerLitre": 7.6,
            "bestPricePerLitre": 7.6
        },
        "store": {
            "id": "524d7a29-550c-4d14-8f89-ec334a60cd6d",
            "name": "New World Matamata"
        }
    },
    {
        "productData": {
            "name": "V Original Guarana Energy Drink 250ml",
            "productId": "5003151_ea_000",
            "productShopPage": "https://www.newworld.co.nz/shop/product/5003151_ea_000nw",
            "productImageURL": "https://a.fsimg.co.nz/product/retail/fan/image/master/5003151.png",
            "productDescription": "Contains Caffeine.\n\nProduct of New Zealand",
            "volume": "250mL",
            "multipack": {
                "quantity": "1"
            }
        },
        "priceData": {
            "bestPrice": "1.99",
            "price": "1.99",
            "pricePerLitre": 8.0,
            "bestPricePerLitre": 8.0
        },
        "store": {
            "id": "524d7a29-550c-4d14-8f89-ec334a60cd6d",
            "name": "New World Matamata"
        }
    },
    {
        "productData": {
            "name": "Red Bull Energy Drink 250ml Cans 4pk",
            "productId": "5001443_ea_000",
            "productShopPage": "https://www.newworld.co.nz/shop/product/5001443_ea_000nw",
            "productImageURL": "https://a.fsimg.co.nz/product/retail/fan/image/master/5001443.png",
            "productDescription": "Red Bull Energy Drink's special formula contains ingredients of high quality: Caffeine, Taurine, B-Group Vitamins, Sugars, Alpine Water.One 250ml can of Red Bull Energy Drinks contains 80 mg of caffeine, about the same amount as in a cup of home-brewed coffee.The amount of sugars in a can of Red Bull Energy Drink is comparable to the level of sugars in an equivalent amount of apple or orange juice – 11 g per 100ml.Red Bull cans are made of 100% recyclable aluminium.Pack of four 250ml Red Bull Energy Drink cansVitalizes Body and Mind.®RED BULL GIVES YOU WINGSInspired by functional drinks from the Far East, Dietrich Mateschitz founded Red Bull in the mid-1980s. He developed a new product and a unique marketing concept and launched Red Bull Energy Drink on April 1, 1987 in Austria. A brand new product category - Energy Drinks - was born.",
            "volume": "250mL",
            "multipack": {
                "quantity": "4"
            }
        },
        "priceData": {
            "bestPrice": "8.00",
            "price": "8.00",
            "pricePerLitre": 8.0,
            "bestPricePerLitre": 8.0
        },
        "store": {
            "id": "524d7a29-550c-4d14-8f89-ec334a60cd6d",
            "name": "New World Matamata"
        }
    },
    {
        "productData": {
            "name": "Lucozade Orange Energy Drink 380ml",
            "productId": "5009239_ea_000",
            "productShopPage": "https://www.newworld.co.nz/shop/product/5009239_ea_000nw",
            "productImageURL": "https://a.fsimg.co.nz/product/retail/fan/image/master/5009239.png",
            "productDescription": "Powered by Glucose.\n\nProduct of New Zealand",
            "volume": "380mL",
            "multipack": {
                "quantity": "1"
            }
        },
        "priceData": {
            "bestPrice": "2.69",
            "price": "2.69",
            "pricePerLitre": 7.08,
            "bestPricePerLitre": 7.08
        },
        "store": {
            "id": "524d7a29-550c-4d14-8f89-ec334a60cd6d",
            "name": "New World Matamata"
        }
    },
    {
        "productData": {
            "name": "V Pure Natural Energy Drink Glass Bottle 330ml",
            "productId": "5237753_ea_000",
            "productShopPage": "https://www.newworld.co.nz/shop/product/5237753_ea_000nw",
            "productImageURL": "https://a.fsimg.co.nz/product/retail/fan/image/master/5237753.png",
            "productDescription": "Buy 2 for $5.00.\n\n\nNothing artificial\n\nProduct of New Zealand",
            "volume": "330mL",
            "multipack": {
                "quantity": "1"
            }
        },
        "priceData": {
            "bestPrice": 2.5,
            "price": 2.0,
            "pricePerLitre": 6.0606060606060606,
            "bestPricePerLitre": 7.575757575757575,
            "multiBuy": {
                "quantity": 2.0,
                "value": 5.0,
                "perUnit": 2.5
            }
        },
        "store": {
            "id": "524d7a29-550c-4d14-8f89-ec334a60cd6d",
            "name": "New World Matamata"
        }
    },
    {
        "productData": {
            "name": "Lucozade Original Energy Drink 380ml",
            "productId": "5009240_ea_000",
            "productShopPage": "https://www.newworld.co.nz/shop/product/5009240_ea_000nw",
            "productImageURL": "https://a.fsimg.co.nz/product/retail/fan/image/master/5009240.png",
            "productDescription": "Energy from Glucose.\n\nProduct of New Zealand",
            "volume": "380mL",
            "multipack": {
                "quantity": "1"
            }
        },
        "priceData": {
            "bestPrice": "2.69",
            "price": "2.69",
            "pricePerLitre": 7.08,
            "bestPricePerLitre": 7.08
        },
        "store": {
            "id": "524d7a29-550c-4d14-8f89-ec334a60cd6d",
            "name": "New World Matamata"
        }
    },
    {
        "productData": {
            "name": "Rockstar Watermelon Freeze Energy Drink 500ml",
            "productId": "5257298_ea_000",
            "productShopPage": "https://www.newworld.co.nz/shop/product/5257298_ea_000nw",
            "productImageURL": "https://a.fsimg.co.nz/product/retail/fan/image/master/5257298.png",
            "productDescription": "Buy 3 for $5.00.\n\n\n\n\nProduct of New Zealand",
            "volume": "500mL",
            "multipack": {
                "quantity": "1"
            }
        },
        "priceData": {
            "bestPrice": 1.6666666666666667,
            "price": 1.0,
            "pricePerLitre": 2.0,
            "bestPricePerLitre": 3.3333333333333335,
            "multiBuy": {
                "quantity": 3.0,
                "value": 5.0,
                "perUnit": 1.6666666666666667
            }
        },
        "store": {
            "id": "524d7a29-550c-4d14-8f89-ec334a60cd6d",
            "name": "New World Matamata"
        }
    },
    {
        "productData": {
            "name": "V Pure Natural Energy Drink Can 250ml",
            "productId": "5237735_ea_000",
            "productShopPage": "https://www.newworld.co.nz/shop/product/5237735_ea_000nw",
            "productImageURL": "https://a.fsimg.co.nz/product/retail/fan/image/master/5237735.png",
            "productDescription": "6 natural ingredients; Nothing artificial; Apple juice - Apple and lemon juice is reconstituted; Lemon juice - Apple and lemon juice is reconstituted\n\nProduct of New Zealand",
            "volume": "250mL",
            "multipack": {
                "quantity": "1"
            }
        },
        "priceData": {
            "bestPrice": "1.99",
            "price": "1.99",
            "pricePerLitre": 8.0,
            "bestPricePerLitre": 8.0
        },
        "store": {
            "id": "524d7a29-550c-4d14-8f89-ec334a60cd6d",
            "name": "New World Matamata"
        }
    },
    {
        "productData": {
            "name": "V Raspberry Lemonade Guarana Energy Drink 4pk",
            "productId": "5289907_ea_000",
            "productShopPage": "https://www.newworld.co.nz/shop/product/5289907_ea_000nw",
            "productImageURL": "https://a.fsimg.co.nz/product/retail/fan/image/master/5289907.png",
            "productDescription": "Limit 12 assorted.\n\n\n\n\nProduct of New Zealand",
            "volume": "250mL",
            "multipack": {
                "quantity": "4"
            }
        },
        "priceData": {
            "bestPrice": "5.99",
            "price": "5.99",
            "pricePerLitre": 5.99,
            "bestPricePerLitre": 5.99
        },
        "store": {
            "id": "524d7a29-550c-4d14-8f89-ec334a60cd6d",
            "name": "New World Matamata"
        }
    },
    {
        "productData": {
            "name": "V Raspberry Lemonade Can 500ml",
            "productId": "5264523_ea_000",
            "productShopPage": "https://www.newworld.co.nz/shop/product/5264523_ea_000nw",
            "productImageURL": "https://a.fsimg.co.nz/product/retail/fan/image/master/5264523.png",
            "productDescription": "Product of New Zealand",
            "volume": "500mL",
            "multipack": {
                "quantity": "1"
            }
        },
        "priceData": {
            "bestPrice": "3.49",
            "price": "3.49",
            "pricePerLitre": 7.0,
            "bestPricePerLitre": 7.0
        },
        "store": {
            "id": "524d7a29-550c-4d14-8f89-ec334a60cd6d",
            "name": "New World Matamata"
        }
    },
    {
        "productData": {
            "name": "V Blue Can 4pk",
            "productId": "5030249_ea_000",
            "productShopPage": "https://www.newworld.co.nz/shop/product/5030249_ea_000nw",
            "productImageURL": "https://a.fsimg.co.nz/product/retail/fan/image/master/5030249.png",
            "productDescription": "Limit 12 assorted.\n\n\nContains Wheat Derivatives, Caffeine.\n\nProduct of New Zealand",
            "volume": "250mL",
            "multipack": {
                "quantity": "4"
            }
        },
        "priceData": {
            "bestPrice": "5.99",
            "price": "5.99",
            "pricePerLitre": 5.99,
            "bestPricePerLitre": 5.99
        },
        "store": {
            "id": "524d7a29-550c-4d14-8f89-ec334a60cd6d",
            "name": "New World Matamata"
        }
    },
    {
        "productData": {
            "name": "V Energy Drink Sugarfree Cans 4pk",
            "productId": "5004117_ea_000",
            "productShopPage": "https://www.newworld.co.nz/shop/product/5004117_ea_000nw",
            "productImageURL": "https://a.fsimg.co.nz/product/retail/fan/image/master/5004117.png",
            "productDescription": "Limit 12 assorted.\n\n\nSugar Free. Contains Caffeine.\n\nProduct of New Zealand",
            "volume": "250mL",
            "multipack": {
                "quantity": "4"
            }
        },
        "priceData": {
            "bestPrice": "5.99",
            "price": "5.99",
            "pricePerLitre": 5.99,
            "bestPricePerLitre": 5.99
        },
        "store": {
            "id": "524d7a29-550c-4d14-8f89-ec334a60cd6d",
            "name": "New World Matamata"
        }
    },
    {
        "productData": {
            "name": "Monster Mango Loco Energy Drink 500ml",
            "productId": "5242374_ea_000",
            "productShopPage": "https://www.newworld.co.nz/shop/product/5242374_ea_000nw",
            "productImageURL": "https://a.fsimg.co.nz/product/retail/fan/image/master/5242374.png",
            "productDescription": "Product of Imported",
            "volume": "500mL",
            "multipack": {
                "quantity": "1"
            }
        },
        "priceData": {
            "bestPrice": "2.99",
            "price": "2.99",
            "pricePerLitre": 6.0,
            "bestPricePerLitre": 6.0
        },
        "store": {
            "id": "524d7a29-550c-4d14-8f89-ec334a60cd6d",
            "name": "New World Matamata"
        }
    },
    {
        "productData": {
            "name": "Monster Zero Sugar Ultra Rosa Energy Drink 500ml",
            "productId": "5278094_ea_000",
            "productShopPage": "https://www.newworld.co.nz/shop/product/5278094_ea_000nw",
            "productImageURL": "https://a.fsimg.co.nz/product/retail/fan/image/master/5278094.png",
            "productDescription": "Product of Imported",
            "volume": "500mL",
            "multipack": {
                "quantity": "1"
            }
        },
        "priceData": {
            "bestPrice": "2.99",
            "price": "2.99",
            "pricePerLitre": 6.0,
            "bestPricePerLitre": 6.0
        },
        "store": {
            "id": "524d7a29-550c-4d14-8f89-ec334a60cd6d",
            "name": "New World Matamata"
        }
    },
    {
        "productData": {
            "name": "V Energy Drink Green Cans 4pk",
            "productId": "5002893_ea_000",
            "productShopPage": "https://www.newworld.co.nz/shop/product/5002893_ea_000nw",
            "productImageURL": "https://a.fsimg.co.nz/product/retail/fan/image/master/5002893.png",
            "productDescription": "Limit 12 assorted.\n\n\nContains Caffeine.\n\nProduct of New Zealand",
            "volume": "250mL",
            "multipack": {
                "quantity": "4"
            }
        },
        "priceData": {
            "bestPrice": "5.99",
            "price": "5.99",
            "pricePerLitre": 5.99,
            "bestPricePerLitre": 5.99
        },
        "store": {
            "id": "524d7a29-550c-4d14-8f89-ec334a60cd6d",
            "name": "New World Matamata"
        }
    },
    {
        "productData": {
            "name": "Monster Ultra Zero Drink 500ml",
            "productId": "5090618_ea_000",
            "productShopPage": "https://www.newworld.co.nz/shop/product/5090618_ea_000nw",
            "productImageURL": "https://a.fsimg.co.nz/product/retail/fan/image/master/5090618.png",
            "productDescription": "A little less sweet, lighter-tasting, zero calories, but with a full load of our Monster energy blend. Sure, white is the new black. Monster Energy Zero Ultra. Unleash the Ultra Beast!\n\nProduct of Imported",
            "volume": "500mL",
            "multipack": {
                "quantity": "1"
            }
        },
        "priceData": {
            "bestPrice": "2.99",
            "price": "2.99",
            "pricePerLitre": 6.0,
            "bestPricePerLitre": 6.0
        },
        "store": {
            "id": "524d7a29-550c-4d14-8f89-ec334a60cd6d",
            "name": "New World Matamata"
        }
    },
    {
        "productData": {
            "name": "Monster Super Fuel Zero Sugar Energy Drink 550ml",
            "productId": "5284331_ea_000",
            "productShopPage": "https://www.newworld.co.nz/shop/product/5284331_ea_000nw",
            "productImageURL": "https://a.fsimg.co.nz/product/retail/fan/image/master/5284331.png",
            "productDescription": "Product of Imported",
            "volume": "550mL",
            "multipack": {
                "quantity": "1"
            }
        },
        "priceData": {
            "bestPrice": "3.49",
            "price": "3.49",
            "pricePerLitre": 6.345454545454546,
            "bestPricePerLitre": 6.345454545454546
        },
        "store": {
            "id": "524d7a29-550c-4d14-8f89-ec334a60cd6d",
            "name": "New World Matamata"
        }
    },
    {
        "productData": {
            "name": "Mother Energy Drink Can 500ml",
            "productId": "5011153_ea_000",
            "productShopPage": "https://www.newworld.co.nz/shop/product/5011153_ea_000nw",
            "productImageURL": "https://a.fsimg.co.nz/product/retail/fan/image/master/5011153.png",
            "productDescription": "Contains Caffeine.\n\nProduct of New Zealand",
            "volume": "500mL",
            "multipack": {
                "quantity": "1"
            }
        },
        "priceData": {
            "bestPrice": "1.99",
            "price": "1.99",
            "pricePerLitre": 4.0,
            "bestPricePerLitre": 4.0
        },
        "store": {
            "id": "524d7a29-550c-4d14-8f89-ec334a60cd6d",
            "name": "New World Matamata"
        }
    },
    {
        "productData": {
            "name": "Monster Super Fuel Purple Passion Energy Drink 550ml",
            "productId": "5284332_ea_000",
            "productShopPage": "https://www.newworld.co.nz/shop/product/5284332_ea_000nw",
            "productImageURL": "https://a.fsimg.co.nz/product/retail/fan/image/master/5284332.png",
            "productDescription": "Product of Imported",
            "volume": "550mL",
            "multipack": {
                "quantity": "1"
            }
        },
        "priceData": {
            "bestPrice": "3.49",
            "price": "3.49",
            "pricePerLitre": 6.345454545454546,
            "bestPricePerLitre": 6.345454545454546
        },
        "store": {
            "id": "524d7a29-550c-4d14-8f89-ec334a60cd6d",
            "name": "New World Matamata"
        }
    },
    {
        "productData": {
            "name": "Mother Energy Drink Can 6pk",
            "productId": "5009490_ea_000",
            "productShopPage": "https://www.newworld.co.nz/shop/product/5009490_ea_000nw",
            "productImageURL": "https://a.fsimg.co.nz/product/retail/fan/image/master/5009490.png",
            "productDescription": "Contains Caffeine.\n\nProduct of New Zealand",
            "volume": "250mL",
            "multipack": {
                "quantity": "6"
            }
        },
        "priceData": {
            "bestPrice": "7.49",
            "price": "7.49",
            "pricePerLitre": 5.0,
            "bestPricePerLitre": 5.0
        },
        "store": {
            "id": "524d7a29-550c-4d14-8f89-ec334a60cd6d",
            "name": "New World Matamata"
        }
    },
    {
        "productData": {
            "name": "Monster Pipeline Punch Energy Drink 500ml",
            "productId": "5242373_ea_000",
            "productShopPage": "https://www.newworld.co.nz/shop/product/5242373_ea_000nw",
            "productImageURL": "https://a.fsimg.co.nz/product/retail/fan/image/master/5242373.png",
            "productDescription": "Product of Imported",
            "volume": "500mL",
            "multipack": {
                "quantity": "1"
            }
        },
        "priceData": {
            "bestPrice": "2.99",
            "price": "2.99",
            "pricePerLitre": 6.0,
            "bestPricePerLitre": 6.0
        },
        "store": {
            "id": "524d7a29-550c-4d14-8f89-ec334a60cd6d",
            "name": "New World Matamata"
        }
    },
    {
        "productData": {
            "name": "Monster Energy Drink 500ml",
            "productId": "5007647_ea_000",
            "productShopPage": "https://www.newworld.co.nz/shop/product/5007647_ea_000nw",
            "productImageURL": "https://a.fsimg.co.nz/product/retail/fan/image/master/5007647.png",
            "productDescription": "Contains Caffeine.\n\nProduct of Imported",
            "volume": "500mL",
            "multipack": {
                "quantity": "1"
            }
        },
        "priceData": {
            "bestPrice": "2.99",
            "price": "2.99",
            "pricePerLitre": 6.0,
            "bestPricePerLitre": 6.0
        },
        "store": {
            "id": "524d7a29-550c-4d14-8f89-ec334a60cd6d",
            "name": "New World Matamata"
        }
    },
    {
        "productData": {
            "name": "Monster Ultra Zero Drink 4pk",
            "productId": "5213974_ea_000",
            "productShopPage": "https://www.newworld.co.nz/shop/product/5213974_ea_000nw",
            "productImageURL": "https://a.fsimg.co.nz/product/retail/fan/image/master/5213974.png",
            "productDescription": "Product of Imported",
            "volume": "500mL",
            "multipack": {
                "quantity": "4"
            }
        },
        "priceData": {
            "bestPrice": "11.99",
            "price": "11.99",
            "pricePerLitre": 6.0,
            "bestPricePerLitre": 6.0
        },
        "store": {
            "id": "524d7a29-550c-4d14-8f89-ec334a60cd6d",
            "name": "New World Matamata"
        }
    },
    {
        "productData": {
            "name": "Monster Energy Drink 4pk",
            "productId": "5107264_ea_000",
            "productShopPage": "https://www.newworld.co.nz/shop/product/5107264_ea_000nw",
            "productImageURL": "https://a.fsimg.co.nz/product/retail/fan/image/master/5107264.png",
            "productDescription": "Product of Imported",
            "volume": "",
            "multipack": {
                "quantity": ""
            }
        },
        "priceData": {
            "bestPrice": "11.99",
            "price": "11.99",
            "pricePerLitre": 6.0,
            "bestPricePerLitre": 6.0
        },
        "store": {
            "id": "524d7a29-550c-4d14-8f89-ec334a60cd6d",
            "name": "New World Matamata"
        }
    },
    {
        "productData": {
            "name": "V Sugarfree Guarana Energy Drink 500ml",
            "productId": "5007644_ea_000",
            "productShopPage": "https://www.newworld.co.nz/shop/product/5007644_ea_000nw",
            "productImageURL": "https://a.fsimg.co.nz/product/retail/fan/image/master/5007644.png",
            "productDescription": "Sugar Free.\n\nProduct of New Zealand",
            "volume": "500mL",
            "multipack": {
                "quantity": "1"
            }
        },
        "priceData": {
            "bestPrice": "3.49",
            "price": "3.49",
            "pricePerLitre": 7.0,
            "bestPricePerLitre": 7.0
        },
        "store": {
            "id": "524d7a29-550c-4d14-8f89-ec334a60cd6d",
            "name": "New World Matamata"
        }
    },
    {
        "productData": {
            "name": "V Original Guarana Energy Drink 500ml",
            "productId": "5004703_ea_000",
            "productShopPage": "https://www.newworld.co.nz/shop/product/5004703_ea_000nw",
            "productImageURL": "https://a.fsimg.co.nz/product/retail/fan/image/master/5004703.png",
            "productDescription": "Contains Caffeine.\n\nProduct of New Zealand",
            "volume": "500mL",
            "multipack": {
                "quantity": "1"
            }
        },
        "priceData": {
            "bestPrice": "3.49",
            "price": "3.49",
            "pricePerLitre": 7.0,
            "bestPricePerLitre": 7.0
        },
        "store": {
            "id": "524d7a29-550c-4d14-8f89-ec334a60cd6d",
            "name": "New World Matamata"
        }
    },
    {
        "productData": {
            "name": "V Original Guarana Energy Drink 500ml",
            "productId": "5007441_ea_000",
            "productShopPage": "https://www.newworld.co.nz/shop/product/5007441_ea_000nw",
            "productImageURL": "https://a.fsimg.co.nz/product/retail/fan/image/master/5007441.png",
            "productDescription": "Buy 2 for $5.00.\n\n\nContains Wheat Derivatives, Caffeine.\n\nProduct of New Zealand",
            "volume": "500mL",
            "multipack": {
                "quantity": "1"
            }
        },
        "priceData": {
            "bestPrice": 2.5,
            "price": 2.0,
            "pricePerLitre": 4.0,
            "bestPricePerLitre": 5.0,
            "multiBuy": {
                "quantity": 2.0,
                "value": 5.0,
                "perUnit": 2.5
            }
        },
        "store": {
            "id": "524d7a29-550c-4d14-8f89-ec334a60cd6d",
            "name": "New World Matamata"
        }
    },
    {
        "productData": {
            "name": "V Blue Guarana Energy Drink 10pk",
            "productId": "5290181_ea_000",
            "productShopPage": "https://www.newworld.co.nz/shop/product/5290181_ea_000nw",
            "productImageURL": "https://a.fsimg.co.nz/product/retail/fan/image/master/5290181.png",
            "productDescription": "Product of New Zealand",
            "volume": "250mL",
            "multipack": {
                "quantity": "10"
            }
        },
        "priceData": {
            "bestPrice": "17.99",
            "price": "17.99",
            "pricePerLitre": 7.2,
            "bestPricePerLitre": 7.2
        },
        "store": {
            "id": "96c43bec-8c0d-4752-b417-266546fddda1",
            "name": "New World Whakatane"
        }
    },
    {
        "productData": {
            "name": "V Blue Guarana Energy Drink 250ml",
            "productId": "5007495_ea_000",
            "productShopPage": "https://www.newworld.co.nz/shop/product/5007495_ea_000nw",
            "productImageURL": "https://a.fsimg.co.nz/product/retail/fan/image/master/5007495.png",
            "productDescription": "Contains Caffeine, Wheat Derivatives.\n\nProduct of New Zealand",
            "volume": "250mL",
            "multipack": {
                "quantity": "1"
            }
        },
        "priceData": {
            "bestPrice": "1.99",
            "price": "1.99",
            "pricePerLitre": 8.0,
            "bestPricePerLitre": 8.0
        },
        "store": {
            "id": "96c43bec-8c0d-4752-b417-266546fddda1",
            "name": "New World Whakatane"
        }
    },
    {
        "productData": {
            "name": "V Sugarfree Blue Guarana Energy Drink 4pk",
            "productId": "5289891_ea_000",
            "productShopPage": "https://www.newworld.co.nz/shop/product/5289891_ea_000nw",
            "productImageURL": "https://a.fsimg.co.nz/product/retail/fan/image/master/5289891.png",
            "productDescription": "Limit 12 assorted.\n\n\n\n\nProduct of New Zealand",
            "volume": "250mL",
            "multipack": {
                "quantity": "4"
            }
        },
        "priceData": {
            "bestPrice": "5.99",
            "price": "5.99",
            "pricePerLitre": 5.99,
            "bestPricePerLitre": 5.99
        },
        "store": {
            "id": "96c43bec-8c0d-4752-b417-266546fddda1",
            "name": "New World Whakatane"
        }
    },
    {
        "productData": {
            "name": "V Green Guarana Energy Drink 6pk",
            "productId": "5272987_ea_000",
            "productShopPage": "https://www.newworld.co.nz/shop/product/5272987_ea_000nw",
            "productImageURL": "https://a.fsimg.co.nz/product/retail/fan/image/master/5272987.png",
            "productDescription": "Product of New Zealand",
            "volume": "330mL",
            "multipack": {
                "quantity": "6"
            }
        },
        "priceData": {
            "bestPrice": "11.99",
            "price": "11.99",
            "pricePerLitre": 6.05,
            "bestPricePerLitre": 6.05
        },
        "store": {
            "id": "96c43bec-8c0d-4752-b417-266546fddda1",
            "name": "New World Whakatane"
        }
    },
    {
        "productData": {
            "name": "Live Plus Persist Energy Drink 250ml",
            "productId": "5236678_ea_000",
            "productShopPage": "https://www.newworld.co.nz/shop/product/5236678_ea_000nw",
            "productImageURL": "https://a.fsimg.co.nz/product/retail/fan/image/master/5236678.png",
            "productDescription": "Limit 12 assorted.\n\n\n\n\nProduct of New Zealand",
            "volume": "",
            "multipack": {
                "quantity": ""
            }
        },
        "priceData": {
            "bestPrice": "0.99",
            "price": "0.99"
        },
        "store": {
            "id": "96c43bec-8c0d-4752-b417-266546fddda1",
            "name": "New World Whakatane"
        }
    },
    {
        "productData": {
            "name": "V Green Guarana Energy Drink 10pk",
            "productId": "5289889_ea_000",
            "productShopPage": "https://www.newworld.co.nz/shop/product/5289889_ea_000nw",
            "productImageURL": "https://a.fsimg.co.nz/product/retail/fan/image/master/5289889.png",
            "productDescription": "Product of New Zealand",
            "volume": "250mL",
            "multipack": {
                "quantity": "10"
            }
        },
        "priceData": {
            "bestPrice": "17.99",
            "price": "17.99",
            "pricePerLitre": 7.2,
            "bestPricePerLitre": 7.2
        },
        "store": {
            "id": "96c43bec-8c0d-4752-b417-266546fddda1",
            "name": "New World Whakatane"
        }
    },
    {
        "productData": {
            "name": "V Sugarfree Blue Guarana Energy Drink 500ml",
            "productId": "5283362_ea_000",
            "productShopPage": "https://www.newworld.co.nz/shop/product/5283362_ea_000nw",
            "productImageURL": "https://a.fsimg.co.nz/product/retail/fan/image/master/5283362.png",
            "productDescription": "Sugar free\n\nProduct of New Zealand",
            "volume": "500mL",
            "multipack": {
                "quantity": "1"
            }
        },
        "priceData": {
            "bestPrice": "3.49",
            "price": "3.49",
            "pricePerLitre": 7.0,
            "bestPricePerLitre": 7.0
        },
        "store": {
            "id": "96c43bec-8c0d-4752-b417-266546fddda1",
            "name": "New World Whakatane"
        }
    },
    {
        "productData": {
            "name": "V Original Guarana Energy Drink 350ml",
            "productId": "5003156_ea_000",
            "productShopPage": "https://www.newworld.co.nz/shop/product/5003156_ea_000nw",
            "productImageURL": "https://a.fsimg.co.nz/product/retail/fan/image/master/5003156.png",
            "productDescription": "Buy 2 for $5.00.\n\n\nContains Caffeine.\n\nProduct of New Zealand",
            "volume": "350mL",
            "multipack": {
                "quantity": "1"
            }
        },
        "priceData": {
            "bestPrice": 2.5,
            "price": 2.0,
            "pricePerLitre": 5.714285714285714,
            "bestPricePerLitre": 7.142857142857143,
            "multiBuy": {
                "quantity": 2.0,
                "value": 5.0,
                "perUnit": 2.5
            }
        },
        "store": {
            "id": "96c43bec-8c0d-4752-b417-266546fddda1",
            "name": "New World Whakatane"
        }
    },
    {
        "productData": {
            "name": "V Blue Guarana Energy Drink 350ml",
            "productId": "5007492_ea_000",
            "productShopPage": "https://www.newworld.co.nz/shop/product/5007492_ea_000nw",
            "productImageURL": "https://a.fsimg.co.nz/product/retail/fan/image/master/5007492.png",
            "productDescription": "Buy 2 for $5.00.\n\n\nContains Caffeine, Wheat Derivatives.\n\nProduct of New Zealand",
            "volume": "350mL",
            "multipack": {
                "quantity": "1"
            }
        },
        "priceData": {
            "bestPrice": 2.5,
            "price": 2.0,
            "pricePerLitre": 5.714285714285714,
            "bestPricePerLitre": 7.142857142857143,
            "multiBuy": {
                "quantity": 2.0,
                "value": 5.0,
                "perUnit": 2.5
            }
        },
        "store": {
            "id": "96c43bec-8c0d-4752-b417-266546fddda1",
            "name": "New World Whakatane"
        }
    },
    {
        "productData": {
            "name": "V Blue Energy Drink 500ml",
            "productId": "5020662_ea_000",
            "productShopPage": "https://www.newworld.co.nz/shop/product/5020662_ea_000nw",
            "productImageURL": "https://a.fsimg.co.nz/product/retail/fan/image/master/5020662.png",
            "productDescription": "Buy 2 for $5.00.\n\n\n\n\nProduct of New Zealand",
            "volume": "500mL",
            "multipack": {
                "quantity": "1"
            }
        },
        "priceData": {
            "bestPrice": 2.5,
            "price": 2.0,
            "pricePerLitre": 4.0,
            "bestPricePerLitre": 5.0,
            "multiBuy": {
                "quantity": 2.0,
                "value": 5.0,
                "perUnit": 2.5
            }
        },
        "store": {
            "id": "96c43bec-8c0d-4752-b417-266546fddda1",
            "name": "New World Whakatane"
        }
    },
    {
        "productData": {
            "name": "V Blue Guarana Energy Drink 500ml",
            "productId": "5007494_ea_000",
            "productShopPage": "https://www.newworld.co.nz/shop/product/5007494_ea_000nw",
            "productImageURL": "https://a.fsimg.co.nz/product/retail/fan/image/master/5007494.png",
            "productDescription": "Contains Wheat Derivatives, Caffeine.\n\nProduct of New Zealand",
            "volume": "500mL",
            "multipack": {
                "quantity": "1"
            }
        },
        "priceData": {
            "bestPrice": "3.49",
            "price": "3.49",
            "pricePerLitre": 7.0,
            "bestPricePerLitre": 7.0
        },
        "store": {
            "id": "96c43bec-8c0d-4752-b417-266546fddda1",
            "name": "New World Whakatane"
        }
    },
    {
        "productData": {
            "name": "Red Bull Energy Drink 473ml",
            "productId": "5005255_ea_000",
            "productShopPage": "https://www.newworld.co.nz/shop/product/5005255_ea_000nw",
            "productImageURL": "https://a.fsimg.co.nz/product/retail/fan/image/master/5005255.png",
            "productDescription": "Red Bull Energy Drink's special formula contains ingredients of high quality: Caffeine, Taurine, B-Group Vitamins, Sugars, Alpine Water.One 250ml can of Red Bull Energy Drinks contains 80 mg of caffeine, about the same amount as in a cup of home-brewed coffee.The amount of sugars in a can of Red Bull Energy Drink is comparable to the level of sugars in an equivalent amount of apple or orange juice – 11 g per 100ml.Red Bull cans are made of 100% recyclable aluminium.Red Bull Energy Drink 473ml canVitalizes Body and Mind.®RED BULL GIVES YOU WINGSInspired by functional drinks from the Far East, Dietrich Mateschitz founded Red Bull in the mid-1980s. He developed a new product and a unique marketing concept and launched Red Bull Energy Drink on April 1, 1987 in Austria. A brand new product category - Energy Drinks - was born.\n\nProduct of Imported",
            "volume": "473mL",
            "multipack": {
                "quantity": "1"
            }
        },
        "priceData": {
            "bestPrice": "3.59",
            "price": "3.59",
            "pricePerLitre": 7.6,
            "bestPricePerLitre": 7.6
        },
        "store": {
            "id": "96c43bec-8c0d-4752-b417-266546fddda1",
            "name": "New World Whakatane"
        }
    },
    {
        "productData": {
            "name": "V Original Guarana Energy Drink 250ml",
            "productId": "5003151_ea_000",
            "productShopPage": "https://www.newworld.co.nz/shop/product/5003151_ea_000nw",
            "productImageURL": "https://a.fsimg.co.nz/product/retail/fan/image/master/5003151.png",
            "productDescription": "Contains Caffeine.\n\nProduct of New Zealand",
            "volume": "250mL",
            "multipack": {
                "quantity": "1"
            }
        },
        "priceData": {
            "bestPrice": "1.99",
            "price": "1.99",
            "pricePerLitre": 8.0,
            "bestPricePerLitre": 8.0
        },
        "store": {
            "id": "96c43bec-8c0d-4752-b417-266546fddda1",
            "name": "New World Whakatane"
        }
    },
    {
        "productData": {
            "name": "Red Bull Energy Drink 250ml Cans 4pk",
            "productId": "5001443_ea_000",
            "productShopPage": "https://www.newworld.co.nz/shop/product/5001443_ea_000nw",
            "productImageURL": "https://a.fsimg.co.nz/product/retail/fan/image/master/5001443.png",
            "productDescription": "Red Bull Energy Drink's special formula contains ingredients of high quality: Caffeine, Taurine, B-Group Vitamins, Sugars, Alpine Water.One 250ml can of Red Bull Energy Drinks contains 80 mg of caffeine, about the same amount as in a cup of home-brewed coffee.The amount of sugars in a can of Red Bull Energy Drink is comparable to the level of sugars in an equivalent amount of apple or orange juice – 11 g per 100ml.Red Bull cans are made of 100% recyclable aluminium.Pack of four 250ml Red Bull Energy Drink cansVitalizes Body and Mind.®RED BULL GIVES YOU WINGSInspired by functional drinks from the Far East, Dietrich Mateschitz founded Red Bull in the mid-1980s. He developed a new product and a unique marketing concept and launched Red Bull Energy Drink on April 1, 1987 in Austria. A brand new product category - Energy Drinks - was born.",
            "volume": "250mL",
            "multipack": {
                "quantity": "4"
            }
        },
        "priceData": {
            "bestPrice": "8.29",
            "price": "8.29",
            "pricePerLitre": 8.299999999999999,
            "bestPricePerLitre": 8.299999999999999
        },
        "store": {
            "id": "96c43bec-8c0d-4752-b417-266546fddda1",
            "name": "New World Whakatane"
        }
    },
    {
        "productData": {
            "name": "Lucozade Orange Energy Drink 380ml",
            "productId": "5009239_ea_000",
            "productShopPage": "https://www.newworld.co.nz/shop/product/5009239_ea_000nw",
            "productImageURL": "https://a.fsimg.co.nz/product/retail/fan/image/master/5009239.png",
            "productDescription": "Powered by Glucose.\n\nProduct of New Zealand",
            "volume": "380mL",
            "multipack": {
                "quantity": "1"
            }
        },
        "priceData": {
            "bestPrice": "2.69",
            "price": "2.69",
            "pricePerLitre": 7.08,
            "bestPricePerLitre": 7.08
        },
        "store": {
            "id": "96c43bec-8c0d-4752-b417-266546fddda1",
            "name": "New World Whakatane"
        }
    },
    {
        "productData": {
            "name": "V Pure Natural Energy Drink Glass Bottle 330ml",
            "productId": "5237753_ea_000",
            "productShopPage": "https://www.newworld.co.nz/shop/product/5237753_ea_000nw",
            "productImageURL": "https://a.fsimg.co.nz/product/retail/fan/image/master/5237753.png",
            "productDescription": "Buy 2 for $5.00.\n\n\nNothing artificial\n\nProduct of New Zealand",
            "volume": "330mL",
            "multipack": {
                "quantity": "1"
            }
        },
        "priceData": {
            "bestPrice": 2.5,
            "price": 2.0,
            "pricePerLitre": 6.0606060606060606,
            "bestPricePerLitre": 7.575757575757575,
            "multiBuy": {
                "quantity": 2.0,
                "value": 5.0,
                "perUnit": 2.5
            }
        },
        "store": {
            "id": "96c43bec-8c0d-4752-b417-266546fddda1",
            "name": "New World Whakatane"
        }
    },
    {
        "productData": {
            "name": "Lucozade Original Energy Drink 380ml",
            "productId": "5009240_ea_000",
            "productShopPage": "https://www.newworld.co.nz/shop/product/5009240_ea_000nw",
            "productImageURL": "https://a.fsimg.co.nz/product/retail/fan/image/master/5009240.png",
            "productDescription": "Energy from Glucose.\n\nProduct of New Zealand",
            "volume": "380mL",
            "multipack": {
                "quantity": "1"
            }
        },
        "priceData": {
            "bestPrice": "2.69",
            "price": "2.69",
            "pricePerLitre": 7.08,
            "bestPricePerLitre": 7.08
        },
        "store": {
            "id": "96c43bec-8c0d-4752-b417-266546fddda1",
            "name": "New World Whakatane"
        }
    },
    {
        "productData": {
            "name": "Rockstar Watermelon Freeze Energy Drink 500ml",
            "productId": "5257298_ea_000",
            "productShopPage": "https://www.newworld.co.nz/shop/product/5257298_ea_000nw",
            "productImageURL": "https://a.fsimg.co.nz/product/retail/fan/image/master/5257298.png",
            "productDescription": "Buy 3 for $5.00.\n\n\n\n\nProduct of New Zealand",
            "volume": "500mL",
            "multipack": {
                "quantity": "1"
            }
        },
        "priceData": {
            "bestPrice": 1.6666666666666667,
            "price": 1.0,
            "pricePerLitre": 2.0,
            "bestPricePerLitre": 3.3333333333333335,
            "multiBuy": {
                "quantity": 3.0,
                "value": 5.0,
                "perUnit": 1.6666666666666667
            }
        },
        "store": {
            "id": "96c43bec-8c0d-4752-b417-266546fddda1",
            "name": "New World Whakatane"
        }
    },
    {
        "productData": {
            "name": "V Pure Natural Energy Drink Can 250ml",
            "productId": "5237735_ea_000",
            "productShopPage": "https://www.newworld.co.nz/shop/product/5237735_ea_000nw",
            "productImageURL": "https://a.fsimg.co.nz/product/retail/fan/image/master/5237735.png",
            "productDescription": "6 natural ingredients; Nothing artificial; Apple juice - Apple and lemon juice is reconstituted; Lemon juice - Apple and lemon juice is reconstituted\n\nProduct of New Zealand",
            "volume": "250mL",
            "multipack": {
                "quantity": "1"
            }
        },
        "priceData": {
            "bestPrice": "1.99",
            "price": "1.99",
            "pricePerLitre": 8.0,
            "bestPricePerLitre": 8.0
        },
        "store": {
            "id": "96c43bec-8c0d-4752-b417-266546fddda1",
            "name": "New World Whakatane"
        }
    },
    {
        "productData": {
            "name": "Rockstar Original Energy Drink 500ml",
            "productId": "5215383_ea_000",
            "productShopPage": "https://www.newworld.co.nz/shop/product/5215383_ea_000nw",
            "productImageURL": "https://a.fsimg.co.nz/product/retail/fan/image/master/5215383.png",
            "productDescription": "Buy 3 for $5.00.\n\n\nCaffeine; B vitamins; Vitamin C; Taurine; Ginseng\n\nProduct of New Zealand",
            "volume": "500mL",
            "multipack": {
                "quantity": "1"
            }
        },
        "priceData": {
            "bestPrice": 1.6666666666666667,
            "price": 1.0,
            "pricePerLitre": 2.0,
            "bestPricePerLitre": 3.3333333333333335,
            "multiBuy": {
                "quantity": 3.0,
                "value": 5.0,
                "perUnit": 1.6666666666666667
            }
        },
        "store": {
            "id": "96c43bec-8c0d-4752-b417-266546fddda1",
            "name": "New World Whakatane"
        }
    },
    {
        "productData": {
            "name": "V Raspberry Lemonade Guarana Energy Drink 4pk",
            "productId": "5289907_ea_000",
            "productShopPage": "https://www.newworld.co.nz/shop/product/5289907_ea_000nw",
            "productImageURL": "https://a.fsimg.co.nz/product/retail/fan/image/master/5289907.png",
            "productDescription": "Limit 12 assorted.\n\n\n\n\nProduct of New Zealand",
            "volume": "250mL",
            "multipack": {
                "quantity": "4"
            }
        },
        "priceData": {
            "bestPrice": "5.99",
            "price": "5.99",
            "pricePerLitre": 5.99,
            "bestPricePerLitre": 5.99
        },
        "store": {
            "id": "96c43bec-8c0d-4752-b417-266546fddda1",
            "name": "New World Whakatane"
        }
    },
    {
        "productData": {
            "name": "V Raspberry Lemonade Can 500ml",
            "productId": "5264523_ea_000",
            "productShopPage": "https://www.newworld.co.nz/shop/product/5264523_ea_000nw",
            "productImageURL": "https://a.fsimg.co.nz/product/retail/fan/image/master/5264523.png",
            "productDescription": "Product of New Zealand",
            "volume": "500mL",
            "multipack": {
                "quantity": "1"
            }
        },
        "priceData": {
            "bestPrice": "3.49",
            "price": "3.49",
            "pricePerLitre": 7.0,
            "bestPricePerLitre": 7.0
        },
        "store": {
            "id": "96c43bec-8c0d-4752-b417-266546fddda1",
            "name": "New World Whakatane"
        }
    },
    {
        "productData": {
            "name": "V Blue Guarana Energy Drink 6pk",
            "productId": "5272988_ea_000",
            "productShopPage": "https://www.newworld.co.nz/shop/product/5272988_ea_000nw",
            "productImageURL": "https://a.fsimg.co.nz/product/retail/fan/image/master/5272988.png",
            "productDescription": "Product of New Zealand",
            "volume": "330mL",
            "multipack": {
                "quantity": "6"
            }
        },
        "priceData": {
            "bestPrice": "11.99",
            "price": "11.99",
            "pricePerLitre": 6.05,
            "bestPricePerLitre": 6.05
        },
        "store": {
            "id": "96c43bec-8c0d-4752-b417-266546fddda1",
            "name": "New World Whakatane"
        }
    },
    {
        "productData": {
            "name": "V Blue Can 4pk",
            "productId": "5030249_ea_000",
            "productShopPage": "https://www.newworld.co.nz/shop/product/5030249_ea_000nw",
            "productImageURL": "https://a.fsimg.co.nz/product/retail/fan/image/master/5030249.png",
            "productDescription": "Limit 12 assorted.\n\n\nContains Wheat Derivatives, Caffeine.\n\nProduct of New Zealand",
            "volume": "250mL",
            "multipack": {
                "quantity": "4"
            }
        },
        "priceData": {
            "bestPrice": "5.99",
            "price": "5.99",
            "pricePerLitre": 5.99,
            "bestPricePerLitre": 5.99
        },
        "store": {
            "id": "96c43bec-8c0d-4752-b417-266546fddda1",
            "name": "New World Whakatane"
        }
    },
    {
        "productData": {
            "name": "V Energy Drink Sugarfree Cans 4pk",
            "productId": "5004117_ea_000",
            "productShopPage": "https://www.newworld.co.nz/shop/product/5004117_ea_000nw",
            "productImageURL": "https://a.fsimg.co.nz/product/retail/fan/image/master/5004117.png",
            "productDescription": "Limit 12 assorted.\n\n\nSugar Free. Contains Caffeine.\n\nProduct of New Zealand",
            "volume": "250mL",
            "multipack": {
                "quantity": "4"
            }
        },
        "priceData": {
            "bestPrice": "5.99",
            "price": "5.99",
            "pricePerLitre": 5.99,
            "bestPricePerLitre": 5.99
        },
        "store": {
            "id": "96c43bec-8c0d-4752-b417-266546fddda1",
            "name": "New World Whakatane"
        }
    },
    {
        "productData": {
            "name": "Monster Mango Loco Energy Drink 500ml",
            "productId": "5242374_ea_000",
            "productShopPage": "https://www.newworld.co.nz/shop/product/5242374_ea_000nw",
            "productImageURL": "https://a.fsimg.co.nz/product/retail/fan/image/master/5242374.png",
            "productDescription": "Product of Imported",
            "volume": "500mL",
            "multipack": {
                "quantity": "1"
            }
        },
        "priceData": {
            "bestPrice": "2.99",
            "price": "2.99",
            "pricePerLitre": 6.0,
            "bestPricePerLitre": 6.0
        },
        "store": {
            "id": "96c43bec-8c0d-4752-b417-266546fddda1",
            "name": "New World Whakatane"
        }
    },
    {
        "productData": {
            "name": "Monster Zero Sugar Ultra Rosa Energy Drink 500ml",
            "productId": "5278094_ea_000",
            "productShopPage": "https://www.newworld.co.nz/shop/product/5278094_ea_000nw",
            "productImageURL": "https://a.fsimg.co.nz/product/retail/fan/image/master/5278094.png",
            "productDescription": "Product of Imported",
            "volume": "500mL",
            "multipack": {
                "quantity": "1"
            }
        },
        "priceData": {
            "bestPrice": "2.99",
            "price": "2.99",
            "pricePerLitre": 6.0,
            "bestPricePerLitre": 6.0
        },
        "store": {
            "id": "96c43bec-8c0d-4752-b417-266546fddda1",
            "name": "New World Whakatane"
        }
    },
    {
        "productData": {
            "name": "Monster Ultra Paradise Energy Drink 500ml",
            "productId": "5261257_ea_000",
            "productShopPage": "https://www.newworld.co.nz/shop/product/5261257_ea_000nw",
            "productImageURL": "https://a.fsimg.co.nz/product/retail/fan/image/master/5261257.png",
            "productDescription": "Product of Imported",
            "volume": "500mL",
            "multipack": {
                "quantity": "1"
            }
        },
        "priceData": {
            "bestPrice": "2.99",
            "price": "2.99",
            "pricePerLitre": 6.0,
            "bestPricePerLitre": 6.0
        },
        "store": {
            "id": "96c43bec-8c0d-4752-b417-266546fddda1",
            "name": "New World Whakatane"
        }
    },
    {
        "productData": {
            "name": "V Energy Drink Green Cans 4pk",
            "productId": "5002893_ea_000",
            "productShopPage": "https://www.newworld.co.nz/shop/product/5002893_ea_000nw",
            "productImageURL": "https://a.fsimg.co.nz/product/retail/fan/image/master/5002893.png",
            "productDescription": "Limit 12 assorted.\n\n\nContains Caffeine.\n\nProduct of New Zealand",
            "volume": "250mL",
            "multipack": {
                "quantity": "4"
            }
        },
        "priceData": {
            "bestPrice": "5.99",
            "price": "5.99",
            "pricePerLitre": 5.99,
            "bestPricePerLitre": 5.99
        },
        "store": {
            "id": "96c43bec-8c0d-4752-b417-266546fddda1",
            "name": "New World Whakatane"
        }
    },
    {
        "productData": {
            "name": "Monster Ultra Zero Drink 500ml",
            "productId": "5090618_ea_000",
            "productShopPage": "https://www.newworld.co.nz/shop/product/5090618_ea_000nw",
            "productImageURL": "https://a.fsimg.co.nz/product/retail/fan/image/master/5090618.png",
            "productDescription": "A little less sweet, lighter-tasting, zero calories, but with a full load of our Monster energy blend. Sure, white is the new black. Monster Energy Zero Ultra. Unleash the Ultra Beast!\n\nProduct of Imported",
            "volume": "500mL",
            "multipack": {
                "quantity": "1"
            }
        },
        "priceData": {
            "bestPrice": "2.99",
            "price": "2.99",
            "pricePerLitre": 6.0,
            "bestPricePerLitre": 6.0
        },
        "store": {
            "id": "96c43bec-8c0d-4752-b417-266546fddda1",
            "name": "New World Whakatane"
        }
    },
    {
        "productData": {
            "name": "Monster Super Fuel Zero Sugar Energy Drink 550ml",
            "productId": "5284331_ea_000",
            "productShopPage": "https://www.newworld.co.nz/shop/product/5284331_ea_000nw",
            "productImageURL": "https://a.fsimg.co.nz/product/retail/fan/image/master/5284331.png",
            "productDescription": "Product of Imported",
            "volume": "550mL",
            "multipack": {
                "quantity": "1"
            }
        },
        "priceData": {
            "bestPrice": "3.49",
            "price": "3.49",
            "pricePerLitre": 6.345454545454546,
            "bestPricePerLitre": 6.345454545454546
        },
        "store": {
            "id": "96c43bec-8c0d-4752-b417-266546fddda1",
            "name": "New World Whakatane"
        }
    },
    {
        "productData": {
            "name": "Mother Energy Drink Can 500ml",
            "productId": "5011153_ea_000",
            "productShopPage": "https://www.newworld.co.nz/shop/product/5011153_ea_000nw",
            "productImageURL": "https://a.fsimg.co.nz/product/retail/fan/image/master/5011153.png",
            "productDescription": "Contains Caffeine.\n\nProduct of New Zealand",
            "volume": "500mL",
            "multipack": {
                "quantity": "1"
            }
        },
        "priceData": {
            "bestPrice": "1.99",
            "price": "1.99",
            "pricePerLitre": 4.0,
            "bestPricePerLitre": 4.0
        },
        "store": {
            "id": "96c43bec-8c0d-4752-b417-266546fddda1",
            "name": "New World Whakatane"
        }
    },
    {
        "productData": {
            "name": "Monster Super Fuel Purple Passion Energy Drink 550ml",
            "productId": "5284332_ea_000",
            "productShopPage": "https://www.newworld.co.nz/shop/product/5284332_ea_000nw",
            "productImageURL": "https://a.fsimg.co.nz/product/retail/fan/image/master/5284332.png",
            "productDescription": "Product of Imported",
            "volume": "550mL",
            "multipack": {
                "quantity": "1"
            }
        },
        "priceData": {
            "bestPrice": "3.49",
            "price": "3.49",
            "pricePerLitre": 6.345454545454546,
            "bestPricePerLitre": 6.345454545454546
        },
        "store": {
            "id": "96c43bec-8c0d-4752-b417-266546fddda1",
            "name": "New World Whakatane"
        }
    },
    {
        "productData": {
            "name": "Mother Energy Drink Can 6pk",
            "productId": "5009490_ea_000",
            "productShopPage": "https://www.newworld.co.nz/shop/product/5009490_ea_000nw",
            "productImageURL": "https://a.fsimg.co.nz/product/retail/fan/image/master/5009490.png",
            "productDescription": "Contains Caffeine.\n\nProduct of New Zealand",
            "volume": "250mL",
            "multipack": {
                "quantity": "6"
            }
        },
        "priceData": {
            "bestPrice": "7.49",
            "price": "7.49",
            "pricePerLitre": 5.0,
            "bestPricePerLitre": 5.0
        },
        "store": {
            "id": "96c43bec-8c0d-4752-b417-266546fddda1",
            "name": "New World Whakatane"
        }
    },
    {
        "productData": {
            "name": "Monster Pipeline Punch Energy Drink 500ml",
            "productId": "5242373_ea_000",
            "productShopPage": "https://www.newworld.co.nz/shop/product/5242373_ea_000nw",
            "productImageURL": "https://a.fsimg.co.nz/product/retail/fan/image/master/5242373.png",
            "productDescription": "Product of Imported",
            "volume": "500mL",
            "multipack": {
                "quantity": "1"
            }
        },
        "priceData": {
            "bestPrice": "2.99",
            "price": "2.99",
            "pricePerLitre": 6.0,
            "bestPricePerLitre": 6.0
        },
        "store": {
            "id": "96c43bec-8c0d-4752-b417-266546fddda1",
            "name": "New World Whakatane"
        }
    },
    {
        "productData": {
            "name": "Monster Energy Drink 500ml",
            "productId": "5007647_ea_000",
            "productShopPage": "https://www.newworld.co.nz/shop/product/5007647_ea_000nw",
            "productImageURL": "https://a.fsimg.co.nz/product/retail/fan/image/master/5007647.png",
            "productDescription": "Contains Caffeine.\n\nProduct of Imported",
            "volume": "500mL",
            "multipack": {
                "quantity": "1"
            }
        },
        "priceData": {
            "bestPrice": "2.99",
            "price": "2.99",
            "pricePerLitre": 6.0,
            "bestPricePerLitre": 6.0
        },
        "store": {
            "id": "96c43bec-8c0d-4752-b417-266546fddda1",
            "name": "New World Whakatane"
        }
    },
    {
        "productData": {
            "name": "Monster Ultra Zero Drink 4pk",
            "productId": "5213974_ea_000",
            "productShopPage": "https://www.newworld.co.nz/shop/product/5213974_ea_000nw",
            "productImageURL": "https://a.fsimg.co.nz/product/retail/fan/image/master/5213974.png",
            "productDescription": "Product of Imported",
            "volume": "500mL",
            "multipack": {
                "quantity": "4"
            }
        },
        "priceData": {
            "bestPrice": "11.99",
            "price": "11.99",
            "pricePerLitre": 6.0,
            "bestPricePerLitre": 6.0
        },
        "store": {
            "id": "96c43bec-8c0d-4752-b417-266546fddda1",
            "name": "New World Whakatane"
        }
    },
    {
        "productData": {
            "name": "Monster Energy Drink 4pk",
            "productId": "5107264_ea_000",
            "productShopPage": "https://www.newworld.co.nz/shop/product/5107264_ea_000nw",
            "productImageURL": "https://a.fsimg.co.nz/product/retail/fan/image/master/5107264.png",
            "productDescription": "Product of Imported",
            "volume": "",
            "multipack": {
                "quantity": ""
            }
        },
        "priceData": {
            "bestPrice": "11.99",
            "price": "11.99",
            "pricePerLitre": 6.0,
            "bestPricePerLitre": 6.0
        },
        "store": {
            "id": "96c43bec-8c0d-4752-b417-266546fddda1",
            "name": "New World Whakatane"
        }
    },
    {
        "productData": {
            "name": "V Sugarfree Guarana Energy Drink 500ml",
            "productId": "5007644_ea_000",
            "productShopPage": "https://www.newworld.co.nz/shop/product/5007644_ea_000nw",
            "productImageURL": "https://a.fsimg.co.nz/product/retail/fan/image/master/5007644.png",
            "productDescription": "Sugar Free.\n\nProduct of New Zealand",
            "volume": "500mL",
            "multipack": {
                "quantity": "1"
            }
        },
        "priceData": {
            "bestPrice": "3.49",
            "price": "3.49",
            "pricePerLitre": 7.0,
            "bestPricePerLitre": 7.0
        },
        "store": {
            "id": "96c43bec-8c0d-4752-b417-266546fddda1",
            "name": "New World Whakatane"
        }
    },
    {
        "productData": {
            "name": "V Original Guarana Energy Drink 500ml",
            "productId": "5004703_ea_000",
            "productShopPage": "https://www.newworld.co.nz/shop/product/5004703_ea_000nw",
            "productImageURL": "https://a.fsimg.co.nz/product/retail/fan/image/master/5004703.png",
            "productDescription": "Contains Caffeine.\n\nProduct of New Zealand",
            "volume": "500mL",
            "multipack": {
                "quantity": "1"
            }
        },
        "priceData": {
            "bestPrice": "3.49",
            "price": "3.49",
            "pricePerLitre": 7.0,
            "bestPricePerLitre": 7.0
        },
        "store": {
            "id": "96c43bec-8c0d-4752-b417-266546fddda1",
            "name": "New World Whakatane"
        }
    },
    {
        "productData": {
            "name": "V Original Guarana Energy Drink 500ml",
            "productId": "5007441_ea_000",
            "productShopPage": "https://www.newworld.co.nz/shop/product/5007441_ea_000nw",
            "productImageURL": "https://a.fsimg.co.nz/product/retail/fan/image/master/5007441.png",
            "productDescription": "Buy 2 for $5.00.\n\n\nContains Wheat Derivatives, Caffeine.\n\nProduct of New Zealand",
            "volume": "500mL",
            "multipack": {
                "quantity": "1"
            }
        },
        "priceData": {
            "bestPrice": 2.5,
            "price": 2.0,
            "pricePerLitre": 4.0,
            "bestPricePerLitre": 5.0,
            "multiBuy": {
                "quantity": 2.0,
                "value": 5.0,
                "perUnit": 2.5
            }
        },
        "store": {
            "id": "96c43bec-8c0d-4752-b417-266546fddda1",
            "name": "New World Whakatane"
        }
    },
    {
        "productData": {
            "name": "V Blue Guarana Energy Drink 10pk",
            "productId": "5290181_ea_000",
            "productShopPage": "https://www.newworld.co.nz/shop/product/5290181_ea_000nw",
            "productImageURL": "https://a.fsimg.co.nz/product/retail/fan/image/master/5290181.png",
            "productDescription": "Product of New Zealand",
            "volume": "250mL",
            "multipack": {
                "quantity": "10"
            }
        },
        "priceData": {
            "bestPrice": "17.99",
            "price": "17.99",
            "pricePerLitre": 7.2,
            "bestPricePerLitre": 7.2
        },
        "store": {
            "id": "b012c209-9dfe-48c2-940c-acf73afebed4",
            "name": "New World Warkworth"
        }
    },
    {
        "productData": {
            "name": "V Blue Guarana Energy Drink 250ml",
            "productId": "5007495_ea_000",
            "productShopPage": "https://www.newworld.co.nz/shop/product/5007495_ea_000nw",
            "productImageURL": "https://a.fsimg.co.nz/product/retail/fan/image/master/5007495.png",
            "productDescription": "Contains Caffeine, Wheat Derivatives.\n\nProduct of New Zealand",
            "volume": "250mL",
            "multipack": {
                "quantity": "1"
            }
        },
        "priceData": {
            "bestPrice": "1.99",
            "price": "1.99",
            "pricePerLitre": 8.0,
            "bestPricePerLitre": 8.0
        },
        "store": {
            "id": "b012c209-9dfe-48c2-940c-acf73afebed4",
            "name": "New World Warkworth"
        }
    },
    {
        "productData": {
            "name": "V Sugarfree Blue Guarana Energy Drink 4pk",
            "productId": "5289891_ea_000",
            "productShopPage": "https://www.newworld.co.nz/shop/product/5289891_ea_000nw",
            "productImageURL": "https://a.fsimg.co.nz/product/retail/fan/image/master/5289891.png",
            "productDescription": "Limit 12 assorted.\n\n\n\n\nProduct of New Zealand",
            "volume": "250mL",
            "multipack": {
                "quantity": "4"
            }
        },
        "priceData": {
            "bestPrice": "5.99",
            "price": "5.99",
            "pricePerLitre": 5.99,
            "bestPricePerLitre": 5.99
        },
        "store": {
            "id": "b012c209-9dfe-48c2-940c-acf73afebed4",
            "name": "New World Warkworth"
        }
    },
    {
        "productData": {
            "name": "V Sugarfree Guarana Energy Drink 250ml",
            "productId": "5001639_ea_000",
            "productShopPage": "https://www.newworld.co.nz/shop/product/5001639_ea_000nw",
            "productImageURL": "https://a.fsimg.co.nz/product/retail/fan/image/master/5001639.png",
            "productDescription": "Sugar Free. Contains Caffeine.\n\nProduct of New Zealand",
            "volume": "250mL",
            "multipack": {
                "quantity": "1"
            }
        },
        "priceData": {
            "bestPrice": "1.99",
            "price": "1.99",
            "pricePerLitre": 8.0,
            "bestPricePerLitre": 8.0
        },
        "store": {
            "id": "b012c209-9dfe-48c2-940c-acf73afebed4",
            "name": "New World Warkworth"
        }
    },
    {
        "productData": {
            "name": "V Sugarfree Guarana Energy Drink 10pk",
            "productId": "5289890_ea_000",
            "productShopPage": "https://www.newworld.co.nz/shop/product/5289890_ea_000nw",
            "productImageURL": "https://a.fsimg.co.nz/product/retail/fan/image/master/5289890.png",
            "productDescription": "Product of New Zealand",
            "volume": "",
            "multipack": {
                "quantity": ""
            }
        },
        "priceData": {
            "bestPrice": "17.99",
            "price": "17.99",
            "pricePerLitre": 72.0,
            "bestPricePerLitre": 72.0
        },
        "store": {
            "id": "b012c209-9dfe-48c2-940c-acf73afebed4",
            "name": "New World Warkworth"
        }
    },
    {
        "productData": {
            "name": "V Green Guarana Energy Drink 6pk",
            "productId": "5272987_ea_000",
            "productShopPage": "https://www.newworld.co.nz/shop/product/5272987_ea_000nw",
            "productImageURL": "https://a.fsimg.co.nz/product/retail/fan/image/master/5272987.png",
            "productDescription": "Product of New Zealand",
            "volume": "330mL",
            "multipack": {
                "quantity": "6"
            }
        },
        "priceData": {
            "bestPrice": "11.99",
            "price": "11.99",
            "pricePerLitre": 6.05,
            "bestPricePerLitre": 6.05
        },
        "store": {
            "id": "b012c209-9dfe-48c2-940c-acf73afebed4",
            "name": "New World Warkworth"
        }
    },
    {
        "productData": {
            "name": "Live Plus Persist Energy Drink 250ml",
            "productId": "5236678_ea_000",
            "productShopPage": "https://www.newworld.co.nz/shop/product/5236678_ea_000nw",
            "productImageURL": "https://a.fsimg.co.nz/product/retail/fan/image/master/5236678.png",
            "productDescription": "Limit 12 assorted.\n\n\n\n\nProduct of New Zealand",
            "volume": "",
            "multipack": {
                "quantity": ""
            }
        },
        "priceData": {
            "bestPrice": "0.99",
            "price": "0.99"
        },
        "store": {
            "id": "b012c209-9dfe-48c2-940c-acf73afebed4",
            "name": "New World Warkworth"
        }
    },
    {
        "productData": {
            "name": "V Green Guarana Energy Drink 10pk",
            "productId": "5289889_ea_000",
            "productShopPage": "https://www.newworld.co.nz/shop/product/5289889_ea_000nw",
            "productImageURL": "https://a.fsimg.co.nz/product/retail/fan/image/master/5289889.png",
            "productDescription": "Product of New Zealand",
            "volume": "250mL",
            "multipack": {
                "quantity": "10"
            }
        },
        "priceData": {
            "bestPrice": "17.99",
            "price": "17.99",
            "pricePerLitre": 7.2,
            "bestPricePerLitre": 7.2
        },
        "store": {
            "id": "b012c209-9dfe-48c2-940c-acf73afebed4",
            "name": "New World Warkworth"
        }
    },
    {
        "productData": {
            "name": "V Sugarfree Blue Guarana Energy Drink 500ml",
            "productId": "5283362_ea_000",
            "productShopPage": "https://www.newworld.co.nz/shop/product/5283362_ea_000nw",
            "productImageURL": "https://a.fsimg.co.nz/product/retail/fan/image/master/5283362.png",
            "productDescription": "Sugar free\n\nProduct of New Zealand",
            "volume": "500mL",
            "multipack": {
                "quantity": "1"
            }
        },
        "priceData": {
            "bestPrice": "3.49",
            "price": "3.49",
            "pricePerLitre": 7.0,
            "bestPricePerLitre": 7.0
        },
        "store": {
            "id": "b012c209-9dfe-48c2-940c-acf73afebed4",
            "name": "New World Warkworth"
        }
    },
    {
        "productData": {
            "name": "V Original Guarana Energy Drink 350ml",
            "productId": "5003156_ea_000",
            "productShopPage": "https://www.newworld.co.nz/shop/product/5003156_ea_000nw",
            "productImageURL": "https://a.fsimg.co.nz/product/retail/fan/image/master/5003156.png",
            "productDescription": "Buy 2 for $5.00.\n\n\nContains Caffeine.\n\nProduct of New Zealand",
            "volume": "350mL",
            "multipack": {
                "quantity": "1"
            }
        },
        "priceData": {
            "bestPrice": 2.5,
            "price": 2.0,
            "pricePerLitre": 5.714285714285714,
            "bestPricePerLitre": 7.142857142857143,
            "multiBuy": {
                "quantity": 2.0,
                "value": 5.0,
                "perUnit": 2.5
            }
        },
        "store": {
            "id": "b012c209-9dfe-48c2-940c-acf73afebed4",
            "name": "New World Warkworth"
        }
    },
    {
        "productData": {
            "name": "V Blue Guarana Energy Drink 4pk",
            "productId": "5210055_ea_000",
            "productShopPage": "https://www.newworld.co.nz/shop/product/5210055_ea_000nw",
            "productImageURL": "https://a.fsimg.co.nz/product/retail/fan/image/master/5210055.png",
            "productDescription": "Product of New Zealand",
            "volume": "275mL",
            "multipack": {
                "quantity": "4"
            }
        },
        "priceData": {
            "bestPrice": "9.19",
            "price": "9.19",
            "pricePerLitre": 8.4,
            "bestPricePerLitre": 8.4
        },
        "store": {
            "id": "b012c209-9dfe-48c2-940c-acf73afebed4",
            "name": "New World Warkworth"
        }
    },
    {
        "productData": {
            "name": "V Blue Guarana Energy Drink 350ml",
            "productId": "5007492_ea_000",
            "productShopPage": "https://www.newworld.co.nz/shop/product/5007492_ea_000nw",
            "productImageURL": "https://a.fsimg.co.nz/product/retail/fan/image/master/5007492.png",
            "productDescription": "Buy 2 for $5.00.\n\n\nContains Caffeine, Wheat Derivatives.\n\nProduct of New Zealand",
            "volume": "350mL",
            "multipack": {
                "quantity": "1"
            }
        },
        "priceData": {
            "bestPrice": 2.5,
            "price": 2.0,
            "pricePerLitre": 5.714285714285714,
            "bestPricePerLitre": 7.142857142857143,
            "multiBuy": {
                "quantity": 2.0,
                "value": 5.0,
                "perUnit": 2.5
            }
        },
        "store": {
            "id": "b012c209-9dfe-48c2-940c-acf73afebed4",
            "name": "New World Warkworth"
        }
    },
    {
        "productData": {
            "name": "V Blue Energy Drink 500ml",
            "productId": "5020662_ea_000",
            "productShopPage": "https://www.newworld.co.nz/shop/product/5020662_ea_000nw",
            "productImageURL": "https://a.fsimg.co.nz/product/retail/fan/image/master/5020662.png",
            "productDescription": "Buy 2 for $5.00.\n\n\n\n\nProduct of New Zealand",
            "volume": "500mL",
            "multipack": {
                "quantity": "1"
            }
        },
        "priceData": {
            "bestPrice": 2.5,
            "price": 2.0,
            "pricePerLitre": 4.0,
            "bestPricePerLitre": 5.0,
            "multiBuy": {
                "quantity": 2.0,
                "value": 5.0,
                "perUnit": 2.5
            }
        },
        "store": {
            "id": "b012c209-9dfe-48c2-940c-acf73afebed4",
            "name": "New World Warkworth"
        }
    },
    {
        "productData": {
            "name": "V Blue Guarana Energy Drink 500ml",
            "productId": "5007494_ea_000",
            "productShopPage": "https://www.newworld.co.nz/shop/product/5007494_ea_000nw",
            "productImageURL": "https://a.fsimg.co.nz/product/retail/fan/image/master/5007494.png",
            "productDescription": "Contains Wheat Derivatives, Caffeine.\n\nProduct of New Zealand",
            "volume": "500mL",
            "multipack": {
                "quantity": "1"
            }
        },
        "priceData": {
            "bestPrice": "3.49",
            "price": "3.49",
            "pricePerLitre": 7.0,
            "bestPricePerLitre": 7.0
        },
        "store": {
            "id": "b012c209-9dfe-48c2-940c-acf73afebed4",
            "name": "New World Warkworth"
        }
    },
    {
        "productData": {
            "name": "Red Bull Energy Drink 473ml",
            "productId": "5005255_ea_000",
            "productShopPage": "https://www.newworld.co.nz/shop/product/5005255_ea_000nw",
            "productImageURL": "https://a.fsimg.co.nz/product/retail/fan/image/master/5005255.png",
            "productDescription": "Red Bull Energy Drink's special formula contains ingredients of high quality: Caffeine, Taurine, B-Group Vitamins, Sugars, Alpine Water.One 250ml can of Red Bull Energy Drinks contains 80 mg of caffeine, about the same amount as in a cup of home-brewed coffee.The amount of sugars in a can of Red Bull Energy Drink is comparable to the level of sugars in an equivalent amount of apple or orange juice – 11 g per 100ml.Red Bull cans are made of 100% recyclable aluminium.Red Bull Energy Drink 473ml canVitalizes Body and Mind.®RED BULL GIVES YOU WINGSInspired by functional drinks from the Far East, Dietrich Mateschitz founded Red Bull in the mid-1980s. He developed a new product and a unique marketing concept and launched Red Bull Energy Drink on April 1, 1987 in Austria. A brand new product category - Energy Drinks - was born.\n\nProduct of Imported",
            "volume": "473mL",
            "multipack": {
                "quantity": "1"
            }
        },
        "priceData": {
            "bestPrice": "3.59",
            "price": "3.59",
            "pricePerLitre": 7.6,
            "bestPricePerLitre": 7.6
        },
        "store": {
            "id": "b012c209-9dfe-48c2-940c-acf73afebed4",
            "name": "New World Warkworth"
        }
    },
    {
        "productData": {
            "name": "V Original Guarana Energy Drink 250ml",
            "productId": "5003151_ea_000",
            "productShopPage": "https://www.newworld.co.nz/shop/product/5003151_ea_000nw",
            "productImageURL": "https://a.fsimg.co.nz/product/retail/fan/image/master/5003151.png",
            "productDescription": "Contains Caffeine.\n\nProduct of New Zealand",
            "volume": "250mL",
            "multipack": {
                "quantity": "1"
            }
        },
        "priceData": {
            "bestPrice": "1.99",
            "price": "1.99",
            "pricePerLitre": 8.0,
            "bestPricePerLitre": 8.0
        },
        "store": {
            "id": "b012c209-9dfe-48c2-940c-acf73afebed4",
            "name": "New World Warkworth"
        }
    },
    {
        "productData": {
            "name": "Red Bull Energy Drink 250ml Cans 4pk",
            "productId": "5001443_ea_000",
            "productShopPage": "https://www.newworld.co.nz/shop/product/5001443_ea_000nw",
            "productImageURL": "https://a.fsimg.co.nz/product/retail/fan/image/master/5001443.png",
            "productDescription": "Red Bull Energy Drink's special formula contains ingredients of high quality: Caffeine, Taurine, B-Group Vitamins, Sugars, Alpine Water.One 250ml can of Red Bull Energy Drinks contains 80 mg of caffeine, about the same amount as in a cup of home-brewed coffee.The amount of sugars in a can of Red Bull Energy Drink is comparable to the level of sugars in an equivalent amount of apple or orange juice – 11 g per 100ml.Red Bull cans are made of 100% recyclable aluminium.Pack of four 250ml Red Bull Energy Drink cansVitalizes Body and Mind.®RED BULL GIVES YOU WINGSInspired by functional drinks from the Far East, Dietrich Mateschitz founded Red Bull in the mid-1980s. He developed a new product and a unique marketing concept and launched Red Bull Energy Drink on April 1, 1987 in Austria. A brand new product category - Energy Drinks - was born.",
            "volume": "250mL",
            "multipack": {
                "quantity": "4"
            }
        },
        "priceData": {
            "bestPrice": "8.29",
            "price": "8.29",
            "pricePerLitre": 8.299999999999999,
            "bestPricePerLitre": 8.299999999999999
        },
        "store": {
            "id": "b012c209-9dfe-48c2-940c-acf73afebed4",
            "name": "New World Warkworth"
        }
    },
    {
        "productData": {
            "name": "V Green Guarana Energy Drink 710ml",
            "productId": "5030250_ea_000",
            "productShopPage": "https://www.newworld.co.nz/shop/product/5030250_ea_000nw",
            "productImageURL": "https://a.fsimg.co.nz/product/retail/fan/image/master/5030250.png",
            "productDescription": "Contains Wheat Derivatives\n\nProduct of Imported",
            "volume": "250mL",
            "multipack": {
                "quantity": "3"
            }
        },
        "priceData": {
            "bestPrice": "3.49",
            "price": "3.49",
            "pricePerLitre": 4.9,
            "bestPricePerLitre": 4.9
        },
        "store": {
            "id": "b012c209-9dfe-48c2-940c-acf73afebed4",
            "name": "New World Warkworth"
        }
    },
    {
        "productData": {
            "name": "Lucozade Orange Energy Drink 380ml",
            "productId": "5009239_ea_000",
            "productShopPage": "https://www.newworld.co.nz/shop/product/5009239_ea_000nw",
            "productImageURL": "https://a.fsimg.co.nz/product/retail/fan/image/master/5009239.png",
            "productDescription": "Powered by Glucose.\n\nProduct of New Zealand",
            "volume": "380mL",
            "multipack": {
                "quantity": "1"
            }
        },
        "priceData": {
            "bestPrice": "2.69",
            "price": "2.69",
            "pricePerLitre": 7.08,
            "bestPricePerLitre": 7.08
        },
        "store": {
            "id": "b012c209-9dfe-48c2-940c-acf73afebed4",
            "name": "New World Warkworth"
        }
    },
    {
        "productData": {
            "name": "Lucozade Original Energy Drink 380ml",
            "productId": "5009240_ea_000",
            "productShopPage": "https://www.newworld.co.nz/shop/product/5009240_ea_000nw",
            "productImageURL": "https://a.fsimg.co.nz/product/retail/fan/image/master/5009240.png",
            "productDescription": "Energy from Glucose.\n\nProduct of New Zealand",
            "volume": "380mL",
            "multipack": {
                "quantity": "1"
            }
        },
        "priceData": {
            "bestPrice": "2.69",
            "price": "2.69",
            "pricePerLitre": 7.08,
            "bestPricePerLitre": 7.08
        },
        "store": {
            "id": "b012c209-9dfe-48c2-940c-acf73afebed4",
            "name": "New World Warkworth"
        }
    },
    {
        "productData": {
            "name": "Rockstar Watermelon Freeze Energy Drink 500ml",
            "productId": "5257298_ea_000",
            "productShopPage": "https://www.newworld.co.nz/shop/product/5257298_ea_000nw",
            "productImageURL": "https://a.fsimg.co.nz/product/retail/fan/image/master/5257298.png",
            "productDescription": "Buy 3 for $5.00.\n\n\n\n\nProduct of New Zealand",
            "volume": "500mL",
            "multipack": {
                "quantity": "1"
            }
        },
        "priceData": {
            "bestPrice": 1.6666666666666667,
            "price": 1.0,
            "pricePerLitre": 2.0,
            "bestPricePerLitre": 3.3333333333333335,
            "multiBuy": {
                "quantity": 3.0,
                "value": 5.0,
                "perUnit": 1.6666666666666667
            }
        },
        "store": {
            "id": "b012c209-9dfe-48c2-940c-acf73afebed4",
            "name": "New World Warkworth"
        }
    },
    {
        "productData": {
            "name": "Rockstar Original Energy Drink 500ml",
            "productId": "5215383_ea_000",
            "productShopPage": "https://www.newworld.co.nz/shop/product/5215383_ea_000nw",
            "productImageURL": "https://a.fsimg.co.nz/product/retail/fan/image/master/5215383.png",
            "productDescription": "Buy 3 for $5.00.\n\n\nCaffeine; B vitamins; Vitamin C; Taurine; Ginseng\n\nProduct of New Zealand",
            "volume": "500mL",
            "multipack": {
                "quantity": "1"
            }
        },
        "priceData": {
            "bestPrice": 1.6666666666666667,
            "price": 1.0,
            "pricePerLitre": 2.0,
            "bestPricePerLitre": 3.3333333333333335,
            "multiBuy": {
                "quantity": 3.0,
                "value": 5.0,
                "perUnit": 1.6666666666666667
            }
        },
        "store": {
            "id": "b012c209-9dfe-48c2-940c-acf73afebed4",
            "name": "New World Warkworth"
        }
    },
    {
        "productData": {
            "name": "V Raspberry Lemonade Guarana Energy Drink 4pk",
            "productId": "5289907_ea_000",
            "productShopPage": "https://www.newworld.co.nz/shop/product/5289907_ea_000nw",
            "productImageURL": "https://a.fsimg.co.nz/product/retail/fan/image/master/5289907.png",
            "productDescription": "Limit 12 assorted.\n\n\n\n\nProduct of New Zealand",
            "volume": "250mL",
            "multipack": {
                "quantity": "4"
            }
        },
        "priceData": {
            "bestPrice": "5.99",
            "price": "5.99",
            "pricePerLitre": 5.99,
            "bestPricePerLitre": 5.99
        },
        "store": {
            "id": "b012c209-9dfe-48c2-940c-acf73afebed4",
            "name": "New World Warkworth"
        }
    },
    {
        "productData": {
            "name": "V Blue Can 4pk",
            "productId": "5030249_ea_000",
            "productShopPage": "https://www.newworld.co.nz/shop/product/5030249_ea_000nw",
            "productImageURL": "https://a.fsimg.co.nz/product/retail/fan/image/master/5030249.png",
            "productDescription": "Limit 12 assorted.\n\n\nContains Wheat Derivatives, Caffeine.\n\nProduct of New Zealand",
            "volume": "250mL",
            "multipack": {
                "quantity": "4"
            }
        },
        "priceData": {
            "bestPrice": "5.99",
            "price": "5.99",
            "pricePerLitre": 5.99,
            "bestPricePerLitre": 5.99
        },
        "store": {
            "id": "b012c209-9dfe-48c2-940c-acf73afebed4",
            "name": "New World Warkworth"
        }
    },
    {
        "productData": {
            "name": "V Energy Drink Sugarfree Cans 4pk",
            "productId": "5004117_ea_000",
            "productShopPage": "https://www.newworld.co.nz/shop/product/5004117_ea_000nw",
            "productImageURL": "https://a.fsimg.co.nz/product/retail/fan/image/master/5004117.png",
            "productDescription": "Limit 12 assorted.\n\n\nSugar Free. Contains Caffeine.\n\nProduct of New Zealand",
            "volume": "250mL",
            "multipack": {
                "quantity": "4"
            }
        },
        "priceData": {
            "bestPrice": "5.99",
            "price": "5.99",
            "pricePerLitre": 5.99,
            "bestPricePerLitre": 5.99
        },
        "store": {
            "id": "b012c209-9dfe-48c2-940c-acf73afebed4",
            "name": "New World Warkworth"
        }
    },
    {
        "productData": {
            "name": "Monster Zero Sugar Ultra Rosa Energy Drink 500ml",
            "productId": "5278094_ea_000",
            "productShopPage": "https://www.newworld.co.nz/shop/product/5278094_ea_000nw",
            "productImageURL": "https://a.fsimg.co.nz/product/retail/fan/image/master/5278094.png",
            "productDescription": "Product of Imported",
            "volume": "500mL",
            "multipack": {
                "quantity": "1"
            }
        },
        "priceData": {
            "bestPrice": "2.99",
            "price": "2.99",
            "pricePerLitre": 6.0,
            "bestPricePerLitre": 6.0
        },
        "store": {
            "id": "b012c209-9dfe-48c2-940c-acf73afebed4",
            "name": "New World Warkworth"
        }
    },
    {
        "productData": {
            "name": "Monster Ultra Paradise Energy Drink 500ml",
            "productId": "5261257_ea_000",
            "productShopPage": "https://www.newworld.co.nz/shop/product/5261257_ea_000nw",
            "productImageURL": "https://a.fsimg.co.nz/product/retail/fan/image/master/5261257.png",
            "productDescription": "Product of Imported",
            "volume": "500mL",
            "multipack": {
                "quantity": "1"
            }
        },
        "priceData": {
            "bestPrice": "2.99",
            "price": "2.99",
            "pricePerLitre": 6.0,
            "bestPricePerLitre": 6.0
        },
        "store": {
            "id": "b012c209-9dfe-48c2-940c-acf73afebed4",
            "name": "New World Warkworth"
        }
    },
    {
        "productData": {
            "name": "V Energy Drink Green Cans 4pk",
            "productId": "5002893_ea_000",
            "productShopPage": "https://www.newworld.co.nz/shop/product/5002893_ea_000nw",
            "productImageURL": "https://a.fsimg.co.nz/product/retail/fan/image/master/5002893.png",
            "productDescription": "Limit 12 assorted.\n\n\nContains Caffeine.\n\nProduct of New Zealand",
            "volume": "250mL",
            "multipack": {
                "quantity": "4"
            }
        },
        "priceData": {
            "bestPrice": "5.99",
            "price": "5.99",
            "pricePerLitre": 5.99,
            "bestPricePerLitre": 5.99
        },
        "store": {
            "id": "b012c209-9dfe-48c2-940c-acf73afebed4",
            "name": "New World Warkworth"
        }
    },
    {
        "productData": {
            "name": "Monster Ultra Zero Drink 500ml",
            "productId": "5090618_ea_000",
            "productShopPage": "https://www.newworld.co.nz/shop/product/5090618_ea_000nw",
            "productImageURL": "https://a.fsimg.co.nz/product/retail/fan/image/master/5090618.png",
            "productDescription": "A little less sweet, lighter-tasting, zero calories, but with a full load of our Monster energy blend. Sure, white is the new black. Monster Energy Zero Ultra. Unleash the Ultra Beast!\n\nProduct of Imported",
            "volume": "500mL",
            "multipack": {
                "quantity": "1"
            }
        },
        "priceData": {
            "bestPrice": "2.99",
            "price": "2.99",
            "pricePerLitre": 6.0,
            "bestPricePerLitre": 6.0
        },
        "store": {
            "id": "b012c209-9dfe-48c2-940c-acf73afebed4",
            "name": "New World Warkworth"
        }
    },
    {
        "productData": {
            "name": "Mother Energy Drink Can 500ml",
            "productId": "5011153_ea_000",
            "productShopPage": "https://www.newworld.co.nz/shop/product/5011153_ea_000nw",
            "productImageURL": "https://a.fsimg.co.nz/product/retail/fan/image/master/5011153.png",
            "productDescription": "Contains Caffeine.\n\nProduct of New Zealand",
            "volume": "500mL",
            "multipack": {
                "quantity": "1"
            }
        },
        "priceData": {
            "bestPrice": "1.99",
            "price": "1.99",
            "pricePerLitre": 4.0,
            "bestPricePerLitre": 4.0
        },
        "store": {
            "id": "b012c209-9dfe-48c2-940c-acf73afebed4",
            "name": "New World Warkworth"
        }
    },
    {
        "productData": {
            "name": "Monster Energy Drink 500ml",
            "productId": "5007647_ea_000",
            "productShopPage": "https://www.newworld.co.nz/shop/product/5007647_ea_000nw",
            "productImageURL": "https://a.fsimg.co.nz/product/retail/fan/image/master/5007647.png",
            "productDescription": "Contains Caffeine.\n\nProduct of Imported",
            "volume": "500mL",
            "multipack": {
                "quantity": "1"
            }
        },
        "priceData": {
            "bestPrice": "2.99",
            "price": "2.99",
            "pricePerLitre": 6.0,
            "bestPricePerLitre": 6.0
        },
        "store": {
            "id": "b012c209-9dfe-48c2-940c-acf73afebed4",
            "name": "New World Warkworth"
        }
    },
    {
        "productData": {
            "name": "V Sugarfree Guarana Energy Drink 4pk",
            "productId": "5210130_ea_000",
            "productShopPage": "https://www.newworld.co.nz/shop/product/5210130_ea_000nw",
            "productImageURL": "https://a.fsimg.co.nz/product/retail/fan/image/master/5210130.png",
            "productDescription": "Sugarfree\n\nProduct of New Zealand",
            "volume": "275mL",
            "multipack": {
                "quantity": "4"
            }
        },
        "priceData": {
            "bestPrice": "9.19",
            "price": "9.19",
            "pricePerLitre": 8.4,
            "bestPricePerLitre": 8.4
        },
        "store": {
            "id": "b012c209-9dfe-48c2-940c-acf73afebed4",
            "name": "New World Warkworth"
        }
    },
    {
        "productData": {
            "name": "V Sugarfree Guarana Energy Drink 500ml",
            "productId": "5007644_ea_000",
            "productShopPage": "https://www.newworld.co.nz/shop/product/5007644_ea_000nw",
            "productImageURL": "https://a.fsimg.co.nz/product/retail/fan/image/master/5007644.png",
            "productDescription": "Sugar Free.\n\nProduct of New Zealand",
            "volume": "500mL",
            "multipack": {
                "quantity": "1"
            }
        },
        "priceData": {
            "bestPrice": "3.49",
            "price": "3.49",
            "pricePerLitre": 7.0,
            "bestPricePerLitre": 7.0
        },
        "store": {
            "id": "b012c209-9dfe-48c2-940c-acf73afebed4",
            "name": "New World Warkworth"
        }
    },
    {
        "productData": {
            "name": "V Original Guarana Energy Drink 4pk",
            "productId": "5210048_ea_000",
            "productShopPage": "https://www.newworld.co.nz/shop/product/5210048_ea_000nw",
            "productImageURL": "https://a.fsimg.co.nz/product/retail/fan/image/master/5210048.png",
            "productDescription": "Product of New Zealand",
            "volume": "275mL",
            "multipack": {
                "quantity": "4"
            }
        },
        "priceData": {
            "bestPrice": "10.29",
            "price": "10.29",
            "pricePerLitre": 9.399999999999999,
            "bestPricePerLitre": 9.399999999999999
        },
        "store": {
            "id": "b012c209-9dfe-48c2-940c-acf73afebed4",
            "name": "New World Warkworth"
        }
    },
    {
        "productData": {
            "name": "V Original Guarana Energy Drink 500ml",
            "productId": "5007441_ea_000",
            "productShopPage": "https://www.newworld.co.nz/shop/product/5007441_ea_000nw",
            "productImageURL": "https://a.fsimg.co.nz/product/retail/fan/image/master/5007441.png",
            "productDescription": "Buy 2 for $5.00.\n\n\nContains Wheat Derivatives, Caffeine.\n\nProduct of New Zealand",
            "volume": "500mL",
            "multipack": {
                "quantity": "1"
            }
        },
        "priceData": {
            "bestPrice": "2.00",
            "price": "2.00",
            "pricePerLitre": 4.0,
            "bestPricePerLitre": 4.0
        },
        "store": {
            "id": "b012c209-9dfe-48c2-940c-acf73afebed4",
            "name": "New World Warkworth"
        }
    },
    {
        "productData": {
            "name": "V Sugarfree Guarana Energy Drink 250ml",
            "productId": "5001639_ea_000",
            "productShopPage": "https://www.newworld.co.nz/shop/product/5001639_ea_000nw",
            "productImageURL": "https://a.fsimg.co.nz/product/retail/fan/image/master/5001639.png",
            "productDescription": "Sugar Free. Contains Caffeine.\n\nProduct of New Zealand",
            "volume": "250mL",
            "multipack": {
                "quantity": "1"
            }
        },
        "priceData": {
            "bestPrice": "1.99",
            "price": "1.99",
            "pricePerLitre": 8.0,
            "bestPricePerLitre": 8.0
        },
        "store": {
            "id": "517424bd-8840-49e7-8206-58f4da24b1d7",
            "name": "New World Taumarunui"
        }
    },
    {
        "productData": {
            "name": "Mother Energy Drink Can 6pk",
            "productId": "5009490_ea_000",
            "productShopPage": "https://www.newworld.co.nz/shop/product/5009490_ea_000nw",
            "productImageURL": "https://a.fsimg.co.nz/product/retail/fan/image/master/5009490.png",
            "productDescription": "Contains Caffeine.\n\nProduct of New Zealand",
            "volume": "250mL",
            "multipack": {
                "quantity": "6"
            }
        },
        "priceData": {
            "bestPrice": "7.49",
            "price": "7.49",
            "pricePerLitre": 5.0,
            "bestPricePerLitre": 5.0
        },
        "store": {
            "id": "517424bd-8840-49e7-8206-58f4da24b1d7",
            "name": "New World Taumarunui"
        }
    },
    {
        "productData": {
            "name": "Monster Pipeline Punch Energy Drink 500ml",
            "productId": "5242373_ea_000",
            "productShopPage": "https://www.newworld.co.nz/shop/product/5242373_ea_000nw",
            "productImageURL": "https://a.fsimg.co.nz/product/retail/fan/image/master/5242373.png",
            "productDescription": "Product of Imported",
            "volume": "500mL",
            "multipack": {
                "quantity": "1"
            }
        },
        "priceData": {
            "bestPrice": "2.99",
            "price": "2.99",
            "pricePerLitre": 6.0,
            "bestPricePerLitre": 6.0
        },
        "store": {
            "id": "517424bd-8840-49e7-8206-58f4da24b1d7",
            "name": "New World Taumarunui"
        }
    },
    {
        "productData": {
            "name": "Monster Energy Drink 500ml",
            "productId": "5007647_ea_000",
            "productShopPage": "https://www.newworld.co.nz/shop/product/5007647_ea_000nw",
            "productImageURL": "https://a.fsimg.co.nz/product/retail/fan/image/master/5007647.png",
            "productDescription": "Contains Caffeine.\n\nProduct of Imported",
            "volume": "500mL",
            "multipack": {
                "quantity": "1"
            }
        },
        "priceData": {
            "bestPrice": "2.99",
            "price": "2.99",
            "pricePerLitre": 6.0,
            "bestPricePerLitre": 6.0
        },
        "store": {
            "id": "517424bd-8840-49e7-8206-58f4da24b1d7",
            "name": "New World Taumarunui"
        }
    },
    {
        "productData": {
            "name": "V Sugarfree Guarana Energy Drink 500ml",
            "productId": "5007644_ea_000",
            "productShopPage": "https://www.newworld.co.nz/shop/product/5007644_ea_000nw",
            "productImageURL": "https://a.fsimg.co.nz/product/retail/fan/image/master/5007644.png",
            "productDescription": "Sugar Free.\n\nProduct of New Zealand",
            "volume": "500mL",
            "multipack": {
                "quantity": "1"
            }
        },
        "priceData": {
            "bestPrice": "3.49",
            "price": "3.49",
            "pricePerLitre": 7.0,
            "bestPricePerLitre": 7.0
        },
        "store": {
            "id": "517424bd-8840-49e7-8206-58f4da24b1d7",
            "name": "New World Taumarunui"
        }
    },
    {
        "productData": {
            "name": "V Original Guarana Energy Drink 500ml",
            "productId": "5004703_ea_000",
            "productShopPage": "https://www.newworld.co.nz/shop/product/5004703_ea_000nw",
            "productImageURL": "https://a.fsimg.co.nz/product/retail/fan/image/master/5004703.png",
            "productDescription": "Contains Caffeine.\n\nProduct of New Zealand",
            "volume": "500mL",
            "multipack": {
                "quantity": "1"
            }
        },
        "priceData": {
            "bestPrice": "3.49",
            "price": "3.49",
            "pricePerLitre": 7.0,
            "bestPricePerLitre": 7.0
        },
        "store": {
            "id": "517424bd-8840-49e7-8206-58f4da24b1d7",
            "name": "New World Taumarunui"
        }
    },
    {
        "productData": {
            "name": "V Original Guarana Energy Drink 500ml",
            "productId": "5007441_ea_000",
            "productShopPage": "https://www.newworld.co.nz/shop/product/5007441_ea_000nw",
            "productImageURL": "https://a.fsimg.co.nz/product/retail/fan/image/master/5007441.png",
            "productDescription": "Buy 2 for $5.00.\n\n\nContains Wheat Derivatives, Caffeine.\n\nProduct of New Zealand",
            "volume": "500mL",
            "multipack": {
                "quantity": "1"
            }
        },
        "priceData": {
            "bestPrice": 2.5,
            "price": 2.0,
            "pricePerLitre": 4.0,
            "bestPricePerLitre": 5.0,
            "multiBuy": {
                "quantity": 2.0,
                "value": 5.0,
                "perUnit": 2.5
            }
        },
        "store": {
            "id": "517424bd-8840-49e7-8206-58f4da24b1d7",
            "name": "New World Taumarunui"
        }
    },
    {
        "productData": {
            "name": "V Blue Guarana Energy Drink 10pk",
            "productId": "5290181_ea_000",
            "productShopPage": "https://www.newworld.co.nz/shop/product/5290181_ea_000nw",
            "productImageURL": "https://a.fsimg.co.nz/product/retail/fan/image/master/5290181.png",
            "productDescription": "Product of New Zealand",
            "volume": "250mL",
            "multipack": {
                "quantity": "10"
            }
        },
        "priceData": {
            "bestPrice": "17.99",
            "price": "17.99",
            "pricePerLitre": 7.2,
            "bestPricePerLitre": 7.2
        },
        "store": {
            "id": "36fb31df-6b41-4a10-ac9a-db831f4f5f47",
            "name": "New World Te Rapa"
        }
    },
    {
        "productData": {
            "name": "V Sugarfree Blue Guarana Energy Drink 4pk",
            "productId": "5289891_ea_000",
            "productShopPage": "https://www.newworld.co.nz/shop/product/5289891_ea_000nw",
            "productImageURL": "https://a.fsimg.co.nz/product/retail/fan/image/master/5289891.png",
            "productDescription": "Limit 12 assorted.\n\n\n\n\nProduct of New Zealand",
            "volume": "250mL",
            "multipack": {
                "quantity": "4"
            }
        },
        "priceData": {
            "bestPrice": "5.99",
            "price": "5.99",
            "pricePerLitre": 5.99,
            "bestPricePerLitre": 5.99
        },
        "store": {
            "id": "36fb31df-6b41-4a10-ac9a-db831f4f5f47",
            "name": "New World Te Rapa"
        }
    },
    {
        "productData": {
            "name": "V Sugarfree Guarana Energy Drink 250ml",
            "productId": "5001639_ea_000",
            "productShopPage": "https://www.newworld.co.nz/shop/product/5001639_ea_000nw",
            "productImageURL": "https://a.fsimg.co.nz/product/retail/fan/image/master/5001639.png",
            "productDescription": "Sugar Free. Contains Caffeine.\n\nProduct of New Zealand",
            "volume": "250mL",
            "multipack": {
                "quantity": "1"
            }
        },
        "priceData": {
            "bestPrice": "1.99",
            "price": "1.99",
            "pricePerLitre": 8.0,
            "bestPricePerLitre": 8.0
        },
        "store": {
            "id": "36fb31df-6b41-4a10-ac9a-db831f4f5f47",
            "name": "New World Te Rapa"
        }
    },
    {
        "productData": {
            "name": "V Sugarfree Guarana Energy Drink 10pk",
            "productId": "5289890_ea_000",
            "productShopPage": "https://www.newworld.co.nz/shop/product/5289890_ea_000nw",
            "productImageURL": "https://a.fsimg.co.nz/product/retail/fan/image/master/5289890.png",
            "productDescription": "Product of New Zealand",
            "volume": "",
            "multipack": {
                "quantity": ""
            }
        },
        "priceData": {
            "bestPrice": "17.99",
            "price": "17.99",
            "pricePerLitre": 72.0,
            "bestPricePerLitre": 72.0
        },
        "store": {
            "id": "36fb31df-6b41-4a10-ac9a-db831f4f5f47",
            "name": "New World Te Rapa"
        }
    },
    {
        "productData": {
            "name": "V Green Guarana Energy Drink 6pk",
            "productId": "5272987_ea_000",
            "productShopPage": "https://www.newworld.co.nz/shop/product/5272987_ea_000nw",
            "productImageURL": "https://a.fsimg.co.nz/product/retail/fan/image/master/5272987.png",
            "productDescription": "Product of New Zealand",
            "volume": "330mL",
            "multipack": {
                "quantity": "6"
            }
        },
        "priceData": {
            "bestPrice": "11.99",
            "price": "11.99",
            "pricePerLitre": 6.05,
            "bestPricePerLitre": 6.05
        },
        "store": {
            "id": "36fb31df-6b41-4a10-ac9a-db831f4f5f47",
            "name": "New World Te Rapa"
        }
    },
    {
        "productData": {
            "name": "Live Plus Tart Apple Energy Drink 250ml",
            "productId": "5236676_ea_000",
            "productShopPage": "https://www.newworld.co.nz/shop/product/5236676_ea_000nw",
            "productImageURL": "https://a.fsimg.co.nz/product/retail/fan/image/master/5236676.png",
            "productDescription": "Limit 12 assorted.\n\n\n\n\nProduct of New Zealand",
            "volume": "250mL",
            "multipack": {
                "quantity": "1"
            }
        },
        "priceData": {
            "bestPrice": "0.99",
            "price": "0.99",
            "pricePerLitre": 3.96,
            "bestPricePerLitre": 3.96
        },
        "store": {
            "id": "36fb31df-6b41-4a10-ac9a-db831f4f5f47",
            "name": "New World Te Rapa"
        }
    },
    {
        "productData": {
            "name": "Live Plus Persist Energy Drink 250ml",
            "productId": "5236678_ea_000",
            "productShopPage": "https://www.newworld.co.nz/shop/product/5236678_ea_000nw",
            "productImageURL": "https://a.fsimg.co.nz/product/retail/fan/image/master/5236678.png",
            "productDescription": "Limit 12 assorted.\n\n\n\n\nProduct of New Zealand",
            "volume": "",
            "multipack": {
                "quantity": ""
            }
        },
        "priceData": {
            "bestPrice": "0.99",
            "price": "0.99"
        },
        "store": {
            "id": "36fb31df-6b41-4a10-ac9a-db831f4f5f47",
            "name": "New World Te Rapa"
        }
    },
    {
        "productData": {
            "name": "V Green Guarana Energy Drink 10pk",
            "productId": "5289889_ea_000",
            "productShopPage": "https://www.newworld.co.nz/shop/product/5289889_ea_000nw",
            "productImageURL": "https://a.fsimg.co.nz/product/retail/fan/image/master/5289889.png",
            "productDescription": "Product of New Zealand",
            "volume": "250mL",
            "multipack": {
                "quantity": "10"
            }
        },
        "priceData": {
            "bestPrice": "17.99",
            "price": "17.99",
            "pricePerLitre": 7.2,
            "bestPricePerLitre": 7.2
        },
        "store": {
            "id": "36fb31df-6b41-4a10-ac9a-db831f4f5f47",
            "name": "New World Te Rapa"
        }
    },
    {
        "productData": {
            "name": "V Sugarfree Blue Guarana Energy Drink 500ml",
            "productId": "5283362_ea_000",
            "productShopPage": "https://www.newworld.co.nz/shop/product/5283362_ea_000nw",
            "productImageURL": "https://a.fsimg.co.nz/product/retail/fan/image/master/5283362.png",
            "productDescription": "Sugar free\n\nProduct of New Zealand",
            "volume": "500mL",
            "multipack": {
                "quantity": "1"
            }
        },
        "priceData": {
            "bestPrice": "3.49",
            "price": "3.49",
            "pricePerLitre": 7.0,
            "bestPricePerLitre": 7.0
        },
        "store": {
            "id": "36fb31df-6b41-4a10-ac9a-db831f4f5f47",
            "name": "New World Te Rapa"
        }
    },
    {
        "productData": {
            "name": "V Original Guarana Energy Drink 350ml",
            "productId": "5003156_ea_000",
            "productShopPage": "https://www.newworld.co.nz/shop/product/5003156_ea_000nw",
            "productImageURL": "https://a.fsimg.co.nz/product/retail/fan/image/master/5003156.png",
            "productDescription": "Buy 2 for $5.00.\n\n\nContains Caffeine.\n\nProduct of New Zealand",
            "volume": "350mL",
            "multipack": {
                "quantity": "1"
            }
        },
        "priceData": {
            "bestPrice": 2.5,
            "price": 2.0,
            "pricePerLitre": 5.714285714285714,
            "bestPricePerLitre": 7.142857142857143,
            "multiBuy": {
                "quantity": 2.0,
                "value": 5.0,
                "perUnit": 2.5
            }
        },
        "store": {
            "id": "36fb31df-6b41-4a10-ac9a-db831f4f5f47",
            "name": "New World Te Rapa"
        }
    },
    {
        "productData": {
            "name": "V Blue Guarana Energy Drink 350ml",
            "productId": "5007492_ea_000",
            "productShopPage": "https://www.newworld.co.nz/shop/product/5007492_ea_000nw",
            "productImageURL": "https://a.fsimg.co.nz/product/retail/fan/image/master/5007492.png",
            "productDescription": "Buy 2 for $5.00.\n\n\nContains Caffeine, Wheat Derivatives.\n\nProduct of New Zealand",
            "volume": "350mL",
            "multipack": {
                "quantity": "1"
            }
        },
        "priceData": {
            "bestPrice": 2.5,
            "price": 2.0,
            "pricePerLitre": 5.714285714285714,
            "bestPricePerLitre": 7.142857142857143,
            "multiBuy": {
                "quantity": 2.0,
                "value": 5.0,
                "perUnit": 2.5
            }
        },
        "store": {
            "id": "36fb31df-6b41-4a10-ac9a-db831f4f5f47",
            "name": "New World Te Rapa"
        }
    },
    {
        "productData": {
            "name": "V Blue Energy Drink 500ml",
            "productId": "5020662_ea_000",
            "productShopPage": "https://www.newworld.co.nz/shop/product/5020662_ea_000nw",
            "productImageURL": "https://a.fsimg.co.nz/product/retail/fan/image/master/5020662.png",
            "productDescription": "Buy 2 for $5.00.\n\n\n\n\nProduct of New Zealand",
            "volume": "500mL",
            "multipack": {
                "quantity": "1"
            }
        },
        "priceData": {
            "bestPrice": 2.5,
            "price": 2.0,
            "pricePerLitre": 4.0,
            "bestPricePerLitre": 5.0,
            "multiBuy": {
                "quantity": 2.0,
                "value": 5.0,
                "perUnit": 2.5
            }
        },
        "store": {
            "id": "36fb31df-6b41-4a10-ac9a-db831f4f5f47",
            "name": "New World Te Rapa"
        }
    },
    {
        "productData": {
            "name": "V Blue Guarana Energy Drink 500ml",
            "productId": "5007494_ea_000",
            "productShopPage": "https://www.newworld.co.nz/shop/product/5007494_ea_000nw",
            "productImageURL": "https://a.fsimg.co.nz/product/retail/fan/image/master/5007494.png",
            "productDescription": "Contains Wheat Derivatives, Caffeine.\n\nProduct of New Zealand",
            "volume": "500mL",
            "multipack": {
                "quantity": "1"
            }
        },
        "priceData": {
            "bestPrice": "3.49",
            "price": "3.49",
            "pricePerLitre": 7.0,
            "bestPricePerLitre": 7.0
        },
        "store": {
            "id": "36fb31df-6b41-4a10-ac9a-db831f4f5f47",
            "name": "New World Te Rapa"
        }
    },
    {
        "productData": {
            "name": "Red Bull Energy Drink 473ml",
            "productId": "5005255_ea_000",
            "productShopPage": "https://www.newworld.co.nz/shop/product/5005255_ea_000nw",
            "productImageURL": "https://a.fsimg.co.nz/product/retail/fan/image/master/5005255.png",
            "productDescription": "Red Bull Energy Drink's special formula contains ingredients of high quality: Caffeine, Taurine, B-Group Vitamins, Sugars, Alpine Water.One 250ml can of Red Bull Energy Drinks contains 80 mg of caffeine, about the same amount as in a cup of home-brewed coffee.The amount of sugars in a can of Red Bull Energy Drink is comparable to the level of sugars in an equivalent amount of apple or orange juice – 11 g per 100ml.Red Bull cans are made of 100% recyclable aluminium.Red Bull Energy Drink 473ml canVitalizes Body and Mind.®RED BULL GIVES YOU WINGSInspired by functional drinks from the Far East, Dietrich Mateschitz founded Red Bull in the mid-1980s. He developed a new product and a unique marketing concept and launched Red Bull Energy Drink on April 1, 1987 in Austria. A brand new product category - Energy Drinks - was born.\n\nProduct of Imported",
            "volume": "473mL",
            "multipack": {
                "quantity": "1"
            }
        },
        "priceData": {
            "bestPrice": "3.59",
            "price": "3.59",
            "pricePerLitre": 7.6,
            "bestPricePerLitre": 7.6
        },
        "store": {
            "id": "36fb31df-6b41-4a10-ac9a-db831f4f5f47",
            "name": "New World Te Rapa"
        }
    },
    {
        "productData": {
            "name": "V Original Guarana Energy Drink 250ml",
            "productId": "5003151_ea_000",
            "productShopPage": "https://www.newworld.co.nz/shop/product/5003151_ea_000nw",
            "productImageURL": "https://a.fsimg.co.nz/product/retail/fan/image/master/5003151.png",
            "productDescription": "Contains Caffeine.\n\nProduct of New Zealand",
            "volume": "250mL",
            "multipack": {
                "quantity": "1"
            }
        },
        "priceData": {
            "bestPrice": "1.99",
            "price": "1.99",
            "pricePerLitre": 8.0,
            "bestPricePerLitre": 8.0
        },
        "store": {
            "id": "36fb31df-6b41-4a10-ac9a-db831f4f5f47",
            "name": "New World Te Rapa"
        }
    },
    {
        "productData": {
            "name": "Red Bull Energy Drink 250ml Cans 4pk",
            "productId": "5001443_ea_000",
            "productShopPage": "https://www.newworld.co.nz/shop/product/5001443_ea_000nw",
            "productImageURL": "https://a.fsimg.co.nz/product/retail/fan/image/master/5001443.png",
            "productDescription": "Red Bull Energy Drink's special formula contains ingredients of high quality: Caffeine, Taurine, B-Group Vitamins, Sugars, Alpine Water.One 250ml can of Red Bull Energy Drinks contains 80 mg of caffeine, about the same amount as in a cup of home-brewed coffee.The amount of sugars in a can of Red Bull Energy Drink is comparable to the level of sugars in an equivalent amount of apple or orange juice – 11 g per 100ml.Red Bull cans are made of 100% recyclable aluminium.Pack of four 250ml Red Bull Energy Drink cansVitalizes Body and Mind.®RED BULL GIVES YOU WINGSInspired by functional drinks from the Far East, Dietrich Mateschitz founded Red Bull in the mid-1980s. He developed a new product and a unique marketing concept and launched Red Bull Energy Drink on April 1, 1987 in Austria. A brand new product category - Energy Drinks - was born.",
            "volume": "250mL",
            "multipack": {
                "quantity": "4"
            }
        },
        "priceData": {
            "bestPrice": "8.29",
            "price": "8.29",
            "pricePerLitre": 8.299999999999999,
            "bestPricePerLitre": 8.299999999999999
        },
        "store": {
            "id": "36fb31df-6b41-4a10-ac9a-db831f4f5f47",
            "name": "New World Te Rapa"
        }
    },
    {
        "productData": {
            "name": "Lucozade Orange Energy Drink 380ml",
            "productId": "5009239_ea_000",
            "productShopPage": "https://www.newworld.co.nz/shop/product/5009239_ea_000nw",
            "productImageURL": "https://a.fsimg.co.nz/product/retail/fan/image/master/5009239.png",
            "productDescription": "Powered by Glucose.\n\nProduct of New Zealand",
            "volume": "380mL",
            "multipack": {
                "quantity": "1"
            }
        },
        "priceData": {
            "bestPrice": "2.69",
            "price": "2.69",
            "pricePerLitre": 7.08,
            "bestPricePerLitre": 7.08
        },
        "store": {
            "id": "36fb31df-6b41-4a10-ac9a-db831f4f5f47",
            "name": "New World Te Rapa"
        }
    },
    {
        "productData": {
            "name": "V Pure Natural Energy Drink Glass Bottle 330ml",
            "productId": "5237753_ea_000",
            "productShopPage": "https://www.newworld.co.nz/shop/product/5237753_ea_000nw",
            "productImageURL": "https://a.fsimg.co.nz/product/retail/fan/image/master/5237753.png",
            "productDescription": "Buy 2 for $5.00.\n\n\nNothing artificial\n\nProduct of New Zealand",
            "volume": "330mL",
            "multipack": {
                "quantity": "1"
            }
        },
        "priceData": {
            "bestPrice": 2.5,
            "price": 2.0,
            "pricePerLitre": 6.0606060606060606,
            "bestPricePerLitre": 7.575757575757575,
            "multiBuy": {
                "quantity": 2.0,
                "value": 5.0,
                "perUnit": 2.5
            }
        },
        "store": {
            "id": "36fb31df-6b41-4a10-ac9a-db831f4f5f47",
            "name": "New World Te Rapa"
        }
    },
    {
        "productData": {
            "name": "V Pure Natural Energy Drink Can 250ml",
            "productId": "5237735_ea_000",
            "productShopPage": "https://www.newworld.co.nz/shop/product/5237735_ea_000nw",
            "productImageURL": "https://a.fsimg.co.nz/product/retail/fan/image/master/5237735.png",
            "productDescription": "6 natural ingredients; Nothing artificial; Apple juice - Apple and lemon juice is reconstituted; Lemon juice - Apple and lemon juice is reconstituted\n\nProduct of New Zealand",
            "volume": "250mL",
            "multipack": {
                "quantity": "1"
            }
        },
        "priceData": {
            "bestPrice": "1.99",
            "price": "1.99",
            "pricePerLitre": 8.0,
            "bestPricePerLitre": 8.0
        },
        "store": {
            "id": "36fb31df-6b41-4a10-ac9a-db831f4f5f47",
            "name": "New World Te Rapa"
        }
    },
    {
        "productData": {
            "name": "Rockstar Original Energy Drink 500ml",
            "productId": "5215383_ea_000",
            "productShopPage": "https://www.newworld.co.nz/shop/product/5215383_ea_000nw",
            "productImageURL": "https://a.fsimg.co.nz/product/retail/fan/image/master/5215383.png",
            "productDescription": "Buy 3 for $5.00.\n\n\nCaffeine; B vitamins; Vitamin C; Taurine; Ginseng\n\nProduct of New Zealand",
            "volume": "500mL",
            "multipack": {
                "quantity": "1"
            }
        },
        "priceData": {
            "bestPrice": 1.6666666666666667,
            "price": 1.0,
            "pricePerLitre": 2.0,
            "bestPricePerLitre": 3.3333333333333335,
            "multiBuy": {
                "quantity": 3.0,
                "value": 5.0,
                "perUnit": 1.6666666666666667
            }
        },
        "store": {
            "id": "36fb31df-6b41-4a10-ac9a-db831f4f5f47",
            "name": "New World Te Rapa"
        }
    },
    {
        "productData": {
            "name": "V Berry Twist Sugar Free Can 500ml",
            "productId": "5254654_ea_000",
            "productShopPage": "https://www.newworld.co.nz/shop/product/5254654_ea_000nw",
            "productImageURL": "https://a.fsimg.co.nz/product/retail/fan/image/master/5254654.png",
            "productDescription": "Sugarfree\n\nProduct of New Zealand",
            "volume": "500mL",
            "multipack": {
                "quantity": "1"
            }
        },
        "priceData": {
            "bestPrice": "3.49",
            "price": "3.49",
            "pricePerLitre": 7.0,
            "bestPricePerLitre": 7.0
        },
        "store": {
            "id": "36fb31df-6b41-4a10-ac9a-db831f4f5f47",
            "name": "New World Te Rapa"
        }
    },
    {
        "productData": {
            "name": "V Raspberry Lemonade Guarana Energy Drink 4pk",
            "productId": "5289907_ea_000",
            "productShopPage": "https://www.newworld.co.nz/shop/product/5289907_ea_000nw",
            "productImageURL": "https://a.fsimg.co.nz/product/retail/fan/image/master/5289907.png",
            "productDescription": "Limit 12 assorted.\n\n\n\n\nProduct of New Zealand",
            "volume": "250mL",
            "multipack": {
                "quantity": "4"
            }
        },
        "priceData": {
            "bestPrice": "5.99",
            "price": "5.99",
            "pricePerLitre": 5.99,
            "bestPricePerLitre": 5.99
        },
        "store": {
            "id": "36fb31df-6b41-4a10-ac9a-db831f4f5f47",
            "name": "New World Te Rapa"
        }
    },
    {
        "productData": {
            "name": "V Raspberry Lemonade Can 500ml",
            "productId": "5264523_ea_000",
            "productShopPage": "https://www.newworld.co.nz/shop/product/5264523_ea_000nw",
            "productImageURL": "https://a.fsimg.co.nz/product/retail/fan/image/master/5264523.png",
            "productDescription": "Product of New Zealand",
            "volume": "500mL",
            "multipack": {
                "quantity": "1"
            }
        },
        "priceData": {
            "bestPrice": "3.49",
            "price": "3.49",
            "pricePerLitre": 7.0,
            "bestPricePerLitre": 7.0
        },
        "store": {
            "id": "36fb31df-6b41-4a10-ac9a-db831f4f5f47",
            "name": "New World Te Rapa"
        }
    },
    {
        "productData": {
            "name": "V Blue Guarana Energy Drink 6pk",
            "productId": "5272988_ea_000",
            "productShopPage": "https://www.newworld.co.nz/shop/product/5272988_ea_000nw",
            "productImageURL": "https://a.fsimg.co.nz/product/retail/fan/image/master/5272988.png",
            "productDescription": "Product of New Zealand",
            "volume": "330mL",
            "multipack": {
                "quantity": "6"
            }
        },
        "priceData": {
            "bestPrice": "11.99",
            "price": "11.99",
            "pricePerLitre": 6.05,
            "bestPricePerLitre": 6.05
        },
        "store": {
            "id": "36fb31df-6b41-4a10-ac9a-db831f4f5f47",
            "name": "New World Te Rapa"
        }
    },
    {
        "productData": {
            "name": "V Blue Can 4pk",
            "productId": "5030249_ea_000",
            "productShopPage": "https://www.newworld.co.nz/shop/product/5030249_ea_000nw",
            "productImageURL": "https://a.fsimg.co.nz/product/retail/fan/image/master/5030249.png",
            "productDescription": "Limit 12 assorted.\n\n\nContains Wheat Derivatives, Caffeine.\n\nProduct of New Zealand",
            "volume": "250mL",
            "multipack": {
                "quantity": "4"
            }
        },
        "priceData": {
            "bestPrice": "5.99",
            "price": "5.99",
            "pricePerLitre": 5.99,
            "bestPricePerLitre": 5.99
        },
        "store": {
            "id": "36fb31df-6b41-4a10-ac9a-db831f4f5f47",
            "name": "New World Te Rapa"
        }
    },
    {
        "productData": {
            "name": "V Energy Drink Sugarfree Cans 4pk",
            "productId": "5004117_ea_000",
            "productShopPage": "https://www.newworld.co.nz/shop/product/5004117_ea_000nw",
            "productImageURL": "https://a.fsimg.co.nz/product/retail/fan/image/master/5004117.png",
            "productDescription": "Limit 12 assorted.\n\n\nSugar Free. Contains Caffeine.\n\nProduct of New Zealand",
            "volume": "250mL",
            "multipack": {
                "quantity": "4"
            }
        },
        "priceData": {
            "bestPrice": "5.99",
            "price": "5.99",
            "pricePerLitre": 5.99,
            "bestPricePerLitre": 5.99
        },
        "store": {
            "id": "36fb31df-6b41-4a10-ac9a-db831f4f5f47",
            "name": "New World Te Rapa"
        }
    },
    {
        "productData": {
            "name": "Monster Mango Loco Energy Drink 500ml",
            "productId": "5242374_ea_000",
            "productShopPage": "https://www.newworld.co.nz/shop/product/5242374_ea_000nw",
            "productImageURL": "https://a.fsimg.co.nz/product/retail/fan/image/master/5242374.png",
            "productDescription": "Product of Imported",
            "volume": "500mL",
            "multipack": {
                "quantity": "1"
            }
        },
        "priceData": {
            "bestPrice": "2.99",
            "price": "2.99",
            "pricePerLitre": 6.0,
            "bestPricePerLitre": 6.0
        },
        "store": {
            "id": "36fb31df-6b41-4a10-ac9a-db831f4f5f47",
            "name": "New World Te Rapa"
        }
    },
    {
        "productData": {
            "name": "Monster Zero Sugar Ultra Rosa Energy Drink 500ml",
            "productId": "5278094_ea_000",
            "productShopPage": "https://www.newworld.co.nz/shop/product/5278094_ea_000nw",
            "productImageURL": "https://a.fsimg.co.nz/product/retail/fan/image/master/5278094.png",
            "productDescription": "Product of Imported",
            "volume": "500mL",
            "multipack": {
                "quantity": "1"
            }
        },
        "priceData": {
            "bestPrice": "2.99",
            "price": "2.99",
            "pricePerLitre": 6.0,
            "bestPricePerLitre": 6.0
        },
        "store": {
            "id": "36fb31df-6b41-4a10-ac9a-db831f4f5f47",
            "name": "New World Te Rapa"
        }
    },
    {
        "productData": {
            "name": "Monster Mule Energy Drink 500ml",
            "productId": "5269459_ea_000",
            "productShopPage": "https://www.newworld.co.nz/shop/product/5269459_ea_000nw",
            "productImageURL": "https://a.fsimg.co.nz/product/retail/fan/image/master/5269459.png",
            "productDescription": "Product of Imported",
            "volume": "500mL",
            "multipack": {
                "quantity": "1"
            }
        },
        "priceData": {
            "bestPrice": "2.99",
            "price": "2.99",
            "pricePerLitre": 6.0,
            "bestPricePerLitre": 6.0
        },
        "store": {
            "id": "36fb31df-6b41-4a10-ac9a-db831f4f5f47",
            "name": "New World Te Rapa"
        }
    },
    {
        "productData": {
            "name": "Monster Ultra Paradise Energy Drink 500ml",
            "productId": "5261257_ea_000",
            "productShopPage": "https://www.newworld.co.nz/shop/product/5261257_ea_000nw",
            "productImageURL": "https://a.fsimg.co.nz/product/retail/fan/image/master/5261257.png",
            "productDescription": "Product of Imported",
            "volume": "500mL",
            "multipack": {
                "quantity": "1"
            }
        },
        "priceData": {
            "bestPrice": "2.99",
            "price": "2.99",
            "pricePerLitre": 6.0,
            "bestPricePerLitre": 6.0
        },
        "store": {
            "id": "36fb31df-6b41-4a10-ac9a-db831f4f5f47",
            "name": "New World Te Rapa"
        }
    },
    {
        "productData": {
            "name": "Monster Ultra Zero Drink 500ml",
            "productId": "5090618_ea_000",
            "productShopPage": "https://www.newworld.co.nz/shop/product/5090618_ea_000nw",
            "productImageURL": "https://a.fsimg.co.nz/product/retail/fan/image/master/5090618.png",
            "productDescription": "A little less sweet, lighter-tasting, zero calories, but with a full load of our Monster energy blend. Sure, white is the new black. Monster Energy Zero Ultra. Unleash the Ultra Beast!\n\nProduct of Imported",
            "volume": "500mL",
            "multipack": {
                "quantity": "1"
            }
        },
        "priceData": {
            "bestPrice": "2.99",
            "price": "2.99",
            "pricePerLitre": 6.0,
            "bestPricePerLitre": 6.0
        },
        "store": {
            "id": "36fb31df-6b41-4a10-ac9a-db831f4f5f47",
            "name": "New World Te Rapa"
        }
    },
    {
        "productData": {
            "name": "Monster Super Fuel Zero Sugar Energy Drink 550ml",
            "productId": "5284331_ea_000",
            "productShopPage": "https://www.newworld.co.nz/shop/product/5284331_ea_000nw",
            "productImageURL": "https://a.fsimg.co.nz/product/retail/fan/image/master/5284331.png",
            "productDescription": "Product of Imported",
            "volume": "550mL",
            "multipack": {
                "quantity": "1"
            }
        },
        "priceData": {
            "bestPrice": "3.49",
            "price": "3.49",
            "pricePerLitre": 6.345454545454546,
            "bestPricePerLitre": 6.345454545454546
        },
        "store": {
            "id": "36fb31df-6b41-4a10-ac9a-db831f4f5f47",
            "name": "New World Te Rapa"
        }
    },
    {
        "productData": {
            "name": "Mother Energy Drink Can 500ml",
            "productId": "5011153_ea_000",
            "productShopPage": "https://www.newworld.co.nz/shop/product/5011153_ea_000nw",
            "productImageURL": "https://a.fsimg.co.nz/product/retail/fan/image/master/5011153.png",
            "productDescription": "Contains Caffeine.\n\nProduct of New Zealand",
            "volume": "500mL",
            "multipack": {
                "quantity": "1"
            }
        },
        "priceData": {
            "bestPrice": "1.99",
            "price": "1.99",
            "pricePerLitre": 4.0,
            "bestPricePerLitre": 4.0
        },
        "store": {
            "id": "36fb31df-6b41-4a10-ac9a-db831f4f5f47",
            "name": "New World Te Rapa"
        }
    },
    {
        "productData": {
            "name": "Monster Super Fuel Purple Passion Energy Drink 550ml",
            "productId": "5284332_ea_000",
            "productShopPage": "https://www.newworld.co.nz/shop/product/5284332_ea_000nw",
            "productImageURL": "https://a.fsimg.co.nz/product/retail/fan/image/master/5284332.png",
            "productDescription": "Product of Imported",
            "volume": "550mL",
            "multipack": {
                "quantity": "1"
            }
        },
        "priceData": {
            "bestPrice": "3.49",
            "price": "3.49",
            "pricePerLitre": 6.345454545454546,
            "bestPricePerLitre": 6.345454545454546
        },
        "store": {
            "id": "36fb31df-6b41-4a10-ac9a-db831f4f5f47",
            "name": "New World Te Rapa"
        }
    },
    {
        "productData": {
            "name": "Mother Energy Drink Can 6pk",
            "productId": "5009490_ea_000",
            "productShopPage": "https://www.newworld.co.nz/shop/product/5009490_ea_000nw",
            "productImageURL": "https://a.fsimg.co.nz/product/retail/fan/image/master/5009490.png",
            "productDescription": "Contains Caffeine.\n\nProduct of New Zealand",
            "volume": "250mL",
            "multipack": {
                "quantity": "6"
            }
        },
        "priceData": {
            "bestPrice": "7.49",
            "price": "7.49",
            "pricePerLitre": 5.0,
            "bestPricePerLitre": 5.0
        },
        "store": {
            "id": "36fb31df-6b41-4a10-ac9a-db831f4f5f47",
            "name": "New World Te Rapa"
        }
    },
    {
        "productData": {
            "name": "Monster Pipeline Punch Energy Drink 500ml",
            "productId": "5242373_ea_000",
            "productShopPage": "https://www.newworld.co.nz/shop/product/5242373_ea_000nw",
            "productImageURL": "https://a.fsimg.co.nz/product/retail/fan/image/master/5242373.png",
            "productDescription": "Product of Imported",
            "volume": "500mL",
            "multipack": {
                "quantity": "1"
            }
        },
        "priceData": {
            "bestPrice": "2.99",
            "price": "2.99",
            "pricePerLitre": 6.0,
            "bestPricePerLitre": 6.0
        },
        "store": {
            "id": "36fb31df-6b41-4a10-ac9a-db831f4f5f47",
            "name": "New World Te Rapa"
        }
    },
    {
        "productData": {
            "name": "Monster Energy Drink 500ml",
            "productId": "5007647_ea_000",
            "productShopPage": "https://www.newworld.co.nz/shop/product/5007647_ea_000nw",
            "productImageURL": "https://a.fsimg.co.nz/product/retail/fan/image/master/5007647.png",
            "productDescription": "Contains Caffeine.\n\nProduct of Imported",
            "volume": "500mL",
            "multipack": {
                "quantity": "1"
            }
        },
        "priceData": {
            "bestPrice": "2.99",
            "price": "2.99",
            "pricePerLitre": 6.0,
            "bestPricePerLitre": 6.0
        },
        "store": {
            "id": "36fb31df-6b41-4a10-ac9a-db831f4f5f47",
            "name": "New World Te Rapa"
        }
    },
    {
        "productData": {
            "name": "Monster Energy Drink 4pk",
            "productId": "5107264_ea_000",
            "productShopPage": "https://www.newworld.co.nz/shop/product/5107264_ea_000nw",
            "productImageURL": "https://a.fsimg.co.nz/product/retail/fan/image/master/5107264.png",
            "productDescription": "Product of Imported",
            "volume": "",
            "multipack": {
                "quantity": ""
            }
        },
        "priceData": {
            "bestPrice": "11.99",
            "price": "11.99",
            "pricePerLitre": 6.0,
            "bestPricePerLitre": 6.0
        },
        "store": {
            "id": "36fb31df-6b41-4a10-ac9a-db831f4f5f47",
            "name": "New World Te Rapa"
        }
    },
    {
        "productData": {
            "name": "V Sugarfree Guarana Energy Drink 500ml",
            "productId": "5007644_ea_000",
            "productShopPage": "https://www.newworld.co.nz/shop/product/5007644_ea_000nw",
            "productImageURL": "https://a.fsimg.co.nz/product/retail/fan/image/master/5007644.png",
            "productDescription": "Sugar Free.\n\nProduct of New Zealand",
            "volume": "500mL",
            "multipack": {
                "quantity": "1"
            }
        },
        "priceData": {
            "bestPrice": "3.49",
            "price": "3.49",
            "pricePerLitre": 7.0,
            "bestPricePerLitre": 7.0
        },
        "store": {
            "id": "36fb31df-6b41-4a10-ac9a-db831f4f5f47",
            "name": "New World Te Rapa"
        }
    },
    {
        "productData": {
            "name": "V Original Guarana Energy Drink 500ml",
            "productId": "5004703_ea_000",
            "productShopPage": "https://www.newworld.co.nz/shop/product/5004703_ea_000nw",
            "productImageURL": "https://a.fsimg.co.nz/product/retail/fan/image/master/5004703.png",
            "productDescription": "Contains Caffeine.\n\nProduct of New Zealand",
            "volume": "500mL",
            "multipack": {
                "quantity": "1"
            }
        },
        "priceData": {
            "bestPrice": "3.49",
            "price": "3.49",
            "pricePerLitre": 7.0,
            "bestPricePerLitre": 7.0
        },
        "store": {
            "id": "36fb31df-6b41-4a10-ac9a-db831f4f5f47",
            "name": "New World Te Rapa"
        }
    },
    {
        "productData": {
            "name": "V Original Guarana Energy Drink 500ml",
            "productId": "5007441_ea_000",
            "productShopPage": "https://www.newworld.co.nz/shop/product/5007441_ea_000nw",
            "productImageURL": "https://a.fsimg.co.nz/product/retail/fan/image/master/5007441.png",
            "productDescription": "Buy 2 for $5.00.\n\n\nContains Wheat Derivatives, Caffeine.\n\nProduct of New Zealand",
            "volume": "500mL",
            "multipack": {
                "quantity": "1"
            }
        },
        "priceData": {
            "bestPrice": 2.5,
            "price": 2.0,
            "pricePerLitre": 4.0,
            "bestPricePerLitre": 5.0,
            "multiBuy": {
                "quantity": 2.0,
                "value": 5.0,
                "perUnit": 2.5
            }
        },
        "store": {
            "id": "36fb31df-6b41-4a10-ac9a-db831f4f5f47",
            "name": "New World Te Rapa"
        }
    },
    {
        "productData": {
            "name": "V Blue Guarana Energy Drink 250ml",
            "productId": "5007495_ea_000",
            "productShopPage": "https://www.newworld.co.nz/shop/product/5007495_ea_000nw",
            "productImageURL": "https://a.fsimg.co.nz/product/retail/fan/image/master/5007495.png",
            "productDescription": "Contains Caffeine, Wheat Derivatives.\n\nProduct of New Zealand",
            "volume": "250mL",
            "multipack": {
                "quantity": "1"
            }
        },
        "priceData": {
            "bestPrice": "1.99",
            "price": "1.99",
            "pricePerLitre": 8.0,
            "bestPricePerLitre": 8.0
        },
        "store": {
            "id": "f5da324f-f415-4c8d-a360-ea8d2c74d49b",
            "name": "New World Whitby"
        }
    },
    {
        "productData": {
            "name": "V Sugarfree Guarana Energy Drink 250ml",
            "productId": "5001639_ea_000",
            "productShopPage": "https://www.newworld.co.nz/shop/product/5001639_ea_000nw",
            "productImageURL": "https://a.fsimg.co.nz/product/retail/fan/image/master/5001639.png",
            "productDescription": "Sugar Free. Contains Caffeine.\n\nProduct of New Zealand",
            "volume": "250mL",
            "multipack": {
                "quantity": "1"
            }
        },
        "priceData": {
            "bestPrice": "1.99",
            "price": "1.99",
            "pricePerLitre": 8.0,
            "bestPricePerLitre": 8.0
        },
        "store": {
            "id": "f5da324f-f415-4c8d-a360-ea8d2c74d49b",
            "name": "New World Whitby"
        }
    },
    {
        "productData": {
            "name": "Live Plus Persist Energy Drink 250ml",
            "productId": "5236678_ea_000",
            "productShopPage": "https://www.newworld.co.nz/shop/product/5236678_ea_000nw",
            "productImageURL": "https://a.fsimg.co.nz/product/retail/fan/image/master/5236678.png",
            "productDescription": "Limit 12 assorted.\n\n\n\n\nProduct of New Zealand",
            "volume": "",
            "multipack": {
                "quantity": ""
            }
        },
        "priceData": {
            "bestPrice": "0.99",
            "price": "0.99"
        },
        "store": {
            "id": "f5da324f-f415-4c8d-a360-ea8d2c74d49b",
            "name": "New World Whitby"
        }
    },
    {
        "productData": {
            "name": "V Sugarfree Blue Guarana Energy Drink 500ml",
            "productId": "5283362_ea_000",
            "productShopPage": "https://www.newworld.co.nz/shop/product/5283362_ea_000nw",
            "productImageURL": "https://a.fsimg.co.nz/product/retail/fan/image/master/5283362.png",
            "productDescription": "Sugar free\n\nProduct of New Zealand",
            "volume": "500mL",
            "multipack": {
                "quantity": "1"
            }
        },
        "priceData": {
            "bestPrice": "3.49",
            "price": "3.49",
            "pricePerLitre": 7.0,
            "bestPricePerLitre": 7.0
        },
        "store": {
            "id": "f5da324f-f415-4c8d-a360-ea8d2c74d49b",
            "name": "New World Whitby"
        }
    },
    {
        "productData": {
            "name": "V Original Guarana Energy Drink 350ml",
            "productId": "5003156_ea_000",
            "productShopPage": "https://www.newworld.co.nz/shop/product/5003156_ea_000nw",
            "productImageURL": "https://a.fsimg.co.nz/product/retail/fan/image/master/5003156.png",
            "productDescription": "Buy 2 for $5.00.\n\n\nContains Caffeine.\n\nProduct of New Zealand",
            "volume": "350mL",
            "multipack": {
                "quantity": "1"
            }
        },
        "priceData": {
            "bestPrice": 2.5,
            "price": 2.0,
            "pricePerLitre": 5.714285714285714,
            "bestPricePerLitre": 7.142857142857143,
            "multiBuy": {
                "quantity": 2.0,
                "value": 5.0,
                "perUnit": 2.5
            }
        },
        "store": {
            "id": "f5da324f-f415-4c8d-a360-ea8d2c74d49b",
            "name": "New World Whitby"
        }
    },
    {
        "productData": {
            "name": "V Blue Guarana Energy Drink 350ml",
            "productId": "5007492_ea_000",
            "productShopPage": "https://www.newworld.co.nz/shop/product/5007492_ea_000nw",
            "productImageURL": "https://a.fsimg.co.nz/product/retail/fan/image/master/5007492.png",
            "productDescription": "Buy 2 for $5.00.\n\n\nContains Caffeine, Wheat Derivatives.\n\nProduct of New Zealand",
            "volume": "350mL",
            "multipack": {
                "quantity": "1"
            }
        },
        "priceData": {
            "bestPrice": 2.5,
            "price": 2.0,
            "pricePerLitre": 5.714285714285714,
            "bestPricePerLitre": 7.142857142857143,
            "multiBuy": {
                "quantity": 2.0,
                "value": 5.0,
                "perUnit": 2.5
            }
        },
        "store": {
            "id": "f5da324f-f415-4c8d-a360-ea8d2c74d49b",
            "name": "New World Whitby"
        }
    },
    {
        "productData": {
            "name": "V Blue Energy Drink 500ml",
            "productId": "5020662_ea_000",
            "productShopPage": "https://www.newworld.co.nz/shop/product/5020662_ea_000nw",
            "productImageURL": "https://a.fsimg.co.nz/product/retail/fan/image/master/5020662.png",
            "productDescription": "Buy 2 for $5.00.\n\n\n\n\nProduct of New Zealand",
            "volume": "500mL",
            "multipack": {
                "quantity": "1"
            }
        },
        "priceData": {
            "bestPrice": 2.5,
            "price": 2.0,
            "pricePerLitre": 4.0,
            "bestPricePerLitre": 5.0,
            "multiBuy": {
                "quantity": 2.0,
                "value": 5.0,
                "perUnit": 2.5
            }
        },
        "store": {
            "id": "f5da324f-f415-4c8d-a360-ea8d2c74d49b",
            "name": "New World Whitby"
        }
    },
    {
        "productData": {
            "name": "V Blue Guarana Energy Drink 500ml",
            "productId": "5007494_ea_000",
            "productShopPage": "https://www.newworld.co.nz/shop/product/5007494_ea_000nw",
            "productImageURL": "https://a.fsimg.co.nz/product/retail/fan/image/master/5007494.png",
            "productDescription": "Contains Wheat Derivatives, Caffeine.\n\nProduct of New Zealand",
            "volume": "500mL",
            "multipack": {
                "quantity": "1"
            }
        },
        "priceData": {
            "bestPrice": "3.49",
            "price": "3.49",
            "pricePerLitre": 7.0,
            "bestPricePerLitre": 7.0
        },
        "store": {
            "id": "f5da324f-f415-4c8d-a360-ea8d2c74d49b",
            "name": "New World Whitby"
        }
    },
    {
        "productData": {
            "name": "Red Bull Energy Drink 473ml",
            "productId": "5005255_ea_000",
            "productShopPage": "https://www.newworld.co.nz/shop/product/5005255_ea_000nw",
            "productImageURL": "https://a.fsimg.co.nz/product/retail/fan/image/master/5005255.png",
            "productDescription": "Red Bull Energy Drink's special formula contains ingredients of high quality: Caffeine, Taurine, B-Group Vitamins, Sugars, Alpine Water.One 250ml can of Red Bull Energy Drinks contains 80 mg of caffeine, about the same amount as in a cup of home-brewed coffee.The amount of sugars in a can of Red Bull Energy Drink is comparable to the level of sugars in an equivalent amount of apple or orange juice – 11 g per 100ml.Red Bull cans are made of 100% recyclable aluminium.Red Bull Energy Drink 473ml canVitalizes Body and Mind.®RED BULL GIVES YOU WINGSInspired by functional drinks from the Far East, Dietrich Mateschitz founded Red Bull in the mid-1980s. He developed a new product and a unique marketing concept and launched Red Bull Energy Drink on April 1, 1987 in Austria. A brand new product category - Energy Drinks - was born.\n\nProduct of Imported",
            "volume": "473mL",
            "multipack": {
                "quantity": "1"
            }
        },
        "priceData": {
            "bestPrice": "3.59",
            "price": "3.59",
            "pricePerLitre": 7.6,
            "bestPricePerLitre": 7.6
        },
        "store": {
            "id": "f5da324f-f415-4c8d-a360-ea8d2c74d49b",
            "name": "New World Whitby"
        }
    },
    {
        "productData": {
            "name": "V Original Guarana Energy Drink 250ml",
            "productId": "5003151_ea_000",
            "productShopPage": "https://www.newworld.co.nz/shop/product/5003151_ea_000nw",
            "productImageURL": "https://a.fsimg.co.nz/product/retail/fan/image/master/5003151.png",
            "productDescription": "Contains Caffeine.\n\nProduct of New Zealand",
            "volume": "250mL",
            "multipack": {
                "quantity": "1"
            }
        },
        "priceData": {
            "bestPrice": "1.99",
            "price": "1.99",
            "pricePerLitre": 8.0,
            "bestPricePerLitre": 8.0
        },
        "store": {
            "id": "f5da324f-f415-4c8d-a360-ea8d2c74d49b",
            "name": "New World Whitby"
        }
    },
    {
        "productData": {
            "name": "Red Bull Energy Drink 250ml Cans 4pk",
            "productId": "5001443_ea_000",
            "productShopPage": "https://www.newworld.co.nz/shop/product/5001443_ea_000nw",
            "productImageURL": "https://a.fsimg.co.nz/product/retail/fan/image/master/5001443.png",
            "productDescription": "Red Bull Energy Drink's special formula contains ingredients of high quality: Caffeine, Taurine, B-Group Vitamins, Sugars, Alpine Water.One 250ml can of Red Bull Energy Drinks contains 80 mg of caffeine, about the same amount as in a cup of home-brewed coffee.The amount of sugars in a can of Red Bull Energy Drink is comparable to the level of sugars in an equivalent amount of apple or orange juice – 11 g per 100ml.Red Bull cans are made of 100% recyclable aluminium.Pack of four 250ml Red Bull Energy Drink cansVitalizes Body and Mind.®RED BULL GIVES YOU WINGSInspired by functional drinks from the Far East, Dietrich Mateschitz founded Red Bull in the mid-1980s. He developed a new product and a unique marketing concept and launched Red Bull Energy Drink on April 1, 1987 in Austria. A brand new product category - Energy Drinks - was born.",
            "volume": "250mL",
            "multipack": {
                "quantity": "4"
            }
        },
        "priceData": {
            "bestPrice": "8.29",
            "price": "8.29",
            "pricePerLitre": 8.299999999999999,
            "bestPricePerLitre": 8.299999999999999
        },
        "store": {
            "id": "f5da324f-f415-4c8d-a360-ea8d2c74d49b",
            "name": "New World Whitby"
        }
    },
    {
        "productData": {
            "name": "Lucozade Orange Energy Drink 380ml",
            "productId": "5009239_ea_000",
            "productShopPage": "https://www.newworld.co.nz/shop/product/5009239_ea_000nw",
            "productImageURL": "https://a.fsimg.co.nz/product/retail/fan/image/master/5009239.png",
            "productDescription": "Powered by Glucose.\n\nProduct of New Zealand",
            "volume": "380mL",
            "multipack": {
                "quantity": "1"
            }
        },
        "priceData": {
            "bestPrice": "2.69",
            "price": "2.69",
            "pricePerLitre": 7.08,
            "bestPricePerLitre": 7.08
        },
        "store": {
            "id": "f5da324f-f415-4c8d-a360-ea8d2c74d49b",
            "name": "New World Whitby"
        }
    },
    {
        "productData": {
            "name": "Rockstar Watermelon Freeze Energy Drink 500ml",
            "productId": "5257298_ea_000",
            "productShopPage": "https://www.newworld.co.nz/shop/product/5257298_ea_000nw",
            "productImageURL": "https://a.fsimg.co.nz/product/retail/fan/image/master/5257298.png",
            "productDescription": "Buy 3 for $5.00.\n\n\n\n\nProduct of New Zealand",
            "volume": "500mL",
            "multipack": {
                "quantity": "1"
            }
        },
        "priceData": {
            "bestPrice": 1.6666666666666667,
            "price": 1.0,
            "pricePerLitre": 2.0,
            "bestPricePerLitre": 3.3333333333333335,
            "multiBuy": {
                "quantity": 3.0,
                "value": 5.0,
                "perUnit": 1.6666666666666667
            }
        },
        "store": {
            "id": "f5da324f-f415-4c8d-a360-ea8d2c74d49b",
            "name": "New World Whitby"
        }
    },
    {
        "productData": {
            "name": "V Raspberry Lemonade Can 500ml",
            "productId": "5264523_ea_000",
            "productShopPage": "https://www.newworld.co.nz/shop/product/5264523_ea_000nw",
            "productImageURL": "https://a.fsimg.co.nz/product/retail/fan/image/master/5264523.png",
            "productDescription": "Product of New Zealand",
            "volume": "500mL",
            "multipack": {
                "quantity": "1"
            }
        },
        "priceData": {
            "bestPrice": "3.49",
            "price": "3.49",
            "pricePerLitre": 7.0,
            "bestPricePerLitre": 7.0
        },
        "store": {
            "id": "f5da324f-f415-4c8d-a360-ea8d2c74d49b",
            "name": "New World Whitby"
        }
    },
    {
        "productData": {
            "name": "V Blue Guarana Energy Drink 6pk",
            "productId": "5272988_ea_000",
            "productShopPage": "https://www.newworld.co.nz/shop/product/5272988_ea_000nw",
            "productImageURL": "https://a.fsimg.co.nz/product/retail/fan/image/master/5272988.png",
            "productDescription": "Product of New Zealand",
            "volume": "330mL",
            "multipack": {
                "quantity": "6"
            }
        },
        "priceData": {
            "bestPrice": "11.99",
            "price": "11.99",
            "pricePerLitre": 6.05,
            "bestPricePerLitre": 6.05
        },
        "store": {
            "id": "f5da324f-f415-4c8d-a360-ea8d2c74d49b",
            "name": "New World Whitby"
        }
    },
    {
        "productData": {
            "name": "V Blue Can 4pk",
            "productId": "5030249_ea_000",
            "productShopPage": "https://www.newworld.co.nz/shop/product/5030249_ea_000nw",
            "productImageURL": "https://a.fsimg.co.nz/product/retail/fan/image/master/5030249.png",
            "productDescription": "Limit 12 assorted.\n\n\nContains Wheat Derivatives, Caffeine.\n\nProduct of New Zealand",
            "volume": "250mL",
            "multipack": {
                "quantity": "4"
            }
        },
        "priceData": {
            "bestPrice": "5.99",
            "price": "5.99",
            "pricePerLitre": 5.99,
            "bestPricePerLitre": 5.99
        },
        "store": {
            "id": "f5da324f-f415-4c8d-a360-ea8d2c74d49b",
            "name": "New World Whitby"
        }
    },
    {
        "productData": {
            "name": "V Energy Drink Sugarfree Cans 4pk",
            "productId": "5004117_ea_000",
            "productShopPage": "https://www.newworld.co.nz/shop/product/5004117_ea_000nw",
            "productImageURL": "https://a.fsimg.co.nz/product/retail/fan/image/master/5004117.png",
            "productDescription": "Limit 12 assorted.\n\n\nSugar Free. Contains Caffeine.\n\nProduct of New Zealand",
            "volume": "250mL",
            "multipack": {
                "quantity": "4"
            }
        },
        "priceData": {
            "bestPrice": "5.99",
            "price": "5.99",
            "pricePerLitre": 5.99,
            "bestPricePerLitre": 5.99
        },
        "store": {
            "id": "f5da324f-f415-4c8d-a360-ea8d2c74d49b",
            "name": "New World Whitby"
        }
    },
    {
        "productData": {
            "name": "Monster Mango Loco Energy Drink 500ml",
            "productId": "5242374_ea_000",
            "productShopPage": "https://www.newworld.co.nz/shop/product/5242374_ea_000nw",
            "productImageURL": "https://a.fsimg.co.nz/product/retail/fan/image/master/5242374.png",
            "productDescription": "Product of Imported",
            "volume": "500mL",
            "multipack": {
                "quantity": "1"
            }
        },
        "priceData": {
            "bestPrice": "2.99",
            "price": "2.99",
            "pricePerLitre": 6.0,
            "bestPricePerLitre": 6.0
        },
        "store": {
            "id": "f5da324f-f415-4c8d-a360-ea8d2c74d49b",
            "name": "New World Whitby"
        }
    },
    {
        "productData": {
            "name": "Monster Zero Sugar Ultra Rosa Energy Drink 500ml",
            "productId": "5278094_ea_000",
            "productShopPage": "https://www.newworld.co.nz/shop/product/5278094_ea_000nw",
            "productImageURL": "https://a.fsimg.co.nz/product/retail/fan/image/master/5278094.png",
            "productDescription": "Product of Imported",
            "volume": "500mL",
            "multipack": {
                "quantity": "1"
            }
        },
        "priceData": {
            "bestPrice": "2.99",
            "price": "2.99",
            "pricePerLitre": 6.0,
            "bestPricePerLitre": 6.0
        },
        "store": {
            "id": "f5da324f-f415-4c8d-a360-ea8d2c74d49b",
            "name": "New World Whitby"
        }
    },
    {
        "productData": {
            "name": "Monster Mule Energy Drink 500ml",
            "productId": "5269459_ea_000",
            "productShopPage": "https://www.newworld.co.nz/shop/product/5269459_ea_000nw",
            "productImageURL": "https://a.fsimg.co.nz/product/retail/fan/image/master/5269459.png",
            "productDescription": "Product of Imported",
            "volume": "500mL",
            "multipack": {
                "quantity": "1"
            }
        },
        "priceData": {
            "bestPrice": "2.99",
            "price": "2.99",
            "pricePerLitre": 6.0,
            "bestPricePerLitre": 6.0
        },
        "store": {
            "id": "f5da324f-f415-4c8d-a360-ea8d2c74d49b",
            "name": "New World Whitby"
        }
    },
    {
        "productData": {
            "name": "V Energy Drink Green Cans 4pk",
            "productId": "5002893_ea_000",
            "productShopPage": "https://www.newworld.co.nz/shop/product/5002893_ea_000nw",
            "productImageURL": "https://a.fsimg.co.nz/product/retail/fan/image/master/5002893.png",
            "productDescription": "Limit 12 assorted.\n\n\nContains Caffeine.\n\nProduct of New Zealand",
            "volume": "250mL",
            "multipack": {
                "quantity": "4"
            }
        },
        "priceData": {
            "bestPrice": "5.99",
            "price": "5.99",
            "pricePerLitre": 5.99,
            "bestPricePerLitre": 5.99
        },
        "store": {
            "id": "f5da324f-f415-4c8d-a360-ea8d2c74d49b",
            "name": "New World Whitby"
        }
    },
    {
        "productData": {
            "name": "Monster Ultra Zero Drink 500ml",
            "productId": "5090618_ea_000",
            "productShopPage": "https://www.newworld.co.nz/shop/product/5090618_ea_000nw",
            "productImageURL": "https://a.fsimg.co.nz/product/retail/fan/image/master/5090618.png",
            "productDescription": "A little less sweet, lighter-tasting, zero calories, but with a full load of our Monster energy blend. Sure, white is the new black. Monster Energy Zero Ultra. Unleash the Ultra Beast!\n\nProduct of Imported",
            "volume": "500mL",
            "multipack": {
                "quantity": "1"
            }
        },
        "priceData": {
            "bestPrice": "2.99",
            "price": "2.99",
            "pricePerLitre": 6.0,
            "bestPricePerLitre": 6.0
        },
        "store": {
            "id": "f5da324f-f415-4c8d-a360-ea8d2c74d49b",
            "name": "New World Whitby"
        }
    },
    {
        "productData": {
            "name": "Monster Super Fuel Zero Sugar Energy Drink 550ml",
            "productId": "5284331_ea_000",
            "productShopPage": "https://www.newworld.co.nz/shop/product/5284331_ea_000nw",
            "productImageURL": "https://a.fsimg.co.nz/product/retail/fan/image/master/5284331.png",
            "productDescription": "Product of Imported",
            "volume": "550mL",
            "multipack": {
                "quantity": "1"
            }
        },
        "priceData": {
            "bestPrice": "3.49",
            "price": "3.49",
            "pricePerLitre": 6.345454545454546,
            "bestPricePerLitre": 6.345454545454546
        },
        "store": {
            "id": "f5da324f-f415-4c8d-a360-ea8d2c74d49b",
            "name": "New World Whitby"
        }
    },
    {
        "productData": {
            "name": "Mother Energy Drink Can 500ml",
            "productId": "5011153_ea_000",
            "productShopPage": "https://www.newworld.co.nz/shop/product/5011153_ea_000nw",
            "productImageURL": "https://a.fsimg.co.nz/product/retail/fan/image/master/5011153.png",
            "productDescription": "Contains Caffeine.\n\nProduct of New Zealand",
            "volume": "500mL",
            "multipack": {
                "quantity": "1"
            }
        },
        "priceData": {
            "bestPrice": "1.99",
            "price": "1.99",
            "pricePerLitre": 4.0,
            "bestPricePerLitre": 4.0
        },
        "store": {
            "id": "f5da324f-f415-4c8d-a360-ea8d2c74d49b",
            "name": "New World Whitby"
        }
    },
    {
        "productData": {
            "name": "Monster Super Fuel Purple Passion Energy Drink 550ml",
            "productId": "5284332_ea_000",
            "productShopPage": "https://www.newworld.co.nz/shop/product/5284332_ea_000nw",
            "productImageURL": "https://a.fsimg.co.nz/product/retail/fan/image/master/5284332.png",
            "productDescription": "Product of Imported",
            "volume": "550mL",
            "multipack": {
                "quantity": "1"
            }
        },
        "priceData": {
            "bestPrice": "3.49",
            "price": "3.49",
            "pricePerLitre": 6.345454545454546,
            "bestPricePerLitre": 6.345454545454546
        },
        "store": {
            "id": "f5da324f-f415-4c8d-a360-ea8d2c74d49b",
            "name": "New World Whitby"
        }
    },
    {
        "productData": {
            "name": "Monster Energy Drink 500ml",
            "productId": "5007647_ea_000",
            "productShopPage": "https://www.newworld.co.nz/shop/product/5007647_ea_000nw",
            "productImageURL": "https://a.fsimg.co.nz/product/retail/fan/image/master/5007647.png",
            "productDescription": "Contains Caffeine.\n\nProduct of Imported",
            "volume": "500mL",
            "multipack": {
                "quantity": "1"
            }
        },
        "priceData": {
            "bestPrice": "2.99",
            "price": "2.99",
            "pricePerLitre": 6.0,
            "bestPricePerLitre": 6.0
        },
        "store": {
            "id": "f5da324f-f415-4c8d-a360-ea8d2c74d49b",
            "name": "New World Whitby"
        }
    },
    {
        "productData": {
            "name": "V Sugarfree Guarana Energy Drink 500ml",
            "productId": "5007644_ea_000",
            "productShopPage": "https://www.newworld.co.nz/shop/product/5007644_ea_000nw",
            "productImageURL": "https://a.fsimg.co.nz/product/retail/fan/image/master/5007644.png",
            "productDescription": "Sugar Free.\n\nProduct of New Zealand",
            "volume": "500mL",
            "multipack": {
                "quantity": "1"
            }
        },
        "priceData": {
            "bestPrice": "3.49",
            "price": "3.49",
            "pricePerLitre": 7.0,
            "bestPricePerLitre": 7.0
        },
        "store": {
            "id": "f5da324f-f415-4c8d-a360-ea8d2c74d49b",
            "name": "New World Whitby"
        }
    },
    {
        "productData": {
            "name": "V Original Guarana Energy Drink 500ml",
            "productId": "5004703_ea_000",
            "productShopPage": "https://www.newworld.co.nz/shop/product/5004703_ea_000nw",
            "productImageURL": "https://a.fsimg.co.nz/product/retail/fan/image/master/5004703.png",
            "productDescription": "Contains Caffeine.\n\nProduct of New Zealand",
            "volume": "500mL",
            "multipack": {
                "quantity": "1"
            }
        },
        "priceData": {
            "bestPrice": "3.49",
            "price": "3.49",
            "pricePerLitre": 7.0,
            "bestPricePerLitre": 7.0
        },
        "store": {
            "id": "f5da324f-f415-4c8d-a360-ea8d2c74d49b",
            "name": "New World Whitby"
        }
    },
    {
        "productData": {
            "name": "V Original Guarana Energy Drink 500ml",
            "productId": "5007441_ea_000",
            "productShopPage": "https://www.newworld.co.nz/shop/product/5007441_ea_000nw",
            "productImageURL": "https://a.fsimg.co.nz/product/retail/fan/image/master/5007441.png",
            "productDescription": "Buy 2 for $5.00.\n\n\nContains Wheat Derivatives, Caffeine.\n\nProduct of New Zealand",
            "volume": "500mL",
            "multipack": {
                "quantity": "1"
            }
        },
        "priceData": {
            "bestPrice": 2.5,
            "price": 2.0,
            "pricePerLitre": 4.0,
            "bestPricePerLitre": 5.0,
            "multiBuy": {
                "quantity": 2.0,
                "value": 5.0,
                "perUnit": 2.5
            }
        },
        "store": {
            "id": "f5da324f-f415-4c8d-a360-ea8d2c74d49b",
            "name": "New World Whitby"
        }
    },
    {
        "productData": {
            "name": "V Blue Guarana Energy Drink 250ml",
            "productId": "5007495_ea_000",
            "productShopPage": "https://www.newworld.co.nz/shop/product/5007495_ea_000nw",
            "productImageURL": "https://a.fsimg.co.nz/product/retail/fan/image/master/5007495.png",
            "productDescription": "Contains Caffeine, Wheat Derivatives.\n\nProduct of New Zealand",
            "volume": "250mL",
            "multipack": {
                "quantity": "1"
            }
        },
        "priceData": {
            "bestPrice": "1.99",
            "price": "1.99",
            "pricePerLitre": 8.0,
            "bestPricePerLitre": 8.0
        },
        "store": {
            "id": "63cbb6c6-4a0b-448d-aa78-8046692a082c",
            "name": "New World Railway Station"
        }
    },
    {
        "productData": {
            "name": "V Sugarfree Guarana Energy Drink 250ml",
            "productId": "5001639_ea_000",
            "productShopPage": "https://www.newworld.co.nz/shop/product/5001639_ea_000nw",
            "productImageURL": "https://a.fsimg.co.nz/product/retail/fan/image/master/5001639.png",
            "productDescription": "Sugar Free. Contains Caffeine.\n\nProduct of New Zealand",
            "volume": "250mL",
            "multipack": {
                "quantity": "1"
            }
        },
        "priceData": {
            "bestPrice": "1.99",
            "price": "1.99",
            "pricePerLitre": 8.0,
            "bestPricePerLitre": 8.0
        },
        "store": {
            "id": "63cbb6c6-4a0b-448d-aa78-8046692a082c",
            "name": "New World Railway Station"
        }
    },
    {
        "productData": {
            "name": "Live Plus Ascend Energy Drink 250ml",
            "productId": "5236675_ea_000",
            "productShopPage": "https://www.newworld.co.nz/shop/product/5236675_ea_000nw",
            "productImageURL": "https://a.fsimg.co.nz/product/retail/fan/image/master/5236675.png",
            "productDescription": "Limit 12 assorted.\n\n\n\n\nProduct of New Zealand",
            "volume": "",
            "multipack": {
                "quantity": ""
            }
        },
        "priceData": {
            "bestPrice": "0.99",
            "price": "0.99"
        },
        "store": {
            "id": "63cbb6c6-4a0b-448d-aa78-8046692a082c",
            "name": "New World Railway Station"
        }
    },
    {
        "productData": {
            "name": "Live Plus Tart Apple Energy Drink 250ml",
            "productId": "5236676_ea_000",
            "productShopPage": "https://www.newworld.co.nz/shop/product/5236676_ea_000nw",
            "productImageURL": "https://a.fsimg.co.nz/product/retail/fan/image/master/5236676.png",
            "productDescription": "Limit 12 assorted.\n\n\n\n\nProduct of New Zealand",
            "volume": "250mL",
            "multipack": {
                "quantity": "1"
            }
        },
        "priceData": {
            "bestPrice": "0.99",
            "price": "0.99",
            "pricePerLitre": 3.96,
            "bestPricePerLitre": 3.96
        },
        "store": {
            "id": "63cbb6c6-4a0b-448d-aa78-8046692a082c",
            "name": "New World Railway Station"
        }
    },
    {
        "productData": {
            "name": "Live Plus Persist Energy Drink 250ml",
            "productId": "5236678_ea_000",
            "productShopPage": "https://www.newworld.co.nz/shop/product/5236678_ea_000nw",
            "productImageURL": "https://a.fsimg.co.nz/product/retail/fan/image/master/5236678.png",
            "productDescription": "Limit 12 assorted.\n\n\n\n\nProduct of New Zealand",
            "volume": "",
            "multipack": {
                "quantity": ""
            }
        },
        "priceData": {
            "bestPrice": "0.99",
            "price": "0.99"
        },
        "store": {
            "id": "63cbb6c6-4a0b-448d-aa78-8046692a082c",
            "name": "New World Railway Station"
        }
    },
    {
        "productData": {
            "name": "V Sugarfree Blue Guarana Energy Drink 500ml",
            "productId": "5283362_ea_000",
            "productShopPage": "https://www.newworld.co.nz/shop/product/5283362_ea_000nw",
            "productImageURL": "https://a.fsimg.co.nz/product/retail/fan/image/master/5283362.png",
            "productDescription": "Sugar free\n\nProduct of New Zealand",
            "volume": "500mL",
            "multipack": {
                "quantity": "1"
            }
        },
        "priceData": {
            "bestPrice": "3.49",
            "price": "3.49",
            "pricePerLitre": 7.0,
            "bestPricePerLitre": 7.0
        },
        "store": {
            "id": "63cbb6c6-4a0b-448d-aa78-8046692a082c",
            "name": "New World Railway Station"
        }
    },
    {
        "productData": {
            "name": "V Original Guarana Energy Drink 350ml",
            "productId": "5003156_ea_000",
            "productShopPage": "https://www.newworld.co.nz/shop/product/5003156_ea_000nw",
            "productImageURL": "https://a.fsimg.co.nz/product/retail/fan/image/master/5003156.png",
            "productDescription": "Buy 2 for $5.00.\n\n\nContains Caffeine.\n\nProduct of New Zealand",
            "volume": "350mL",
            "multipack": {
                "quantity": "1"
            }
        },
        "priceData": {
            "bestPrice": 2.5,
            "price": 2.0,
            "pricePerLitre": 5.714285714285714,
            "bestPricePerLitre": 7.142857142857143,
            "multiBuy": {
                "quantity": 2.0,
                "value": 5.0,
                "perUnit": 2.5
            }
        },
        "store": {
            "id": "63cbb6c6-4a0b-448d-aa78-8046692a082c",
            "name": "New World Railway Station"
        }
    },
    {
        "productData": {
            "name": "V Blue Guarana Energy Drink 4pk",
            "productId": "5210055_ea_000",
            "productShopPage": "https://www.newworld.co.nz/shop/product/5210055_ea_000nw",
            "productImageURL": "https://a.fsimg.co.nz/product/retail/fan/image/master/5210055.png",
            "productDescription": "Product of New Zealand",
            "volume": "275mL",
            "multipack": {
                "quantity": "4"
            }
        },
        "priceData": {
            "bestPrice": "10.29",
            "price": "10.29",
            "pricePerLitre": 9.399999999999999,
            "bestPricePerLitre": 9.399999999999999
        },
        "store": {
            "id": "63cbb6c6-4a0b-448d-aa78-8046692a082c",
            "name": "New World Railway Station"
        }
    },
    {
        "productData": {
            "name": "V Blue Guarana Energy Drink 350ml",
            "productId": "5007492_ea_000",
            "productShopPage": "https://www.newworld.co.nz/shop/product/5007492_ea_000nw",
            "productImageURL": "https://a.fsimg.co.nz/product/retail/fan/image/master/5007492.png",
            "productDescription": "Buy 2 for $5.00.\n\n\nContains Caffeine, Wheat Derivatives.\n\nProduct of New Zealand",
            "volume": "350mL",
            "multipack": {
                "quantity": "1"
            }
        },
        "priceData": {
            "bestPrice": 2.5,
            "price": 2.0,
            "pricePerLitre": 5.714285714285714,
            "bestPricePerLitre": 7.142857142857143,
            "multiBuy": {
                "quantity": 2.0,
                "value": 5.0,
                "perUnit": 2.5
            }
        },
        "store": {
            "id": "63cbb6c6-4a0b-448d-aa78-8046692a082c",
            "name": "New World Railway Station"
        }
    },
    {
        "productData": {
            "name": "V Blue Energy Drink 500ml",
            "productId": "5020662_ea_000",
            "productShopPage": "https://www.newworld.co.nz/shop/product/5020662_ea_000nw",
            "productImageURL": "https://a.fsimg.co.nz/product/retail/fan/image/master/5020662.png",
            "productDescription": "Buy 2 for $5.00.\n\n\n\n\nProduct of New Zealand",
            "volume": "500mL",
            "multipack": {
                "quantity": "1"
            }
        },
        "priceData": {
            "bestPrice": 2.5,
            "price": 2.0,
            "pricePerLitre": 4.0,
            "bestPricePerLitre": 5.0,
            "multiBuy": {
                "quantity": 2.0,
                "value": 5.0,
                "perUnit": 2.5
            }
        },
        "store": {
            "id": "63cbb6c6-4a0b-448d-aa78-8046692a082c",
            "name": "New World Railway Station"
        }
    },
    {
        "productData": {
            "name": "V Blue Guarana Energy Drink 500ml",
            "productId": "5007494_ea_000",
            "productShopPage": "https://www.newworld.co.nz/shop/product/5007494_ea_000nw",
            "productImageURL": "https://a.fsimg.co.nz/product/retail/fan/image/master/5007494.png",
            "productDescription": "Contains Wheat Derivatives, Caffeine.\n\nProduct of New Zealand",
            "volume": "500mL",
            "multipack": {
                "quantity": "1"
            }
        },
        "priceData": {
            "bestPrice": "3.49",
            "price": "3.49",
            "pricePerLitre": 7.0,
            "bestPricePerLitre": 7.0
        },
        "store": {
            "id": "63cbb6c6-4a0b-448d-aa78-8046692a082c",
            "name": "New World Railway Station"
        }
    },
    {
        "productData": {
            "name": "Red Bull Energy Drink 473ml",
            "productId": "5005255_ea_000",
            "productShopPage": "https://www.newworld.co.nz/shop/product/5005255_ea_000nw",
            "productImageURL": "https://a.fsimg.co.nz/product/retail/fan/image/master/5005255.png",
            "productDescription": "Red Bull Energy Drink's special formula contains ingredients of high quality: Caffeine, Taurine, B-Group Vitamins, Sugars, Alpine Water.One 250ml can of Red Bull Energy Drinks contains 80 mg of caffeine, about the same amount as in a cup of home-brewed coffee.The amount of sugars in a can of Red Bull Energy Drink is comparable to the level of sugars in an equivalent amount of apple or orange juice – 11 g per 100ml.Red Bull cans are made of 100% recyclable aluminium.Red Bull Energy Drink 473ml canVitalizes Body and Mind.®RED BULL GIVES YOU WINGSInspired by functional drinks from the Far East, Dietrich Mateschitz founded Red Bull in the mid-1980s. He developed a new product and a unique marketing concept and launched Red Bull Energy Drink on April 1, 1987 in Austria. A brand new product category - Energy Drinks - was born.\n\nProduct of Imported",
            "volume": "473mL",
            "multipack": {
                "quantity": "1"
            }
        },
        "priceData": {
            "bestPrice": "3.99",
            "price": "3.99",
            "pricePerLitre": 8.4,
            "bestPricePerLitre": 8.4
        },
        "store": {
            "id": "63cbb6c6-4a0b-448d-aa78-8046692a082c",
            "name": "New World Railway Station"
        }
    },
    {
        "productData": {
            "name": "V Original Guarana Energy Drink 250ml",
            "productId": "5003151_ea_000",
            "productShopPage": "https://www.newworld.co.nz/shop/product/5003151_ea_000nw",
            "productImageURL": "https://a.fsimg.co.nz/product/retail/fan/image/master/5003151.png",
            "productDescription": "Contains Caffeine.\n\nProduct of New Zealand",
            "volume": "250mL",
            "multipack": {
                "quantity": "1"
            }
        },
        "priceData": {
            "bestPrice": "1.99",
            "price": "1.99",
            "pricePerLitre": 8.0,
            "bestPricePerLitre": 8.0
        },
        "store": {
            "id": "63cbb6c6-4a0b-448d-aa78-8046692a082c",
            "name": "New World Railway Station"
        }
    },
    {
        "productData": {
            "name": "V Pure Natural Energy Drink Glass Bottle 330ml",
            "productId": "5237753_ea_000",
            "productShopPage": "https://www.newworld.co.nz/shop/product/5237753_ea_000nw",
            "productImageURL": "https://a.fsimg.co.nz/product/retail/fan/image/master/5237753.png",
            "productDescription": "Buy 2 for $5.00.\n\n\nNothing artificial\n\nProduct of New Zealand",
            "volume": "330mL",
            "multipack": {
                "quantity": "1"
            }
        },
        "priceData": {
            "bestPrice": 2.5,
            "price": 2.0,
            "pricePerLitre": 6.0606060606060606,
            "bestPricePerLitre": 7.575757575757575,
            "multiBuy": {
                "quantity": 2.0,
                "value": 5.0,
                "perUnit": 2.5
            }
        },
        "store": {
            "id": "63cbb6c6-4a0b-448d-aa78-8046692a082c",
            "name": "New World Railway Station"
        }
    },
    {
        "productData": {
            "name": "Rockstar Watermelon Freeze Energy Drink 500ml",
            "productId": "5257298_ea_000",
            "productShopPage": "https://www.newworld.co.nz/shop/product/5257298_ea_000nw",
            "productImageURL": "https://a.fsimg.co.nz/product/retail/fan/image/master/5257298.png",
            "productDescription": "Buy 3 for $5.00.\n\n\n\n\nProduct of New Zealand",
            "volume": "500mL",
            "multipack": {
                "quantity": "1"
            }
        },
        "priceData": {
            "bestPrice": 1.6666666666666667,
            "price": 1.0,
            "pricePerLitre": 2.0,
            "bestPricePerLitre": 3.3333333333333335,
            "multiBuy": {
                "quantity": 3.0,
                "value": 5.0,
                "perUnit": 1.6666666666666667
            }
        },
        "store": {
            "id": "63cbb6c6-4a0b-448d-aa78-8046692a082c",
            "name": "New World Railway Station"
        }
    },
    {
        "productData": {
            "name": "V Pure Natural Energy Drink Can 250ml",
            "productId": "5237735_ea_000",
            "productShopPage": "https://www.newworld.co.nz/shop/product/5237735_ea_000nw",
            "productImageURL": "https://a.fsimg.co.nz/product/retail/fan/image/master/5237735.png",
            "productDescription": "6 natural ingredients; Nothing artificial; Apple juice - Apple and lemon juice is reconstituted; Lemon juice - Apple and lemon juice is reconstituted\n\nProduct of New Zealand",
            "volume": "250mL",
            "multipack": {
                "quantity": "1"
            }
        },
        "priceData": {
            "bestPrice": "1.99",
            "price": "1.99",
            "pricePerLitre": 8.0,
            "bestPricePerLitre": 8.0
        },
        "store": {
            "id": "63cbb6c6-4a0b-448d-aa78-8046692a082c",
            "name": "New World Railway Station"
        }
    },
    {
        "productData": {
            "name": "Rockstar Original Energy Drink 500ml",
            "productId": "5215383_ea_000",
            "productShopPage": "https://www.newworld.co.nz/shop/product/5215383_ea_000nw",
            "productImageURL": "https://a.fsimg.co.nz/product/retail/fan/image/master/5215383.png",
            "productDescription": "Buy 3 for $5.00.\n\n\nCaffeine; B vitamins; Vitamin C; Taurine; Ginseng\n\nProduct of New Zealand",
            "volume": "500mL",
            "multipack": {
                "quantity": "1"
            }
        },
        "priceData": {
            "bestPrice": 1.6666666666666667,
            "price": 1.0,
            "pricePerLitre": 2.0,
            "bestPricePerLitre": 3.3333333333333335,
            "multiBuy": {
                "quantity": 3.0,
                "value": 5.0,
                "perUnit": 1.6666666666666667
            }
        },
        "store": {
            "id": "63cbb6c6-4a0b-448d-aa78-8046692a082c",
            "name": "New World Railway Station"
        }
    },
    {
        "productData": {
            "name": "V Berry Twist Sugar Free Can 500ml",
            "productId": "5254654_ea_000",
            "productShopPage": "https://www.newworld.co.nz/shop/product/5254654_ea_000nw",
            "productImageURL": "https://a.fsimg.co.nz/product/retail/fan/image/master/5254654.png",
            "productDescription": "Sugarfree\n\nProduct of New Zealand",
            "volume": "500mL",
            "multipack": {
                "quantity": "1"
            }
        },
        "priceData": {
            "bestPrice": "3.49",
            "price": "3.49",
            "pricePerLitre": 7.0,
            "bestPricePerLitre": 7.0
        },
        "store": {
            "id": "63cbb6c6-4a0b-448d-aa78-8046692a082c",
            "name": "New World Railway Station"
        }
    },
    {
        "productData": {
            "name": "V Raspberry Lemonade Can 500ml",
            "productId": "5264523_ea_000",
            "productShopPage": "https://www.newworld.co.nz/shop/product/5264523_ea_000nw",
            "productImageURL": "https://a.fsimg.co.nz/product/retail/fan/image/master/5264523.png",
            "productDescription": "Product of New Zealand",
            "volume": "500mL",
            "multipack": {
                "quantity": "1"
            }
        },
        "priceData": {
            "bestPrice": "3.49",
            "price": "3.49",
            "pricePerLitre": 7.0,
            "bestPricePerLitre": 7.0
        },
        "store": {
            "id": "63cbb6c6-4a0b-448d-aa78-8046692a082c",
            "name": "New World Railway Station"
        }
    },
    {
        "productData": {
            "name": "Monster Zero Sugar Ultra Rosa Energy Drink 500ml",
            "productId": "5278094_ea_000",
            "productShopPage": "https://www.newworld.co.nz/shop/product/5278094_ea_000nw",
            "productImageURL": "https://a.fsimg.co.nz/product/retail/fan/image/master/5278094.png",
            "productDescription": "Product of Imported",
            "volume": "500mL",
            "multipack": {
                "quantity": "1"
            }
        },
        "priceData": {
            "bestPrice": "2.99",
            "price": "2.99",
            "pricePerLitre": 6.0,
            "bestPricePerLitre": 6.0
        },
        "store": {
            "id": "63cbb6c6-4a0b-448d-aa78-8046692a082c",
            "name": "New World Railway Station"
        }
    },
    {
        "productData": {
            "name": "Monster Mule Energy Drink 500ml",
            "productId": "5269459_ea_000",
            "productShopPage": "https://www.newworld.co.nz/shop/product/5269459_ea_000nw",
            "productImageURL": "https://a.fsimg.co.nz/product/retail/fan/image/master/5269459.png",
            "productDescription": "Product of Imported",
            "volume": "500mL",
            "multipack": {
                "quantity": "1"
            }
        },
        "priceData": {
            "bestPrice": "2.99",
            "price": "2.99",
            "pricePerLitre": 6.0,
            "bestPricePerLitre": 6.0
        },
        "store": {
            "id": "63cbb6c6-4a0b-448d-aa78-8046692a082c",
            "name": "New World Railway Station"
        }
    },
    {
        "productData": {
            "name": "Monster Ultra Paradise Energy Drink 500ml",
            "productId": "5261257_ea_000",
            "productShopPage": "https://www.newworld.co.nz/shop/product/5261257_ea_000nw",
            "productImageURL": "https://a.fsimg.co.nz/product/retail/fan/image/master/5261257.png",
            "productDescription": "Product of Imported",
            "volume": "500mL",
            "multipack": {
                "quantity": "1"
            }
        },
        "priceData": {
            "bestPrice": "2.99",
            "price": "2.99",
            "pricePerLitre": 6.0,
            "bestPricePerLitre": 6.0
        },
        "store": {
            "id": "63cbb6c6-4a0b-448d-aa78-8046692a082c",
            "name": "New World Railway Station"
        }
    },
    {
        "productData": {
            "name": "Monster Ultra Zero Drink 500ml",
            "productId": "5090618_ea_000",
            "productShopPage": "https://www.newworld.co.nz/shop/product/5090618_ea_000nw",
            "productImageURL": "https://a.fsimg.co.nz/product/retail/fan/image/master/5090618.png",
            "productDescription": "A little less sweet, lighter-tasting, zero calories, but with a full load of our Monster energy blend. Sure, white is the new black. Monster Energy Zero Ultra. Unleash the Ultra Beast!\n\nProduct of Imported",
            "volume": "500mL",
            "multipack": {
                "quantity": "1"
            }
        },
        "priceData": {
            "bestPrice": "2.99",
            "price": "2.99",
            "pricePerLitre": 6.0,
            "bestPricePerLitre": 6.0
        },
        "store": {
            "id": "63cbb6c6-4a0b-448d-aa78-8046692a082c",
            "name": "New World Railway Station"
        }
    },
    {
        "productData": {
            "name": "Monster Super Fuel Zero Sugar Energy Drink 550ml",
            "productId": "5284331_ea_000",
            "productShopPage": "https://www.newworld.co.nz/shop/product/5284331_ea_000nw",
            "productImageURL": "https://a.fsimg.co.nz/product/retail/fan/image/master/5284331.png",
            "productDescription": "Product of Imported",
            "volume": "550mL",
            "multipack": {
                "quantity": "1"
            }
        },
        "priceData": {
            "bestPrice": "3.49",
            "price": "3.49",
            "pricePerLitre": 6.345454545454546,
            "bestPricePerLitre": 6.345454545454546
        },
        "store": {
            "id": "63cbb6c6-4a0b-448d-aa78-8046692a082c",
            "name": "New World Railway Station"
        }
    },
    {
        "productData": {
            "name": "Mother Energy Drink Can 500ml",
            "productId": "5011153_ea_000",
            "productShopPage": "https://www.newworld.co.nz/shop/product/5011153_ea_000nw",
            "productImageURL": "https://a.fsimg.co.nz/product/retail/fan/image/master/5011153.png",
            "productDescription": "Contains Caffeine.\n\nProduct of New Zealand",
            "volume": "500mL",
            "multipack": {
                "quantity": "1"
            }
        },
        "priceData": {
            "bestPrice": "1.99",
            "price": "1.99",
            "pricePerLitre": 4.0,
            "bestPricePerLitre": 4.0
        },
        "store": {
            "id": "63cbb6c6-4a0b-448d-aa78-8046692a082c",
            "name": "New World Railway Station"
        }
    },
    {
        "productData": {
            "name": "Monster Super Fuel Purple Passion Energy Drink 550ml",
            "productId": "5284332_ea_000",
            "productShopPage": "https://www.newworld.co.nz/shop/product/5284332_ea_000nw",
            "productImageURL": "https://a.fsimg.co.nz/product/retail/fan/image/master/5284332.png",
            "productDescription": "Product of Imported",
            "volume": "550mL",
            "multipack": {
                "quantity": "1"
            }
        },
        "priceData": {
            "bestPrice": "3.49",
            "price": "3.49",
            "pricePerLitre": 6.345454545454546,
            "bestPricePerLitre": 6.345454545454546
        },
        "store": {
            "id": "63cbb6c6-4a0b-448d-aa78-8046692a082c",
            "name": "New World Railway Station"
        }
    },
    {
        "productData": {
            "name": "Mother Energy Drink Can 6pk",
            "productId": "5009490_ea_000",
            "productShopPage": "https://www.newworld.co.nz/shop/product/5009490_ea_000nw",
            "productImageURL": "https://a.fsimg.co.nz/product/retail/fan/image/master/5009490.png",
            "productDescription": "Contains Caffeine.\n\nProduct of New Zealand",
            "volume": "250mL",
            "multipack": {
                "quantity": "6"
            }
        },
        "priceData": {
            "bestPrice": "7.99",
            "price": "7.99",
            "pricePerLitre": 5.300000000000001,
            "bestPricePerLitre": 5.300000000000001
        },
        "store": {
            "id": "63cbb6c6-4a0b-448d-aa78-8046692a082c",
            "name": "New World Railway Station"
        }
    },
    {
        "productData": {
            "name": "Monster Pipeline Punch Energy Drink 500ml",
            "productId": "5242373_ea_000",
            "productShopPage": "https://www.newworld.co.nz/shop/product/5242373_ea_000nw",
            "productImageURL": "https://a.fsimg.co.nz/product/retail/fan/image/master/5242373.png",
            "productDescription": "Product of Imported",
            "volume": "500mL",
            "multipack": {
                "quantity": "1"
            }
        },
        "priceData": {
            "bestPrice": "2.99",
            "price": "2.99",
            "pricePerLitre": 6.0,
            "bestPricePerLitre": 6.0
        },
        "store": {
            "id": "63cbb6c6-4a0b-448d-aa78-8046692a082c",
            "name": "New World Railway Station"
        }
    },
    {
        "productData": {
            "name": "Monster Energy Drink 500ml",
            "productId": "5007647_ea_000",
            "productShopPage": "https://www.newworld.co.nz/shop/product/5007647_ea_000nw",
            "productImageURL": "https://a.fsimg.co.nz/product/retail/fan/image/master/5007647.png",
            "productDescription": "Contains Caffeine.\n\nProduct of Imported",
            "volume": "500mL",
            "multipack": {
                "quantity": "1"
            }
        },
        "priceData": {
            "bestPrice": "2.99",
            "price": "2.99",
            "pricePerLitre": 6.0,
            "bestPricePerLitre": 6.0
        },
        "store": {
            "id": "63cbb6c6-4a0b-448d-aa78-8046692a082c",
            "name": "New World Railway Station"
        }
    },
    {
        "productData": {
            "name": "V Sugarfree Guarana Energy Drink 4pk",
            "productId": "5210130_ea_000",
            "productShopPage": "https://www.newworld.co.nz/shop/product/5210130_ea_000nw",
            "productImageURL": "https://a.fsimg.co.nz/product/retail/fan/image/master/5210130.png",
            "productDescription": "Sugarfree\n\nProduct of New Zealand",
            "volume": "275mL",
            "multipack": {
                "quantity": "4"
            }
        },
        "priceData": {
            "bestPrice": "10.29",
            "price": "10.29",
            "pricePerLitre": 9.399999999999999,
            "bestPricePerLitre": 9.399999999999999
        },
        "store": {
            "id": "63cbb6c6-4a0b-448d-aa78-8046692a082c",
            "name": "New World Railway Station"
        }
    },
    {
        "productData": {
            "name": "Monster Energy Drink 4pk",
            "productId": "5107264_ea_000",
            "productShopPage": "https://www.newworld.co.nz/shop/product/5107264_ea_000nw",
            "productImageURL": "https://a.fsimg.co.nz/product/retail/fan/image/master/5107264.png",
            "productDescription": "Product of Imported",
            "volume": "",
            "multipack": {
                "quantity": ""
            }
        },
        "priceData": {
            "bestPrice": "13.49",
            "price": "13.49",
            "pricePerLitre": 6.7,
            "bestPricePerLitre": 6.7
        },
        "store": {
            "id": "63cbb6c6-4a0b-448d-aa78-8046692a082c",
            "name": "New World Railway Station"
        }
    },
    {
        "productData": {
            "name": "V Sugarfree Guarana Energy Drink 500ml",
            "productId": "5007644_ea_000",
            "productShopPage": "https://www.newworld.co.nz/shop/product/5007644_ea_000nw",
            "productImageURL": "https://a.fsimg.co.nz/product/retail/fan/image/master/5007644.png",
            "productDescription": "Sugar Free.\n\nProduct of New Zealand",
            "volume": "500mL",
            "multipack": {
                "quantity": "1"
            }
        },
        "priceData": {
            "bestPrice": "3.49",
            "price": "3.49",
            "pricePerLitre": 7.0,
            "bestPricePerLitre": 7.0
        },
        "store": {
            "id": "63cbb6c6-4a0b-448d-aa78-8046692a082c",
            "name": "New World Railway Station"
        }
    },
    {
        "productData": {
            "name": "V Original Guarana Energy Drink 500ml",
            "productId": "5004703_ea_000",
            "productShopPage": "https://www.newworld.co.nz/shop/product/5004703_ea_000nw",
            "productImageURL": "https://a.fsimg.co.nz/product/retail/fan/image/master/5004703.png",
            "productDescription": "Contains Caffeine.\n\nProduct of New Zealand",
            "volume": "500mL",
            "multipack": {
                "quantity": "1"
            }
        },
        "priceData": {
            "bestPrice": "3.49",
            "price": "3.49",
            "pricePerLitre": 7.0,
            "bestPricePerLitre": 7.0
        },
        "store": {
            "id": "63cbb6c6-4a0b-448d-aa78-8046692a082c",
            "name": "New World Railway Station"
        }
    },
    {
        "productData": {
            "name": "V Original Guarana Energy Drink 4pk",
            "productId": "5210048_ea_000",
            "productShopPage": "https://www.newworld.co.nz/shop/product/5210048_ea_000nw",
            "productImageURL": "https://a.fsimg.co.nz/product/retail/fan/image/master/5210048.png",
            "productDescription": "Product of New Zealand",
            "volume": "275mL",
            "multipack": {
                "quantity": "4"
            }
        },
        "priceData": {
            "bestPrice": "10.29",
            "price": "10.29",
            "pricePerLitre": 9.399999999999999,
            "bestPricePerLitre": 9.399999999999999
        },
        "store": {
            "id": "63cbb6c6-4a0b-448d-aa78-8046692a082c",
            "name": "New World Railway Station"
        }
    },
    {
        "productData": {
            "name": "V Original Guarana Energy Drink 500ml",
            "productId": "5007441_ea_000",
            "productShopPage": "https://www.newworld.co.nz/shop/product/5007441_ea_000nw",
            "productImageURL": "https://a.fsimg.co.nz/product/retail/fan/image/master/5007441.png",
            "productDescription": "Buy 2 for $5.00.\n\n\nContains Wheat Derivatives, Caffeine.\n\nProduct of New Zealand",
            "volume": "500mL",
            "multipack": {
                "quantity": "1"
            }
        },
        "priceData": {
            "bestPrice": 2.5,
            "price": 2.0,
            "pricePerLitre": 4.0,
            "bestPricePerLitre": 5.0,
            "multiBuy": {
                "quantity": 2.0,
                "value": 5.0,
                "perUnit": 2.5
            }
        },
        "store": {
            "id": "63cbb6c6-4a0b-448d-aa78-8046692a082c",
            "name": "New World Railway Station"
        }
    },
    {
        "productData": {
            "name": "V Blue Guarana Energy Drink 250ml",
            "productId": "5007495_ea_000",
            "productShopPage": "https://www.newworld.co.nz/shop/product/5007495_ea_000nw",
            "productImageURL": "https://a.fsimg.co.nz/product/retail/fan/image/master/5007495.png",
            "productDescription": "Contains Caffeine, Wheat Derivatives.\n\nProduct of New Zealand",
            "volume": "250mL",
            "multipack": {
                "quantity": "1"
            }
        },
        "priceData": {
            "bestPrice": "1.99",
            "price": "1.99",
            "pricePerLitre": 8.0,
            "bestPricePerLitre": 8.0
        },
        "store": {
            "id": "c78b7034-7f10-480a-b502-2e5c4066a790",
            "name": "New World Levin"
        }
    },
    {
        "productData": {
            "name": "V Sugarfree Blue Guarana Energy Drink 4pk",
            "productId": "5289891_ea_000",
            "productShopPage": "https://www.newworld.co.nz/shop/product/5289891_ea_000nw",
            "productImageURL": "https://a.fsimg.co.nz/product/retail/fan/image/master/5289891.png",
            "productDescription": "Limit 12 assorted.\n\n\n\n\nProduct of New Zealand",
            "volume": "250mL",
            "multipack": {
                "quantity": "4"
            }
        },
        "priceData": {
            "bestPrice": "5.99",
            "price": "5.99",
            "pricePerLitre": 5.99,
            "bestPricePerLitre": 5.99
        },
        "store": {
            "id": "c78b7034-7f10-480a-b502-2e5c4066a790",
            "name": "New World Levin"
        }
    },
    {
        "productData": {
            "name": "V Sugarfree Guarana Energy Drink 250ml",
            "productId": "5001639_ea_000",
            "productShopPage": "https://www.newworld.co.nz/shop/product/5001639_ea_000nw",
            "productImageURL": "https://a.fsimg.co.nz/product/retail/fan/image/master/5001639.png",
            "productDescription": "Sugar Free. Contains Caffeine.\n\nProduct of New Zealand",
            "volume": "250mL",
            "multipack": {
                "quantity": "1"
            }
        },
        "priceData": {
            "bestPrice": "1.99",
            "price": "1.99",
            "pricePerLitre": 8.0,
            "bestPricePerLitre": 8.0
        },
        "store": {
            "id": "c78b7034-7f10-480a-b502-2e5c4066a790",
            "name": "New World Levin"
        }
    },
    {
        "productData": {
            "name": "Live Plus Ascend Energy Drink 250ml",
            "productId": "5236675_ea_000",
            "productShopPage": "https://www.newworld.co.nz/shop/product/5236675_ea_000nw",
            "productImageURL": "https://a.fsimg.co.nz/product/retail/fan/image/master/5236675.png",
            "productDescription": "Limit 12 assorted.\n\n\n\n\nProduct of New Zealand",
            "volume": "",
            "multipack": {
                "quantity": ""
            }
        },
        "priceData": {
            "bestPrice": "0.99",
            "price": "0.99"
        },
        "store": {
            "id": "c78b7034-7f10-480a-b502-2e5c4066a790",
            "name": "New World Levin"
        }
    },
    {
        "productData": {
            "name": "Monster Energy Drink 550ml",
            "productId": "5007646_ea_000",
            "productShopPage": "https://www.newworld.co.nz/shop/product/5007646_ea_000nw",
            "productImageURL": "https://a.fsimg.co.nz/product/retail/fan/image/master/5007646.png",
            "productDescription": "Contains Caffeine.\n\nProduct of Imported",
            "volume": "550mL",
            "multipack": {
                "quantity": "1"
            }
        },
        "priceData": {
            "bestPrice": "3.69",
            "price": "3.69",
            "pricePerLitre": 6.7,
            "bestPricePerLitre": 6.7
        },
        "store": {
            "id": "c78b7034-7f10-480a-b502-2e5c4066a790",
            "name": "New World Levin"
        }
    },
    {
        "productData": {
            "name": "Live Plus Tart Apple Energy Drink 250ml",
            "productId": "5236676_ea_000",
            "productShopPage": "https://www.newworld.co.nz/shop/product/5236676_ea_000nw",
            "productImageURL": "https://a.fsimg.co.nz/product/retail/fan/image/master/5236676.png",
            "productDescription": "Limit 12 assorted.\n\n\n\n\nProduct of New Zealand",
            "volume": "250mL",
            "multipack": {
                "quantity": "1"
            }
        },
        "priceData": {
            "bestPrice": "0.99",
            "price": "0.99",
            "pricePerLitre": 3.96,
            "bestPricePerLitre": 3.96
        },
        "store": {
            "id": "c78b7034-7f10-480a-b502-2e5c4066a790",
            "name": "New World Levin"
        }
    },
    {
        "productData": {
            "name": "Live Plus Persist Energy Drink 250ml",
            "productId": "5236678_ea_000",
            "productShopPage": "https://www.newworld.co.nz/shop/product/5236678_ea_000nw",
            "productImageURL": "https://a.fsimg.co.nz/product/retail/fan/image/master/5236678.png",
            "productDescription": "Limit 12 assorted.\n\n\n\n\nProduct of New Zealand",
            "volume": "",
            "multipack": {
                "quantity": ""
            }
        },
        "priceData": {
            "bestPrice": "0.99",
            "price": "0.99"
        },
        "store": {
            "id": "c78b7034-7f10-480a-b502-2e5c4066a790",
            "name": "New World Levin"
        }
    },
    {
        "productData": {
            "name": "V Green Guarana Energy Drink 10pk",
            "productId": "5289889_ea_000",
            "productShopPage": "https://www.newworld.co.nz/shop/product/5289889_ea_000nw",
            "productImageURL": "https://a.fsimg.co.nz/product/retail/fan/image/master/5289889.png",
            "productDescription": "Product of New Zealand",
            "volume": "250mL",
            "multipack": {
                "quantity": "10"
            }
        },
        "priceData": {
            "bestPrice": "17.99",
            "price": "17.99",
            "pricePerLitre": 7.2,
            "bestPricePerLitre": 7.2
        },
        "store": {
            "id": "c78b7034-7f10-480a-b502-2e5c4066a790",
            "name": "New World Levin"
        }
    },
    {
        "productData": {
            "name": "V Sugarfree Blue Guarana Energy Drink 500ml",
            "productId": "5283362_ea_000",
            "productShopPage": "https://www.newworld.co.nz/shop/product/5283362_ea_000nw",
            "productImageURL": "https://a.fsimg.co.nz/product/retail/fan/image/master/5283362.png",
            "productDescription": "Sugar free\n\nProduct of New Zealand",
            "volume": "500mL",
            "multipack": {
                "quantity": "1"
            }
        },
        "priceData": {
            "bestPrice": "3.49",
            "price": "3.49",
            "pricePerLitre": 7.0,
            "bestPricePerLitre": 7.0
        },
        "store": {
            "id": "c78b7034-7f10-480a-b502-2e5c4066a790",
            "name": "New World Levin"
        }
    },
    {
        "productData": {
            "name": "V Original Guarana Energy Drink 350ml",
            "productId": "5003156_ea_000",
            "productShopPage": "https://www.newworld.co.nz/shop/product/5003156_ea_000nw",
            "productImageURL": "https://a.fsimg.co.nz/product/retail/fan/image/master/5003156.png",
            "productDescription": "Buy 2 for $5.00.\n\n\nContains Caffeine.\n\nProduct of New Zealand",
            "volume": "350mL",
            "multipack": {
                "quantity": "1"
            }
        },
        "priceData": {
            "bestPrice": 2.5,
            "price": 2.0,
            "pricePerLitre": 5.714285714285714,
            "bestPricePerLitre": 7.142857142857143,
            "multiBuy": {
                "quantity": 2.0,
                "value": 5.0,
                "perUnit": 2.5
            }
        },
        "store": {
            "id": "c78b7034-7f10-480a-b502-2e5c4066a790",
            "name": "New World Levin"
        }
    },
    {
        "productData": {
            "name": "V Blue Guarana Energy Drink 350ml",
            "productId": "5007492_ea_000",
            "productShopPage": "https://www.newworld.co.nz/shop/product/5007492_ea_000nw",
            "productImageURL": "https://a.fsimg.co.nz/product/retail/fan/image/master/5007492.png",
            "productDescription": "Buy 2 for $5.00.\n\n\nContains Caffeine, Wheat Derivatives.\n\nProduct of New Zealand",
            "volume": "350mL",
            "multipack": {
                "quantity": "1"
            }
        },
        "priceData": {
            "bestPrice": 2.5,
            "price": 2.0,
            "pricePerLitre": 5.714285714285714,
            "bestPricePerLitre": 7.142857142857143,
            "multiBuy": {
                "quantity": 2.0,
                "value": 5.0,
                "perUnit": 2.5
            }
        },
        "store": {
            "id": "c78b7034-7f10-480a-b502-2e5c4066a790",
            "name": "New World Levin"
        }
    },
    {
        "productData": {
            "name": "V Blue Energy Drink 500ml",
            "productId": "5020662_ea_000",
            "productShopPage": "https://www.newworld.co.nz/shop/product/5020662_ea_000nw",
            "productImageURL": "https://a.fsimg.co.nz/product/retail/fan/image/master/5020662.png",
            "productDescription": "Buy 2 for $5.00.\n\n\n\n\nProduct of New Zealand",
            "volume": "500mL",
            "multipack": {
                "quantity": "1"
            }
        },
        "priceData": {
            "bestPrice": 2.5,
            "price": 2.0,
            "pricePerLitre": 4.0,
            "bestPricePerLitre": 5.0,
            "multiBuy": {
                "quantity": 2.0,
                "value": 5.0,
                "perUnit": 2.5
            }
        },
        "store": {
            "id": "c78b7034-7f10-480a-b502-2e5c4066a790",
            "name": "New World Levin"
        }
    },
    {
        "productData": {
            "name": "V Blue Guarana Energy Drink 500ml",
            "productId": "5007494_ea_000",
            "productShopPage": "https://www.newworld.co.nz/shop/product/5007494_ea_000nw",
            "productImageURL": "https://a.fsimg.co.nz/product/retail/fan/image/master/5007494.png",
            "productDescription": "Contains Wheat Derivatives, Caffeine.\n\nProduct of New Zealand",
            "volume": "500mL",
            "multipack": {
                "quantity": "1"
            }
        },
        "priceData": {
            "bestPrice": "3.49",
            "price": "3.49",
            "pricePerLitre": 7.0,
            "bestPricePerLitre": 7.0
        },
        "store": {
            "id": "c78b7034-7f10-480a-b502-2e5c4066a790",
            "name": "New World Levin"
        }
    },
    {
        "productData": {
            "name": "Red Bull Energy Drink 473ml",
            "productId": "5005255_ea_000",
            "productShopPage": "https://www.newworld.co.nz/shop/product/5005255_ea_000nw",
            "productImageURL": "https://a.fsimg.co.nz/product/retail/fan/image/master/5005255.png",
            "productDescription": "Red Bull Energy Drink's special formula contains ingredients of high quality: Caffeine, Taurine, B-Group Vitamins, Sugars, Alpine Water.One 250ml can of Red Bull Energy Drinks contains 80 mg of caffeine, about the same amount as in a cup of home-brewed coffee.The amount of sugars in a can of Red Bull Energy Drink is comparable to the level of sugars in an equivalent amount of apple or orange juice – 11 g per 100ml.Red Bull cans are made of 100% recyclable aluminium.Red Bull Energy Drink 473ml canVitalizes Body and Mind.®RED BULL GIVES YOU WINGSInspired by functional drinks from the Far East, Dietrich Mateschitz founded Red Bull in the mid-1980s. He developed a new product and a unique marketing concept and launched Red Bull Energy Drink on April 1, 1987 in Austria. A brand new product category - Energy Drinks - was born.\n\nProduct of Imported",
            "volume": "473mL",
            "multipack": {
                "quantity": "1"
            }
        },
        "priceData": {
            "bestPrice": "3.59",
            "price": "3.59",
            "pricePerLitre": 7.6,
            "bestPricePerLitre": 7.6
        },
        "store": {
            "id": "c78b7034-7f10-480a-b502-2e5c4066a790",
            "name": "New World Levin"
        }
    },
    {
        "productData": {
            "name": "V Original Guarana Energy Drink 250ml",
            "productId": "5003151_ea_000",
            "productShopPage": "https://www.newworld.co.nz/shop/product/5003151_ea_000nw",
            "productImageURL": "https://a.fsimg.co.nz/product/retail/fan/image/master/5003151.png",
            "productDescription": "Contains Caffeine.\n\nProduct of New Zealand",
            "volume": "250mL",
            "multipack": {
                "quantity": "1"
            }
        },
        "priceData": {
            "bestPrice": "1.99",
            "price": "1.99",
            "pricePerLitre": 8.0,
            "bestPricePerLitre": 8.0
        },
        "store": {
            "id": "c78b7034-7f10-480a-b502-2e5c4066a790",
            "name": "New World Levin"
        }
    },
    {
        "productData": {
            "name": "Red Bull Energy Drink 250ml Cans 4pk",
            "productId": "5001443_ea_000",
            "productShopPage": "https://www.newworld.co.nz/shop/product/5001443_ea_000nw",
            "productImageURL": "https://a.fsimg.co.nz/product/retail/fan/image/master/5001443.png",
            "productDescription": "Red Bull Energy Drink's special formula contains ingredients of high quality: Caffeine, Taurine, B-Group Vitamins, Sugars, Alpine Water.One 250ml can of Red Bull Energy Drinks contains 80 mg of caffeine, about the same amount as in a cup of home-brewed coffee.The amount of sugars in a can of Red Bull Energy Drink is comparable to the level of sugars in an equivalent amount of apple or orange juice – 11 g per 100ml.Red Bull cans are made of 100% recyclable aluminium.Pack of four 250ml Red Bull Energy Drink cansVitalizes Body and Mind.®RED BULL GIVES YOU WINGSInspired by functional drinks from the Far East, Dietrich Mateschitz founded Red Bull in the mid-1980s. He developed a new product and a unique marketing concept and launched Red Bull Energy Drink on April 1, 1987 in Austria. A brand new product category - Energy Drinks - was born.",
            "volume": "250mL",
            "multipack": {
                "quantity": "4"
            }
        },
        "priceData": {
            "bestPrice": "8.29",
            "price": "8.29",
            "pricePerLitre": 8.299999999999999,
            "bestPricePerLitre": 8.299999999999999
        },
        "store": {
            "id": "c78b7034-7f10-480a-b502-2e5c4066a790",
            "name": "New World Levin"
        }
    },
    {
        "productData": {
            "name": "Lucozade Orange Energy Drink 380ml",
            "productId": "5009239_ea_000",
            "productShopPage": "https://www.newworld.co.nz/shop/product/5009239_ea_000nw",
            "productImageURL": "https://a.fsimg.co.nz/product/retail/fan/image/master/5009239.png",
            "productDescription": "Powered by Glucose.\n\nProduct of New Zealand",
            "volume": "380mL",
            "multipack": {
                "quantity": "1"
            }
        },
        "priceData": {
            "bestPrice": "2.69",
            "price": "2.69",
            "pricePerLitre": 7.08,
            "bestPricePerLitre": 7.08
        },
        "store": {
            "id": "c78b7034-7f10-480a-b502-2e5c4066a790",
            "name": "New World Levin"
        }
    },
    {
        "productData": {
            "name": "V Pure Natural Energy Drink Glass Bottle 330ml",
            "productId": "5237753_ea_000",
            "productShopPage": "https://www.newworld.co.nz/shop/product/5237753_ea_000nw",
            "productImageURL": "https://a.fsimg.co.nz/product/retail/fan/image/master/5237753.png",
            "productDescription": "Buy 2 for $5.00.\n\n\nNothing artificial\n\nProduct of New Zealand",
            "volume": "330mL",
            "multipack": {
                "quantity": "1"
            }
        },
        "priceData": {
            "bestPrice": 2.5,
            "price": 2.0,
            "pricePerLitre": 6.0606060606060606,
            "bestPricePerLitre": 7.575757575757575,
            "multiBuy": {
                "quantity": 2.0,
                "value": 5.0,
                "perUnit": 2.5
            }
        },
        "store": {
            "id": "c78b7034-7f10-480a-b502-2e5c4066a790",
            "name": "New World Levin"
        }
    },
    {
        "productData": {
            "name": "Lucozade Original Energy Drink 380ml",
            "productId": "5009240_ea_000",
            "productShopPage": "https://www.newworld.co.nz/shop/product/5009240_ea_000nw",
            "productImageURL": "https://a.fsimg.co.nz/product/retail/fan/image/master/5009240.png",
            "productDescription": "Energy from Glucose.\n\nProduct of New Zealand",
            "volume": "380mL",
            "multipack": {
                "quantity": "1"
            }
        },
        "priceData": {
            "bestPrice": "2.69",
            "price": "2.69",
            "pricePerLitre": 7.08,
            "bestPricePerLitre": 7.08
        },
        "store": {
            "id": "c78b7034-7f10-480a-b502-2e5c4066a790",
            "name": "New World Levin"
        }
    },
    {
        "productData": {
            "name": "Rockstar Watermelon Freeze Energy Drink 500ml",
            "productId": "5257298_ea_000",
            "productShopPage": "https://www.newworld.co.nz/shop/product/5257298_ea_000nw",
            "productImageURL": "https://a.fsimg.co.nz/product/retail/fan/image/master/5257298.png",
            "productDescription": "Buy 3 for $5.00.\n\n\n\n\nProduct of New Zealand",
            "volume": "500mL",
            "multipack": {
                "quantity": "1"
            }
        },
        "priceData": {
            "bestPrice": 1.6666666666666667,
            "price": 1.0,
            "pricePerLitre": 2.0,
            "bestPricePerLitre": 3.3333333333333335,
            "multiBuy": {
                "quantity": 3.0,
                "value": 5.0,
                "perUnit": 1.6666666666666667
            }
        },
        "store": {
            "id": "c78b7034-7f10-480a-b502-2e5c4066a790",
            "name": "New World Levin"
        }
    },
    {
        "productData": {
            "name": "Rockstar Original Energy Drink 500ml",
            "productId": "5215383_ea_000",
            "productShopPage": "https://www.newworld.co.nz/shop/product/5215383_ea_000nw",
            "productImageURL": "https://a.fsimg.co.nz/product/retail/fan/image/master/5215383.png",
            "productDescription": "Buy 3 for $5.00.\n\n\nCaffeine; B vitamins; Vitamin C; Taurine; Ginseng\n\nProduct of New Zealand",
            "volume": "500mL",
            "multipack": {
                "quantity": "1"
            }
        },
        "priceData": {
            "bestPrice": 1.6666666666666667,
            "price": 1.0,
            "pricePerLitre": 2.0,
            "bestPricePerLitre": 3.3333333333333335,
            "multiBuy": {
                "quantity": 3.0,
                "value": 5.0,
                "perUnit": 1.6666666666666667
            }
        },
        "store": {
            "id": "c78b7034-7f10-480a-b502-2e5c4066a790",
            "name": "New World Levin"
        }
    },
    {
        "productData": {
            "name": "V Berry Twist Sugar Free Can 500ml",
            "productId": "5254654_ea_000",
            "productShopPage": "https://www.newworld.co.nz/shop/product/5254654_ea_000nw",
            "productImageURL": "https://a.fsimg.co.nz/product/retail/fan/image/master/5254654.png",
            "productDescription": "Sugarfree\n\nProduct of New Zealand",
            "volume": "500mL",
            "multipack": {
                "quantity": "1"
            }
        },
        "priceData": {
            "bestPrice": "3.49",
            "price": "3.49",
            "pricePerLitre": 7.0,
            "bestPricePerLitre": 7.0
        },
        "store": {
            "id": "c78b7034-7f10-480a-b502-2e5c4066a790",
            "name": "New World Levin"
        }
    },
    {
        "productData": {
            "name": "V Raspberry Lemonade Guarana Energy Drink 4pk",
            "productId": "5289907_ea_000",
            "productShopPage": "https://www.newworld.co.nz/shop/product/5289907_ea_000nw",
            "productImageURL": "https://a.fsimg.co.nz/product/retail/fan/image/master/5289907.png",
            "productDescription": "Limit 12 assorted.\n\n\n\n\nProduct of New Zealand",
            "volume": "250mL",
            "multipack": {
                "quantity": "4"
            }
        },
        "priceData": {
            "bestPrice": "5.99",
            "price": "5.99",
            "pricePerLitre": 5.99,
            "bestPricePerLitre": 5.99
        },
        "store": {
            "id": "c78b7034-7f10-480a-b502-2e5c4066a790",
            "name": "New World Levin"
        }
    },
    {
        "productData": {
            "name": "V Blue Can 4pk",
            "productId": "5030249_ea_000",
            "productShopPage": "https://www.newworld.co.nz/shop/product/5030249_ea_000nw",
            "productImageURL": "https://a.fsimg.co.nz/product/retail/fan/image/master/5030249.png",
            "productDescription": "Limit 12 assorted.\n\n\nContains Wheat Derivatives, Caffeine.\n\nProduct of New Zealand",
            "volume": "250mL",
            "multipack": {
                "quantity": "4"
            }
        },
        "priceData": {
            "bestPrice": "5.99",
            "price": "5.99",
            "pricePerLitre": 5.99,
            "bestPricePerLitre": 5.99
        },
        "store": {
            "id": "c78b7034-7f10-480a-b502-2e5c4066a790",
            "name": "New World Levin"
        }
    },
    {
        "productData": {
            "name": "Monster Mango Loco Energy Drink 500ml",
            "productId": "5242374_ea_000",
            "productShopPage": "https://www.newworld.co.nz/shop/product/5242374_ea_000nw",
            "productImageURL": "https://a.fsimg.co.nz/product/retail/fan/image/master/5242374.png",
            "productDescription": "Product of Imported",
            "volume": "500mL",
            "multipack": {
                "quantity": "1"
            }
        },
        "priceData": {
            "bestPrice": "2.99",
            "price": "2.99",
            "pricePerLitre": 6.0,
            "bestPricePerLitre": 6.0
        },
        "store": {
            "id": "c78b7034-7f10-480a-b502-2e5c4066a790",
            "name": "New World Levin"
        }
    },
    {
        "productData": {
            "name": "Monster Zero Sugar Ultra Rosa Energy Drink 500ml",
            "productId": "5278094_ea_000",
            "productShopPage": "https://www.newworld.co.nz/shop/product/5278094_ea_000nw",
            "productImageURL": "https://a.fsimg.co.nz/product/retail/fan/image/master/5278094.png",
            "productDescription": "Product of Imported",
            "volume": "500mL",
            "multipack": {
                "quantity": "1"
            }
        },
        "priceData": {
            "bestPrice": "2.99",
            "price": "2.99",
            "pricePerLitre": 6.0,
            "bestPricePerLitre": 6.0
        },
        "store": {
            "id": "c78b7034-7f10-480a-b502-2e5c4066a790",
            "name": "New World Levin"
        }
    },
    {
        "productData": {
            "name": "Monster Ultra Paradise Energy Drink 500ml",
            "productId": "5261257_ea_000",
            "productShopPage": "https://www.newworld.co.nz/shop/product/5261257_ea_000nw",
            "productImageURL": "https://a.fsimg.co.nz/product/retail/fan/image/master/5261257.png",
            "productDescription": "Product of Imported",
            "volume": "500mL",
            "multipack": {
                "quantity": "1"
            }
        },
        "priceData": {
            "bestPrice": "2.99",
            "price": "2.99",
            "pricePerLitre": 6.0,
            "bestPricePerLitre": 6.0
        },
        "store": {
            "id": "c78b7034-7f10-480a-b502-2e5c4066a790",
            "name": "New World Levin"
        }
    },
    {
        "productData": {
            "name": "V Energy Drink Green Cans 4pk",
            "productId": "5002893_ea_000",
            "productShopPage": "https://www.newworld.co.nz/shop/product/5002893_ea_000nw",
            "productImageURL": "https://a.fsimg.co.nz/product/retail/fan/image/master/5002893.png",
            "productDescription": "Limit 12 assorted.\n\n\nContains Caffeine.\n\nProduct of New Zealand",
            "volume": "250mL",
            "multipack": {
                "quantity": "4"
            }
        },
        "priceData": {
            "bestPrice": "5.99",
            "price": "5.99",
            "pricePerLitre": 5.99,
            "bestPricePerLitre": 5.99
        },
        "store": {
            "id": "c78b7034-7f10-480a-b502-2e5c4066a790",
            "name": "New World Levin"
        }
    },
    {
        "productData": {
            "name": "Monster Ultra Zero Drink 500ml",
            "productId": "5090618_ea_000",
            "productShopPage": "https://www.newworld.co.nz/shop/product/5090618_ea_000nw",
            "productImageURL": "https://a.fsimg.co.nz/product/retail/fan/image/master/5090618.png",
            "productDescription": "A little less sweet, lighter-tasting, zero calories, but with a full load of our Monster energy blend. Sure, white is the new black. Monster Energy Zero Ultra. Unleash the Ultra Beast!\n\nProduct of Imported",
            "volume": "500mL",
            "multipack": {
                "quantity": "1"
            }
        },
        "priceData": {
            "bestPrice": "2.99",
            "price": "2.99",
            "pricePerLitre": 6.0,
            "bestPricePerLitre": 6.0
        },
        "store": {
            "id": "c78b7034-7f10-480a-b502-2e5c4066a790",
            "name": "New World Levin"
        }
    },
    {
        "productData": {
            "name": "Monster Super Fuel Zero Sugar Energy Drink 550ml",
            "productId": "5284331_ea_000",
            "productShopPage": "https://www.newworld.co.nz/shop/product/5284331_ea_000nw",
            "productImageURL": "https://a.fsimg.co.nz/product/retail/fan/image/master/5284331.png",
            "productDescription": "Product of Imported",
            "volume": "550mL",
            "multipack": {
                "quantity": "1"
            }
        },
        "priceData": {
            "bestPrice": "3.49",
            "price": "3.49",
            "pricePerLitre": 6.345454545454546,
            "bestPricePerLitre": 6.345454545454546
        },
        "store": {
            "id": "c78b7034-7f10-480a-b502-2e5c4066a790",
            "name": "New World Levin"
        }
    },
    {
        "productData": {
            "name": "Mother Energy Drink Can 500ml",
            "productId": "5011153_ea_000",
            "productShopPage": "https://www.newworld.co.nz/shop/product/5011153_ea_000nw",
            "productImageURL": "https://a.fsimg.co.nz/product/retail/fan/image/master/5011153.png",
            "productDescription": "Contains Caffeine.\n\nProduct of New Zealand",
            "volume": "500mL",
            "multipack": {
                "quantity": "1"
            }
        },
        "priceData": {
            "bestPrice": "1.99",
            "price": "1.99",
            "pricePerLitre": 4.0,
            "bestPricePerLitre": 4.0
        },
        "store": {
            "id": "c78b7034-7f10-480a-b502-2e5c4066a790",
            "name": "New World Levin"
        }
    },
    {
        "productData": {
            "name": "Monster Super Fuel Purple Passion Energy Drink 550ml",
            "productId": "5284332_ea_000",
            "productShopPage": "https://www.newworld.co.nz/shop/product/5284332_ea_000nw",
            "productImageURL": "https://a.fsimg.co.nz/product/retail/fan/image/master/5284332.png",
            "productDescription": "Product of Imported",
            "volume": "550mL",
            "multipack": {
                "quantity": "1"
            }
        },
        "priceData": {
            "bestPrice": "3.49",
            "price": "3.49",
            "pricePerLitre": 6.345454545454546,
            "bestPricePerLitre": 6.345454545454546
        },
        "store": {
            "id": "c78b7034-7f10-480a-b502-2e5c4066a790",
            "name": "New World Levin"
        }
    },
    {
        "productData": {
            "name": "Mother Energy Drink Can 6pk",
            "productId": "5009490_ea_000",
            "productShopPage": "https://www.newworld.co.nz/shop/product/5009490_ea_000nw",
            "productImageURL": "https://a.fsimg.co.nz/product/retail/fan/image/master/5009490.png",
            "productDescription": "Contains Caffeine.\n\nProduct of New Zealand",
            "volume": "250mL",
            "multipack": {
                "quantity": "6"
            }
        },
        "priceData": {
            "bestPrice": "7.49",
            "price": "7.49",
            "pricePerLitre": 5.0,
            "bestPricePerLitre": 5.0
        },
        "store": {
            "id": "c78b7034-7f10-480a-b502-2e5c4066a790",
            "name": "New World Levin"
        }
    },
    {
        "productData": {
            "name": "Monster Pipeline Punch Energy Drink 500ml",
            "productId": "5242373_ea_000",
            "productShopPage": "https://www.newworld.co.nz/shop/product/5242373_ea_000nw",
            "productImageURL": "https://a.fsimg.co.nz/product/retail/fan/image/master/5242373.png",
            "productDescription": "Product of Imported",
            "volume": "500mL",
            "multipack": {
                "quantity": "1"
            }
        },
        "priceData": {
            "bestPrice": "2.99",
            "price": "2.99",
            "pricePerLitre": 6.0,
            "bestPricePerLitre": 6.0
        },
        "store": {
            "id": "c78b7034-7f10-480a-b502-2e5c4066a790",
            "name": "New World Levin"
        }
    },
    {
        "productData": {
            "name": "Monster Energy Drink 500ml",
            "productId": "5007647_ea_000",
            "productShopPage": "https://www.newworld.co.nz/shop/product/5007647_ea_000nw",
            "productImageURL": "https://a.fsimg.co.nz/product/retail/fan/image/master/5007647.png",
            "productDescription": "Contains Caffeine.\n\nProduct of Imported",
            "volume": "500mL",
            "multipack": {
                "quantity": "1"
            }
        },
        "priceData": {
            "bestPrice": "2.99",
            "price": "2.99",
            "pricePerLitre": 6.0,
            "bestPricePerLitre": 6.0
        },
        "store": {
            "id": "c78b7034-7f10-480a-b502-2e5c4066a790",
            "name": "New World Levin"
        }
    },
    {
        "productData": {
            "name": "Monster Ultra Zero Drink 4pk",
            "productId": "5213974_ea_000",
            "productShopPage": "https://www.newworld.co.nz/shop/product/5213974_ea_000nw",
            "productImageURL": "https://a.fsimg.co.nz/product/retail/fan/image/master/5213974.png",
            "productDescription": "Product of Imported",
            "volume": "500mL",
            "multipack": {
                "quantity": "4"
            }
        },
        "priceData": {
            "bestPrice": "11.99",
            "price": "11.99",
            "pricePerLitre": 6.0,
            "bestPricePerLitre": 6.0
        },
        "store": {
            "id": "c78b7034-7f10-480a-b502-2e5c4066a790",
            "name": "New World Levin"
        }
    },
    {
        "productData": {
            "name": "Monster Energy Drink 4pk",
            "productId": "5107264_ea_000",
            "productShopPage": "https://www.newworld.co.nz/shop/product/5107264_ea_000nw",
            "productImageURL": "https://a.fsimg.co.nz/product/retail/fan/image/master/5107264.png",
            "productDescription": "Product of Imported",
            "volume": "",
            "multipack": {
                "quantity": ""
            }
        },
        "priceData": {
            "bestPrice": "11.99",
            "price": "11.99",
            "pricePerLitre": 6.0,
            "bestPricePerLitre": 6.0
        },
        "store": {
            "id": "c78b7034-7f10-480a-b502-2e5c4066a790",
            "name": "New World Levin"
        }
    },
    {
        "productData": {
            "name": "V Sugarfree Guarana Energy Drink 500ml",
            "productId": "5007644_ea_000",
            "productShopPage": "https://www.newworld.co.nz/shop/product/5007644_ea_000nw",
            "productImageURL": "https://a.fsimg.co.nz/product/retail/fan/image/master/5007644.png",
            "productDescription": "Sugar Free.\n\nProduct of New Zealand",
            "volume": "500mL",
            "multipack": {
                "quantity": "1"
            }
        },
        "priceData": {
            "bestPrice": "3.49",
            "price": "3.49",
            "pricePerLitre": 7.0,
            "bestPricePerLitre": 7.0
        },
        "store": {
            "id": "c78b7034-7f10-480a-b502-2e5c4066a790",
            "name": "New World Levin"
        }
    },
    {
        "productData": {
            "name": "V Original Guarana Energy Drink 500ml",
            "productId": "5004703_ea_000",
            "productShopPage": "https://www.newworld.co.nz/shop/product/5004703_ea_000nw",
            "productImageURL": "https://a.fsimg.co.nz/product/retail/fan/image/master/5004703.png",
            "productDescription": "Contains Caffeine.\n\nProduct of New Zealand",
            "volume": "500mL",
            "multipack": {
                "quantity": "1"
            }
        },
        "priceData": {
            "bestPrice": "3.49",
            "price": "3.49",
            "pricePerLitre": 7.0,
            "bestPricePerLitre": 7.0
        },
        "store": {
            "id": "c78b7034-7f10-480a-b502-2e5c4066a790",
            "name": "New World Levin"
        }
    },
    {
        "productData": {
            "name": "V Green Guarana Energy Drink Cans 10pk",
            "productId": "5210061_ea_000",
            "productShopPage": "https://www.newworld.co.nz/shop/product/5210061_ea_000nw",
            "productImageURL": "https://a.fsimg.co.nz/product/retail/fan/image/master/5210061.png",
            "productDescription": "Product of New Zealand",
            "volume": "200mL",
            "multipack": {
                "quantity": "10"
            }
        },
        "priceData": {
            "bestPrice": "15.29",
            "price": "15.29",
            "pricePerLitre": 7.6,
            "bestPricePerLitre": 7.6
        },
        "store": {
            "id": "c78b7034-7f10-480a-b502-2e5c4066a790",
            "name": "New World Levin"
        }
    },
    {
        "productData": {
            "name": "V Original Guarana Energy Drink 500ml",
            "productId": "5007441_ea_000",
            "productShopPage": "https://www.newworld.co.nz/shop/product/5007441_ea_000nw",
            "productImageURL": "https://a.fsimg.co.nz/product/retail/fan/image/master/5007441.png",
            "productDescription": "Buy 2 for $5.00.\n\n\nContains Wheat Derivatives, Caffeine.\n\nProduct of New Zealand",
            "volume": "500mL",
            "multipack": {
                "quantity": "1"
            }
        },
        "priceData": {
            "bestPrice": 2.5,
            "price": 2.0,
            "pricePerLitre": 4.0,
            "bestPricePerLitre": 5.0,
            "multiBuy": {
                "quantity": 2.0,
                "value": 5.0,
                "perUnit": 2.5
            }
        },
        "store": {
            "id": "c78b7034-7f10-480a-b502-2e5c4066a790",
            "name": "New World Levin"
        }
    },
    {
        "productData": {
            "name": "V Blue Guarana Energy Drink 10pk",
            "productId": "5290181_ea_000",
            "productShopPage": "https://www.newworld.co.nz/shop/product/5290181_ea_000nw",
            "productImageURL": "https://a.fsimg.co.nz/product/retail/fan/image/master/5290181.png",
            "productDescription": "Product of New Zealand",
            "volume": "250mL",
            "multipack": {
                "quantity": "10"
            }
        },
        "priceData": {
            "bestPrice": "17.99",
            "price": "17.99",
            "pricePerLitre": 7.2,
            "bestPricePerLitre": 7.2
        },
        "store": {
            "id": "7daec5c2-789a-4577-ba1f-39e730acdd27",
            "name": "New World Karori"
        }
    },
    {
        "productData": {
            "name": "V Blue Guarana Energy Drink 250ml",
            "productId": "5007495_ea_000",
            "productShopPage": "https://www.newworld.co.nz/shop/product/5007495_ea_000nw",
            "productImageURL": "https://a.fsimg.co.nz/product/retail/fan/image/master/5007495.png",
            "productDescription": "Contains Caffeine, Wheat Derivatives.\n\nProduct of New Zealand",
            "volume": "250mL",
            "multipack": {
                "quantity": "1"
            }
        },
        "priceData": {
            "bestPrice": "1.99",
            "price": "1.99",
            "pricePerLitre": 8.0,
            "bestPricePerLitre": 8.0
        },
        "store": {
            "id": "7daec5c2-789a-4577-ba1f-39e730acdd27",
            "name": "New World Karori"
        }
    },
    {
        "productData": {
            "name": "V Sugarfree Blue Guarana Energy Drink 4pk",
            "productId": "5289891_ea_000",
            "productShopPage": "https://www.newworld.co.nz/shop/product/5289891_ea_000nw",
            "productImageURL": "https://a.fsimg.co.nz/product/retail/fan/image/master/5289891.png",
            "productDescription": "Limit 12 assorted.\n\n\n\n\nProduct of New Zealand",
            "volume": "250mL",
            "multipack": {
                "quantity": "4"
            }
        },
        "priceData": {
            "bestPrice": "5.99",
            "price": "5.99",
            "pricePerLitre": 5.99,
            "bestPricePerLitre": 5.99
        },
        "store": {
            "id": "7daec5c2-789a-4577-ba1f-39e730acdd27",
            "name": "New World Karori"
        }
    },
    {
        "productData": {
            "name": "V Sugarfree Guarana Energy Drink 250ml",
            "productId": "5001639_ea_000",
            "productShopPage": "https://www.newworld.co.nz/shop/product/5001639_ea_000nw",
            "productImageURL": "https://a.fsimg.co.nz/product/retail/fan/image/master/5001639.png",
            "productDescription": "Sugar Free. Contains Caffeine.\n\nProduct of New Zealand",
            "volume": "250mL",
            "multipack": {
                "quantity": "1"
            }
        },
        "priceData": {
            "bestPrice": "1.99",
            "price": "1.99",
            "pricePerLitre": 8.0,
            "bestPricePerLitre": 8.0
        },
        "store": {
            "id": "7daec5c2-789a-4577-ba1f-39e730acdd27",
            "name": "New World Karori"
        }
    },
    {
        "productData": {
            "name": "V Sugarfree Guarana Energy Drink 10pk",
            "productId": "5289890_ea_000",
            "productShopPage": "https://www.newworld.co.nz/shop/product/5289890_ea_000nw",
            "productImageURL": "https://a.fsimg.co.nz/product/retail/fan/image/master/5289890.png",
            "productDescription": "Product of New Zealand",
            "volume": "",
            "multipack": {
                "quantity": ""
            }
        },
        "priceData": {
            "bestPrice": "17.99",
            "price": "17.99",
            "pricePerLitre": 72.0,
            "bestPricePerLitre": 72.0
        },
        "store": {
            "id": "7daec5c2-789a-4577-ba1f-39e730acdd27",
            "name": "New World Karori"
        }
    },
    {
        "productData": {
            "name": "V Raspberry Lemonade Guarana Energy Drink 4pk",
            "productId": "5264576_ea_000",
            "productShopPage": "https://www.newworld.co.nz/shop/product/5264576_ea_000nw",
            "productImageURL": "https://a.fsimg.co.nz/product/retail/fan/image/master/5264576.png",
            "productDescription": "Product of New Zealand",
            "volume": "275mL",
            "multipack": {
                "quantity": "4"
            }
        },
        "priceData": {
            "bestPrice": "4.99",
            "price": "4.99",
            "pricePerLitre": 4.54,
            "bestPricePerLitre": 4.54
        },
        "store": {
            "id": "7daec5c2-789a-4577-ba1f-39e730acdd27",
            "name": "New World Karori"
        }
    },
    {
        "productData": {
            "name": "Live Plus Persist Energy Drink 250ml",
            "productId": "5236678_ea_000",
            "productShopPage": "https://www.newworld.co.nz/shop/product/5236678_ea_000nw",
            "productImageURL": "https://a.fsimg.co.nz/product/retail/fan/image/master/5236678.png",
            "productDescription": "Limit 12 assorted.\n\n\n\n\nProduct of New Zealand",
            "volume": "",
            "multipack": {
                "quantity": ""
            }
        },
        "priceData": {
            "bestPrice": "0.99",
            "price": "0.99"
        },
        "store": {
            "id": "7daec5c2-789a-4577-ba1f-39e730acdd27",
            "name": "New World Karori"
        }
    },
    {
        "productData": {
            "name": "V Green Guarana Energy Drink 10pk",
            "productId": "5289889_ea_000",
            "productShopPage": "https://www.newworld.co.nz/shop/product/5289889_ea_000nw",
            "productImageURL": "https://a.fsimg.co.nz/product/retail/fan/image/master/5289889.png",
            "productDescription": "Product of New Zealand",
            "volume": "250mL",
            "multipack": {
                "quantity": "10"
            }
        },
        "priceData": {
            "bestPrice": "17.99",
            "price": "17.99",
            "pricePerLitre": 7.2,
            "bestPricePerLitre": 7.2
        },
        "store": {
            "id": "7daec5c2-789a-4577-ba1f-39e730acdd27",
            "name": "New World Karori"
        }
    },
    {
        "productData": {
            "name": "V Sugarfree Blue Guarana Energy Drink 500ml",
            "productId": "5283362_ea_000",
            "productShopPage": "https://www.newworld.co.nz/shop/product/5283362_ea_000nw",
            "productImageURL": "https://a.fsimg.co.nz/product/retail/fan/image/master/5283362.png",
            "productDescription": "Sugar free\n\nProduct of New Zealand",
            "volume": "500mL",
            "multipack": {
                "quantity": "1"
            }
        },
        "priceData": {
            "bestPrice": "3.49",
            "price": "3.49",
            "pricePerLitre": 7.0,
            "bestPricePerLitre": 7.0
        },
        "store": {
            "id": "7daec5c2-789a-4577-ba1f-39e730acdd27",
            "name": "New World Karori"
        }
    },
    {
        "productData": {
            "name": "V Original Guarana Energy Drink 350ml",
            "productId": "5003156_ea_000",
            "productShopPage": "https://www.newworld.co.nz/shop/product/5003156_ea_000nw",
            "productImageURL": "https://a.fsimg.co.nz/product/retail/fan/image/master/5003156.png",
            "productDescription": "Buy 2 for $5.00.\n\n\nContains Caffeine.\n\nProduct of New Zealand",
            "volume": "350mL",
            "multipack": {
                "quantity": "1"
            }
        },
        "priceData": {
            "bestPrice": 2.5,
            "price": 2.0,
            "pricePerLitre": 5.714285714285714,
            "bestPricePerLitre": 7.142857142857143,
            "multiBuy": {
                "quantity": 2.0,
                "value": 5.0,
                "perUnit": 2.5
            }
        },
        "store": {
            "id": "7daec5c2-789a-4577-ba1f-39e730acdd27",
            "name": "New World Karori"
        }
    },
    {
        "productData": {
            "name": "V Blue Guarana Energy Drink 350ml",
            "productId": "5007492_ea_000",
            "productShopPage": "https://www.newworld.co.nz/shop/product/5007492_ea_000nw",
            "productImageURL": "https://a.fsimg.co.nz/product/retail/fan/image/master/5007492.png",
            "productDescription": "Buy 2 for $5.00.\n\n\nContains Caffeine, Wheat Derivatives.\n\nProduct of New Zealand",
            "volume": "350mL",
            "multipack": {
                "quantity": "1"
            }
        },
        "priceData": {
            "bestPrice": 2.5,
            "price": 2.0,
            "pricePerLitre": 5.714285714285714,
            "bestPricePerLitre": 7.142857142857143,
            "multiBuy": {
                "quantity": 2.0,
                "value": 5.0,
                "perUnit": 2.5
            }
        },
        "store": {
            "id": "7daec5c2-789a-4577-ba1f-39e730acdd27",
            "name": "New World Karori"
        }
    },
    {
        "productData": {
            "name": "V Blue Energy Drink 500ml",
            "productId": "5020662_ea_000",
            "productShopPage": "https://www.newworld.co.nz/shop/product/5020662_ea_000nw",
            "productImageURL": "https://a.fsimg.co.nz/product/retail/fan/image/master/5020662.png",
            "productDescription": "Buy 2 for $5.00.\n\n\n\n\nProduct of New Zealand",
            "volume": "500mL",
            "multipack": {
                "quantity": "1"
            }
        },
        "priceData": {
            "bestPrice": 2.5,
            "price": 2.0,
            "pricePerLitre": 4.0,
            "bestPricePerLitre": 5.0,
            "multiBuy": {
                "quantity": 2.0,
                "value": 5.0,
                "perUnit": 2.5
            }
        },
        "store": {
            "id": "7daec5c2-789a-4577-ba1f-39e730acdd27",
            "name": "New World Karori"
        }
    },
    {
        "productData": {
            "name": "V Blue Guarana Energy Drink 500ml",
            "productId": "5007494_ea_000",
            "productShopPage": "https://www.newworld.co.nz/shop/product/5007494_ea_000nw",
            "productImageURL": "https://a.fsimg.co.nz/product/retail/fan/image/master/5007494.png",
            "productDescription": "Contains Wheat Derivatives, Caffeine.\n\nProduct of New Zealand",
            "volume": "500mL",
            "multipack": {
                "quantity": "1"
            }
        },
        "priceData": {
            "bestPrice": "3.49",
            "price": "3.49",
            "pricePerLitre": 7.0,
            "bestPricePerLitre": 7.0
        },
        "store": {
            "id": "7daec5c2-789a-4577-ba1f-39e730acdd27",
            "name": "New World Karori"
        }
    },
    {
        "productData": {
            "name": "Red Bull Energy Drink 473ml",
            "productId": "5005255_ea_000",
            "productShopPage": "https://www.newworld.co.nz/shop/product/5005255_ea_000nw",
            "productImageURL": "https://a.fsimg.co.nz/product/retail/fan/image/master/5005255.png",
            "productDescription": "Red Bull Energy Drink's special formula contains ingredients of high quality: Caffeine, Taurine, B-Group Vitamins, Sugars, Alpine Water.One 250ml can of Red Bull Energy Drinks contains 80 mg of caffeine, about the same amount as in a cup of home-brewed coffee.The amount of sugars in a can of Red Bull Energy Drink is comparable to the level of sugars in an equivalent amount of apple or orange juice – 11 g per 100ml.Red Bull cans are made of 100% recyclable aluminium.Red Bull Energy Drink 473ml canVitalizes Body and Mind.®RED BULL GIVES YOU WINGSInspired by functional drinks from the Far East, Dietrich Mateschitz founded Red Bull in the mid-1980s. He developed a new product and a unique marketing concept and launched Red Bull Energy Drink on April 1, 1987 in Austria. A brand new product category - Energy Drinks - was born.\n\nProduct of Imported",
            "volume": "473mL",
            "multipack": {
                "quantity": "1"
            }
        },
        "priceData": {
            "bestPrice": "3.59",
            "price": "3.59",
            "pricePerLitre": 7.6,
            "bestPricePerLitre": 7.6
        },
        "store": {
            "id": "7daec5c2-789a-4577-ba1f-39e730acdd27",
            "name": "New World Karori"
        }
    },
    {
        "productData": {
            "name": "V Original Guarana Energy Drink 250ml",
            "productId": "5003151_ea_000",
            "productShopPage": "https://www.newworld.co.nz/shop/product/5003151_ea_000nw",
            "productImageURL": "https://a.fsimg.co.nz/product/retail/fan/image/master/5003151.png",
            "productDescription": "Contains Caffeine.\n\nProduct of New Zealand",
            "volume": "250mL",
            "multipack": {
                "quantity": "1"
            }
        },
        "priceData": {
            "bestPrice": "1.99",
            "price": "1.99",
            "pricePerLitre": 8.0,
            "bestPricePerLitre": 8.0
        },
        "store": {
            "id": "7daec5c2-789a-4577-ba1f-39e730acdd27",
            "name": "New World Karori"
        }
    },
    {
        "productData": {
            "name": "Red Bull Energy Drink 250ml Cans 4pk",
            "productId": "5001443_ea_000",
            "productShopPage": "https://www.newworld.co.nz/shop/product/5001443_ea_000nw",
            "productImageURL": "https://a.fsimg.co.nz/product/retail/fan/image/master/5001443.png",
            "productDescription": "Red Bull Energy Drink's special formula contains ingredients of high quality: Caffeine, Taurine, B-Group Vitamins, Sugars, Alpine Water.One 250ml can of Red Bull Energy Drinks contains 80 mg of caffeine, about the same amount as in a cup of home-brewed coffee.The amount of sugars in a can of Red Bull Energy Drink is comparable to the level of sugars in an equivalent amount of apple or orange juice – 11 g per 100ml.Red Bull cans are made of 100% recyclable aluminium.Pack of four 250ml Red Bull Energy Drink cansVitalizes Body and Mind.®RED BULL GIVES YOU WINGSInspired by functional drinks from the Far East, Dietrich Mateschitz founded Red Bull in the mid-1980s. He developed a new product and a unique marketing concept and launched Red Bull Energy Drink on April 1, 1987 in Austria. A brand new product category - Energy Drinks - was born.",
            "volume": "250mL",
            "multipack": {
                "quantity": "4"
            }
        },
        "priceData": {
            "bestPrice": "8.29",
            "price": "8.29",
            "pricePerLitre": 8.299999999999999,
            "bestPricePerLitre": 8.299999999999999
        },
        "store": {
            "id": "7daec5c2-789a-4577-ba1f-39e730acdd27",
            "name": "New World Karori"
        }
    },
    {
        "productData": {
            "name": "V Green Guarana Energy Drink 710ml",
            "productId": "5030250_ea_000",
            "productShopPage": "https://www.newworld.co.nz/shop/product/5030250_ea_000nw",
            "productImageURL": "https://a.fsimg.co.nz/product/retail/fan/image/master/5030250.png",
            "productDescription": "Contains Wheat Derivatives\n\nProduct of Imported",
            "volume": "250mL",
            "multipack": {
                "quantity": "3"
            }
        },
        "priceData": {
            "bestPrice": "3.49",
            "price": "3.49",
            "pricePerLitre": 4.9,
            "bestPricePerLitre": 4.9
        },
        "store": {
            "id": "7daec5c2-789a-4577-ba1f-39e730acdd27",
            "name": "New World Karori"
        }
    },
    {
        "productData": {
            "name": "Lucozade Orange Energy Drink 380ml",
            "productId": "5009239_ea_000",
            "productShopPage": "https://www.newworld.co.nz/shop/product/5009239_ea_000nw",
            "productImageURL": "https://a.fsimg.co.nz/product/retail/fan/image/master/5009239.png",
            "productDescription": "Powered by Glucose.\n\nProduct of New Zealand",
            "volume": "380mL",
            "multipack": {
                "quantity": "1"
            }
        },
        "priceData": {
            "bestPrice": "2.69",
            "price": "2.69",
            "pricePerLitre": 7.08,
            "bestPricePerLitre": 7.08
        },
        "store": {
            "id": "7daec5c2-789a-4577-ba1f-39e730acdd27",
            "name": "New World Karori"
        }
    },
    {
        "productData": {
            "name": "V Pure Natural Energy Drink Glass Bottle 330ml",
            "productId": "5237753_ea_000",
            "productShopPage": "https://www.newworld.co.nz/shop/product/5237753_ea_000nw",
            "productImageURL": "https://a.fsimg.co.nz/product/retail/fan/image/master/5237753.png",
            "productDescription": "Buy 2 for $5.00.\n\n\nNothing artificial\n\nProduct of New Zealand",
            "volume": "330mL",
            "multipack": {
                "quantity": "1"
            }
        },
        "priceData": {
            "bestPrice": 2.5,
            "price": 2.0,
            "pricePerLitre": 6.0606060606060606,
            "bestPricePerLitre": 7.575757575757575,
            "multiBuy": {
                "quantity": 2.0,
                "value": 5.0,
                "perUnit": 2.5
            }
        },
        "store": {
            "id": "7daec5c2-789a-4577-ba1f-39e730acdd27",
            "name": "New World Karori"
        }
    },
    {
        "productData": {
            "name": "V Raspberry Lemonade Guarana Energy Drink 4pk",
            "productId": "5289907_ea_000",
            "productShopPage": "https://www.newworld.co.nz/shop/product/5289907_ea_000nw",
            "productImageURL": "https://a.fsimg.co.nz/product/retail/fan/image/master/5289907.png",
            "productDescription": "Limit 12 assorted.\n\n\n\n\nProduct of New Zealand",
            "volume": "250mL",
            "multipack": {
                "quantity": "4"
            }
        },
        "priceData": {
            "bestPrice": "5.99",
            "price": "5.99",
            "pricePerLitre": 5.99,
            "bestPricePerLitre": 5.99
        },
        "store": {
            "id": "7daec5c2-789a-4577-ba1f-39e730acdd27",
            "name": "New World Karori"
        }
    },
    {
        "productData": {
            "name": "V Raspberry Lemonade Can 500ml",
            "productId": "5264523_ea_000",
            "productShopPage": "https://www.newworld.co.nz/shop/product/5264523_ea_000nw",
            "productImageURL": "https://a.fsimg.co.nz/product/retail/fan/image/master/5264523.png",
            "productDescription": "Product of New Zealand",
            "volume": "500mL",
            "multipack": {
                "quantity": "1"
            }
        },
        "priceData": {
            "bestPrice": "3.49",
            "price": "3.49",
            "pricePerLitre": 7.0,
            "bestPricePerLitre": 7.0
        },
        "store": {
            "id": "7daec5c2-789a-4577-ba1f-39e730acdd27",
            "name": "New World Karori"
        }
    },
    {
        "productData": {
            "name": "V Blue Can 4pk",
            "productId": "5030249_ea_000",
            "productShopPage": "https://www.newworld.co.nz/shop/product/5030249_ea_000nw",
            "productImageURL": "https://a.fsimg.co.nz/product/retail/fan/image/master/5030249.png",
            "productDescription": "Limit 12 assorted.\n\n\nContains Wheat Derivatives, Caffeine.\n\nProduct of New Zealand",
            "volume": "250mL",
            "multipack": {
                "quantity": "4"
            }
        },
        "priceData": {
            "bestPrice": "5.99",
            "price": "5.99",
            "pricePerLitre": 5.99,
            "bestPricePerLitre": 5.99
        },
        "store": {
            "id": "7daec5c2-789a-4577-ba1f-39e730acdd27",
            "name": "New World Karori"
        }
    },
    {
        "productData": {
            "name": "V Energy Drink Sugarfree Cans 4pk",
            "productId": "5004117_ea_000",
            "productShopPage": "https://www.newworld.co.nz/shop/product/5004117_ea_000nw",
            "productImageURL": "https://a.fsimg.co.nz/product/retail/fan/image/master/5004117.png",
            "productDescription": "Limit 12 assorted.\n\n\nSugar Free. Contains Caffeine.\n\nProduct of New Zealand",
            "volume": "250mL",
            "multipack": {
                "quantity": "4"
            }
        },
        "priceData": {
            "bestPrice": "5.99",
            "price": "5.99",
            "pricePerLitre": 5.99,
            "bestPricePerLitre": 5.99
        },
        "store": {
            "id": "7daec5c2-789a-4577-ba1f-39e730acdd27",
            "name": "New World Karori"
        }
    },
    {
        "productData": {
            "name": "Monster Ultra Paradise Energy Drink 500ml",
            "productId": "5261257_ea_000",
            "productShopPage": "https://www.newworld.co.nz/shop/product/5261257_ea_000nw",
            "productImageURL": "https://a.fsimg.co.nz/product/retail/fan/image/master/5261257.png",
            "productDescription": "Product of Imported",
            "volume": "500mL",
            "multipack": {
                "quantity": "1"
            }
        },
        "priceData": {
            "bestPrice": "2.99",
            "price": "2.99",
            "pricePerLitre": 6.0,
            "bestPricePerLitre": 6.0
        },
        "store": {
            "id": "7daec5c2-789a-4577-ba1f-39e730acdd27",
            "name": "New World Karori"
        }
    },
    {
        "productData": {
            "name": "V Energy Drink Green Cans 4pk",
            "productId": "5002893_ea_000",
            "productShopPage": "https://www.newworld.co.nz/shop/product/5002893_ea_000nw",
            "productImageURL": "https://a.fsimg.co.nz/product/retail/fan/image/master/5002893.png",
            "productDescription": "Limit 12 assorted.\n\n\nContains Caffeine.\n\nProduct of New Zealand",
            "volume": "250mL",
            "multipack": {
                "quantity": "4"
            }
        },
        "priceData": {
            "bestPrice": "5.99",
            "price": "5.99",
            "pricePerLitre": 5.99,
            "bestPricePerLitre": 5.99
        },
        "store": {
            "id": "7daec5c2-789a-4577-ba1f-39e730acdd27",
            "name": "New World Karori"
        }
    },
    {
        "productData": {
            "name": "Monster Ultra Zero Drink 500ml",
            "productId": "5090618_ea_000",
            "productShopPage": "https://www.newworld.co.nz/shop/product/5090618_ea_000nw",
            "productImageURL": "https://a.fsimg.co.nz/product/retail/fan/image/master/5090618.png",
            "productDescription": "A little less sweet, lighter-tasting, zero calories, but with a full load of our Monster energy blend. Sure, white is the new black. Monster Energy Zero Ultra. Unleash the Ultra Beast!\n\nProduct of Imported",
            "volume": "500mL",
            "multipack": {
                "quantity": "1"
            }
        },
        "priceData": {
            "bestPrice": "2.99",
            "price": "2.99",
            "pricePerLitre": 6.0,
            "bestPricePerLitre": 6.0
        },
        "store": {
            "id": "7daec5c2-789a-4577-ba1f-39e730acdd27",
            "name": "New World Karori"
        }
    },
    {
        "productData": {
            "name": "Monster Super Fuel Zero Sugar Energy Drink 550ml",
            "productId": "5284331_ea_000",
            "productShopPage": "https://www.newworld.co.nz/shop/product/5284331_ea_000nw",
            "productImageURL": "https://a.fsimg.co.nz/product/retail/fan/image/master/5284331.png",
            "productDescription": "Product of Imported",
            "volume": "550mL",
            "multipack": {
                "quantity": "1"
            }
        },
        "priceData": {
            "bestPrice": "3.29",
            "price": "3.29",
            "pricePerLitre": 5.9818181818181815,
            "bestPricePerLitre": 5.9818181818181815
        },
        "store": {
            "id": "7daec5c2-789a-4577-ba1f-39e730acdd27",
            "name": "New World Karori"
        }
    },
    {
        "productData": {
            "name": "Mother Energy Drink Can 500ml",
            "productId": "5011153_ea_000",
            "productShopPage": "https://www.newworld.co.nz/shop/product/5011153_ea_000nw",
            "productImageURL": "https://a.fsimg.co.nz/product/retail/fan/image/master/5011153.png",
            "productDescription": "Contains Caffeine.\n\nProduct of New Zealand",
            "volume": "500mL",
            "multipack": {
                "quantity": "1"
            }
        },
        "priceData": {
            "bestPrice": "1.99",
            "price": "1.99",
            "pricePerLitre": 4.0,
            "bestPricePerLitre": 4.0
        },
        "store": {
            "id": "7daec5c2-789a-4577-ba1f-39e730acdd27",
            "name": "New World Karori"
        }
    },
    {
        "productData": {
            "name": "Monster Super Fuel Purple Passion Energy Drink 550ml",
            "productId": "5284332_ea_000",
            "productShopPage": "https://www.newworld.co.nz/shop/product/5284332_ea_000nw",
            "productImageURL": "https://a.fsimg.co.nz/product/retail/fan/image/master/5284332.png",
            "productDescription": "Product of Imported",
            "volume": "550mL",
            "multipack": {
                "quantity": "1"
            }
        },
        "priceData": {
            "bestPrice": "3.49",
            "price": "3.49",
            "pricePerLitre": 6.345454545454546,
            "bestPricePerLitre": 6.345454545454546
        },
        "store": {
            "id": "7daec5c2-789a-4577-ba1f-39e730acdd27",
            "name": "New World Karori"
        }
    },
    {
        "productData": {
            "name": "Monster Energy Drink 500ml",
            "productId": "5007647_ea_000",
            "productShopPage": "https://www.newworld.co.nz/shop/product/5007647_ea_000nw",
            "productImageURL": "https://a.fsimg.co.nz/product/retail/fan/image/master/5007647.png",
            "productDescription": "Contains Caffeine.\n\nProduct of Imported",
            "volume": "500mL",
            "multipack": {
                "quantity": "1"
            }
        },
        "priceData": {
            "bestPrice": "2.99",
            "price": "2.99",
            "pricePerLitre": 6.0,
            "bestPricePerLitre": 6.0
        },
        "store": {
            "id": "7daec5c2-789a-4577-ba1f-39e730acdd27",
            "name": "New World Karori"
        }
    },
    {
        "productData": {
            "name": "V Sugarfree Guarana Energy Drink 500ml",
            "productId": "5007644_ea_000",
            "productShopPage": "https://www.newworld.co.nz/shop/product/5007644_ea_000nw",
            "productImageURL": "https://a.fsimg.co.nz/product/retail/fan/image/master/5007644.png",
            "productDescription": "Sugar Free.\n\nProduct of New Zealand",
            "volume": "500mL",
            "multipack": {
                "quantity": "1"
            }
        },
        "priceData": {
            "bestPrice": "3.49",
            "price": "3.49",
            "pricePerLitre": 7.0,
            "bestPricePerLitre": 7.0
        },
        "store": {
            "id": "7daec5c2-789a-4577-ba1f-39e730acdd27",
            "name": "New World Karori"
        }
    },
    {
        "productData": {
            "name": "V Original Guarana Energy Drink 500ml",
            "productId": "5004703_ea_000",
            "productShopPage": "https://www.newworld.co.nz/shop/product/5004703_ea_000nw",
            "productImageURL": "https://a.fsimg.co.nz/product/retail/fan/image/master/5004703.png",
            "productDescription": "Contains Caffeine.\n\nProduct of New Zealand",
            "volume": "500mL",
            "multipack": {
                "quantity": "1"
            }
        },
        "priceData": {
            "bestPrice": "3.49",
            "price": "3.49",
            "pricePerLitre": 7.0,
            "bestPricePerLitre": 7.0
        },
        "store": {
            "id": "7daec5c2-789a-4577-ba1f-39e730acdd27",
            "name": "New World Karori"
        }
    },
    {
        "productData": {
            "name": "V Original Guarana Energy Drink 500ml",
            "productId": "5007441_ea_000",
            "productShopPage": "https://www.newworld.co.nz/shop/product/5007441_ea_000nw",
            "productImageURL": "https://a.fsimg.co.nz/product/retail/fan/image/master/5007441.png",
            "productDescription": "Buy 2 for $5.00.\n\n\nContains Wheat Derivatives, Caffeine.\n\nProduct of New Zealand",
            "volume": "500mL",
            "multipack": {
                "quantity": "1"
            }
        },
        "priceData": {
            "bestPrice": 2.5,
            "price": 2.0,
            "pricePerLitre": 4.0,
            "bestPricePerLitre": 5.0,
            "multiBuy": {
                "quantity": 2.0,
                "value": 5.0,
                "perUnit": 2.5
            }
        },
        "store": {
            "id": "7daec5c2-789a-4577-ba1f-39e730acdd27",
            "name": "New World Karori"
        }
    },
    {
        "productData": {
            "name": "V Blue Guarana Energy Drink 10pk",
            "productId": "5290181_ea_000",
            "productShopPage": "https://www.newworld.co.nz/shop/product/5290181_ea_000nw",
            "productImageURL": "https://a.fsimg.co.nz/product/retail/fan/image/master/5290181.png",
            "productDescription": "Product of New Zealand",
            "volume": "250mL",
            "multipack": {
                "quantity": "10"
            }
        },
        "priceData": {
            "bestPrice": "17.99",
            "price": "17.99",
            "pricePerLitre": 7.2,
            "bestPricePerLitre": 7.2
        },
        "store": {
            "id": "89ba1656-0ad7-4af0-8694-08bf335e99b9",
            "name": "New World Wellington City"
        }
    },
    {
        "productData": {
            "name": "V Blue Guarana Energy Drink 250ml",
            "productId": "5007495_ea_000",
            "productShopPage": "https://www.newworld.co.nz/shop/product/5007495_ea_000nw",
            "productImageURL": "https://a.fsimg.co.nz/product/retail/fan/image/master/5007495.png",
            "productDescription": "Contains Caffeine, Wheat Derivatives.\n\nProduct of New Zealand",
            "volume": "250mL",
            "multipack": {
                "quantity": "1"
            }
        },
        "priceData": {
            "bestPrice": "1.99",
            "price": "1.99",
            "pricePerLitre": 8.0,
            "bestPricePerLitre": 8.0
        },
        "store": {
            "id": "89ba1656-0ad7-4af0-8694-08bf335e99b9",
            "name": "New World Wellington City"
        }
    },
    {
        "productData": {
            "name": "V Sugarfree Blue Guarana Energy Drink 4pk",
            "productId": "5289891_ea_000",
            "productShopPage": "https://www.newworld.co.nz/shop/product/5289891_ea_000nw",
            "productImageURL": "https://a.fsimg.co.nz/product/retail/fan/image/master/5289891.png",
            "productDescription": "Limit 12 assorted.\n\n\n\n\nProduct of New Zealand",
            "volume": "250mL",
            "multipack": {
                "quantity": "4"
            }
        },
        "priceData": {
            "bestPrice": "5.99",
            "price": "5.99",
            "pricePerLitre": 5.99,
            "bestPricePerLitre": 5.99
        },
        "store": {
            "id": "89ba1656-0ad7-4af0-8694-08bf335e99b9",
            "name": "New World Wellington City"
        }
    },
    {
        "productData": {
            "name": "V Sugarfree Guarana Energy Drink 250ml",
            "productId": "5001639_ea_000",
            "productShopPage": "https://www.newworld.co.nz/shop/product/5001639_ea_000nw",
            "productImageURL": "https://a.fsimg.co.nz/product/retail/fan/image/master/5001639.png",
            "productDescription": "Sugar Free. Contains Caffeine.\n\nProduct of New Zealand",
            "volume": "250mL",
            "multipack": {
                "quantity": "1"
            }
        },
        "priceData": {
            "bestPrice": "1.99",
            "price": "1.99",
            "pricePerLitre": 8.0,
            "bestPricePerLitre": 8.0
        },
        "store": {
            "id": "89ba1656-0ad7-4af0-8694-08bf335e99b9",
            "name": "New World Wellington City"
        }
    },
    {
        "productData": {
            "name": "V Sugarfree Guarana Energy Drink 10pk",
            "productId": "5289890_ea_000",
            "productShopPage": "https://www.newworld.co.nz/shop/product/5289890_ea_000nw",
            "productImageURL": "https://a.fsimg.co.nz/product/retail/fan/image/master/5289890.png",
            "productDescription": "Product of New Zealand",
            "volume": "",
            "multipack": {
                "quantity": ""
            }
        },
        "priceData": {
            "bestPrice": "17.99",
            "price": "17.99",
            "pricePerLitre": 72.0,
            "bestPricePerLitre": 72.0
        },
        "store": {
            "id": "89ba1656-0ad7-4af0-8694-08bf335e99b9",
            "name": "New World Wellington City"
        }
    },
    {
        "productData": {
            "name": "Live Plus Ascend Energy Drink 250ml",
            "productId": "5236675_ea_000",
            "productShopPage": "https://www.newworld.co.nz/shop/product/5236675_ea_000nw",
            "productImageURL": "https://a.fsimg.co.nz/product/retail/fan/image/master/5236675.png",
            "productDescription": "Limit 12 assorted.\n\n\n\n\nProduct of New Zealand",
            "volume": "",
            "multipack": {
                "quantity": ""
            }
        },
        "priceData": {
            "bestPrice": "0.99",
            "price": "0.99"
        },
        "store": {
            "id": "89ba1656-0ad7-4af0-8694-08bf335e99b9",
            "name": "New World Wellington City"
        }
    },
    {
        "productData": {
            "name": "Live Plus Tart Apple Energy Drink 250ml",
            "productId": "5236676_ea_000",
            "productShopPage": "https://www.newworld.co.nz/shop/product/5236676_ea_000nw",
            "productImageURL": "https://a.fsimg.co.nz/product/retail/fan/image/master/5236676.png",
            "productDescription": "Limit 12 assorted.\n\n\n\n\nProduct of New Zealand",
            "volume": "250mL",
            "multipack": {
                "quantity": "1"
            }
        },
        "priceData": {
            "bestPrice": "0.99",
            "price": "0.99",
            "pricePerLitre": 3.96,
            "bestPricePerLitre": 3.96
        },
        "store": {
            "id": "89ba1656-0ad7-4af0-8694-08bf335e99b9",
            "name": "New World Wellington City"
        }
    },
    {
        "productData": {
            "name": "Live Plus Persist Energy Drink 250ml",
            "productId": "5236678_ea_000",
            "productShopPage": "https://www.newworld.co.nz/shop/product/5236678_ea_000nw",
            "productImageURL": "https://a.fsimg.co.nz/product/retail/fan/image/master/5236678.png",
            "productDescription": "Limit 12 assorted.\n\n\n\n\nProduct of New Zealand",
            "volume": "",
            "multipack": {
                "quantity": ""
            }
        },
        "priceData": {
            "bestPrice": "0.99",
            "price": "0.99"
        },
        "store": {
            "id": "89ba1656-0ad7-4af0-8694-08bf335e99b9",
            "name": "New World Wellington City"
        }
    },
    {
        "productData": {
            "name": "V Green Guarana Energy Drink 10pk",
            "productId": "5289889_ea_000",
            "productShopPage": "https://www.newworld.co.nz/shop/product/5289889_ea_000nw",
            "productImageURL": "https://a.fsimg.co.nz/product/retail/fan/image/master/5289889.png",
            "productDescription": "Product of New Zealand",
            "volume": "250mL",
            "multipack": {
                "quantity": "10"
            }
        },
        "priceData": {
            "bestPrice": "17.99",
            "price": "17.99",
            "pricePerLitre": 7.2,
            "bestPricePerLitre": 7.2
        },
        "store": {
            "id": "89ba1656-0ad7-4af0-8694-08bf335e99b9",
            "name": "New World Wellington City"
        }
    },
    {
        "productData": {
            "name": "V Sugarfree Blue Guarana Energy Drink 500ml",
            "productId": "5283362_ea_000",
            "productShopPage": "https://www.newworld.co.nz/shop/product/5283362_ea_000nw",
            "productImageURL": "https://a.fsimg.co.nz/product/retail/fan/image/master/5283362.png",
            "productDescription": "Sugar free\n\nProduct of New Zealand",
            "volume": "500mL",
            "multipack": {
                "quantity": "1"
            }
        },
        "priceData": {
            "bestPrice": "3.49",
            "price": "3.49",
            "pricePerLitre": 7.0,
            "bestPricePerLitre": 7.0
        },
        "store": {
            "id": "89ba1656-0ad7-4af0-8694-08bf335e99b9",
            "name": "New World Wellington City"
        }
    },
    {
        "productData": {
            "name": "V Original Guarana Energy Drink 350ml",
            "productId": "5003156_ea_000",
            "productShopPage": "https://www.newworld.co.nz/shop/product/5003156_ea_000nw",
            "productImageURL": "https://a.fsimg.co.nz/product/retail/fan/image/master/5003156.png",
            "productDescription": "Buy 2 for $5.00.\n\n\nContains Caffeine.\n\nProduct of New Zealand",
            "volume": "350mL",
            "multipack": {
                "quantity": "1"
            }
        },
        "priceData": {
            "bestPrice": 2.5,
            "price": 2.0,
            "pricePerLitre": 5.714285714285714,
            "bestPricePerLitre": 7.142857142857143,
            "multiBuy": {
                "quantity": 2.0,
                "value": 5.0,
                "perUnit": 2.5
            }
        },
        "store": {
            "id": "89ba1656-0ad7-4af0-8694-08bf335e99b9",
            "name": "New World Wellington City"
        }
    },
    {
        "productData": {
            "name": "V Blue Guarana Energy Drink 4pk",
            "productId": "5210055_ea_000",
            "productShopPage": "https://www.newworld.co.nz/shop/product/5210055_ea_000nw",
            "productImageURL": "https://a.fsimg.co.nz/product/retail/fan/image/master/5210055.png",
            "productDescription": "Product of New Zealand",
            "volume": "275mL",
            "multipack": {
                "quantity": "4"
            }
        },
        "priceData": {
            "bestPrice": "9.19",
            "price": "9.19",
            "pricePerLitre": 8.4,
            "bestPricePerLitre": 8.4
        },
        "store": {
            "id": "89ba1656-0ad7-4af0-8694-08bf335e99b9",
            "name": "New World Wellington City"
        }
    },
    {
        "productData": {
            "name": "V Blue Guarana Energy Drink 350ml",
            "productId": "5007492_ea_000",
            "productShopPage": "https://www.newworld.co.nz/shop/product/5007492_ea_000nw",
            "productImageURL": "https://a.fsimg.co.nz/product/retail/fan/image/master/5007492.png",
            "productDescription": "Buy 2 for $5.00.\n\n\nContains Caffeine, Wheat Derivatives.\n\nProduct of New Zealand",
            "volume": "350mL",
            "multipack": {
                "quantity": "1"
            }
        },
        "priceData": {
            "bestPrice": 2.5,
            "price": 2.0,
            "pricePerLitre": 5.714285714285714,
            "bestPricePerLitre": 7.142857142857143,
            "multiBuy": {
                "quantity": 2.0,
                "value": 5.0,
                "perUnit": 2.5
            }
        },
        "store": {
            "id": "89ba1656-0ad7-4af0-8694-08bf335e99b9",
            "name": "New World Wellington City"
        }
    },
    {
        "productData": {
            "name": "V Blue Energy Drink 500ml",
            "productId": "5020662_ea_000",
            "productShopPage": "https://www.newworld.co.nz/shop/product/5020662_ea_000nw",
            "productImageURL": "https://a.fsimg.co.nz/product/retail/fan/image/master/5020662.png",
            "productDescription": "Buy 2 for $5.00.\n\n\n\n\nProduct of New Zealand",
            "volume": "500mL",
            "multipack": {
                "quantity": "1"
            }
        },
        "priceData": {
            "bestPrice": 2.5,
            "price": 2.0,
            "pricePerLitre": 4.0,
            "bestPricePerLitre": 5.0,
            "multiBuy": {
                "quantity": 2.0,
                "value": 5.0,
                "perUnit": 2.5
            }
        },
        "store": {
            "id": "89ba1656-0ad7-4af0-8694-08bf335e99b9",
            "name": "New World Wellington City"
        }
    },
    {
        "productData": {
            "name": "V Blue Guarana Energy Drink 500ml",
            "productId": "5007494_ea_000",
            "productShopPage": "https://www.newworld.co.nz/shop/product/5007494_ea_000nw",
            "productImageURL": "https://a.fsimg.co.nz/product/retail/fan/image/master/5007494.png",
            "productDescription": "Contains Wheat Derivatives, Caffeine.\n\nProduct of New Zealand",
            "volume": "500mL",
            "multipack": {
                "quantity": "1"
            }
        },
        "priceData": {
            "bestPrice": "3.49",
            "price": "3.49",
            "pricePerLitre": 7.0,
            "bestPricePerLitre": 7.0
        },
        "store": {
            "id": "89ba1656-0ad7-4af0-8694-08bf335e99b9",
            "name": "New World Wellington City"
        }
    },
    {
        "productData": {
            "name": "Red Bull Energy Drink 473ml",
            "productId": "5005255_ea_000",
            "productShopPage": "https://www.newworld.co.nz/shop/product/5005255_ea_000nw",
            "productImageURL": "https://a.fsimg.co.nz/product/retail/fan/image/master/5005255.png",
            "productDescription": "Red Bull Energy Drink's special formula contains ingredients of high quality: Caffeine, Taurine, B-Group Vitamins, Sugars, Alpine Water.One 250ml can of Red Bull Energy Drinks contains 80 mg of caffeine, about the same amount as in a cup of home-brewed coffee.The amount of sugars in a can of Red Bull Energy Drink is comparable to the level of sugars in an equivalent amount of apple or orange juice – 11 g per 100ml.Red Bull cans are made of 100% recyclable aluminium.Red Bull Energy Drink 473ml canVitalizes Body and Mind.®RED BULL GIVES YOU WINGSInspired by functional drinks from the Far East, Dietrich Mateschitz founded Red Bull in the mid-1980s. He developed a new product and a unique marketing concept and launched Red Bull Energy Drink on April 1, 1987 in Austria. A brand new product category - Energy Drinks - was born.\n\nProduct of Imported",
            "volume": "473mL",
            "multipack": {
                "quantity": "1"
            }
        },
        "priceData": {
            "bestPrice": "3.59",
            "price": "3.59",
            "pricePerLitre": 7.6,
            "bestPricePerLitre": 7.6
        },
        "store": {
            "id": "89ba1656-0ad7-4af0-8694-08bf335e99b9",
            "name": "New World Wellington City"
        }
    },
    {
        "productData": {
            "name": "V Original Guarana Energy Drink 250ml",
            "productId": "5003151_ea_000",
            "productShopPage": "https://www.newworld.co.nz/shop/product/5003151_ea_000nw",
            "productImageURL": "https://a.fsimg.co.nz/product/retail/fan/image/master/5003151.png",
            "productDescription": "Contains Caffeine.\n\nProduct of New Zealand",
            "volume": "250mL",
            "multipack": {
                "quantity": "1"
            }
        },
        "priceData": {
            "bestPrice": "1.99",
            "price": "1.99",
            "pricePerLitre": 8.0,
            "bestPricePerLitre": 8.0
        },
        "store": {
            "id": "89ba1656-0ad7-4af0-8694-08bf335e99b9",
            "name": "New World Wellington City"
        }
    },
    {
        "productData": {
            "name": "Red Bull Energy Drink 250ml Cans 4pk",
            "productId": "5001443_ea_000",
            "productShopPage": "https://www.newworld.co.nz/shop/product/5001443_ea_000nw",
            "productImageURL": "https://a.fsimg.co.nz/product/retail/fan/image/master/5001443.png",
            "productDescription": "Red Bull Energy Drink's special formula contains ingredients of high quality: Caffeine, Taurine, B-Group Vitamins, Sugars, Alpine Water.One 250ml can of Red Bull Energy Drinks contains 80 mg of caffeine, about the same amount as in a cup of home-brewed coffee.The amount of sugars in a can of Red Bull Energy Drink is comparable to the level of sugars in an equivalent amount of apple or orange juice – 11 g per 100ml.Red Bull cans are made of 100% recyclable aluminium.Pack of four 250ml Red Bull Energy Drink cansVitalizes Body and Mind.®RED BULL GIVES YOU WINGSInspired by functional drinks from the Far East, Dietrich Mateschitz founded Red Bull in the mid-1980s. He developed a new product and a unique marketing concept and launched Red Bull Energy Drink on April 1, 1987 in Austria. A brand new product category - Energy Drinks - was born.",
            "volume": "250mL",
            "multipack": {
                "quantity": "4"
            }
        },
        "priceData": {
            "bestPrice": "8.29",
            "price": "8.29",
            "pricePerLitre": 8.299999999999999,
            "bestPricePerLitre": 8.299999999999999
        },
        "store": {
            "id": "89ba1656-0ad7-4af0-8694-08bf335e99b9",
            "name": "New World Wellington City"
        }
    },
    {
        "productData": {
            "name": "V Green Guarana Energy Drink 710ml",
            "productId": "5030250_ea_000",
            "productShopPage": "https://www.newworld.co.nz/shop/product/5030250_ea_000nw",
            "productImageURL": "https://a.fsimg.co.nz/product/retail/fan/image/master/5030250.png",
            "productDescription": "Contains Wheat Derivatives\n\nProduct of Imported",
            "volume": "250mL",
            "multipack": {
                "quantity": "3"
            }
        },
        "priceData": {
            "bestPrice": "3.49",
            "price": "3.49",
            "pricePerLitre": 4.9,
            "bestPricePerLitre": 4.9
        },
        "store": {
            "id": "89ba1656-0ad7-4af0-8694-08bf335e99b9",
            "name": "New World Wellington City"
        }
    },
    {
        "productData": {
            "name": "Lucozade Orange Energy Drink 380ml",
            "productId": "5009239_ea_000",
            "productShopPage": "https://www.newworld.co.nz/shop/product/5009239_ea_000nw",
            "productImageURL": "https://a.fsimg.co.nz/product/retail/fan/image/master/5009239.png",
            "productDescription": "Powered by Glucose.\n\nProduct of New Zealand",
            "volume": "380mL",
            "multipack": {
                "quantity": "1"
            }
        },
        "priceData": {
            "bestPrice": "2.69",
            "price": "2.69",
            "pricePerLitre": 7.08,
            "bestPricePerLitre": 7.08
        },
        "store": {
            "id": "89ba1656-0ad7-4af0-8694-08bf335e99b9",
            "name": "New World Wellington City"
        }
    },
    {
        "productData": {
            "name": "V Pure Natural Energy Drink Glass Bottle 330ml",
            "productId": "5237753_ea_000",
            "productShopPage": "https://www.newworld.co.nz/shop/product/5237753_ea_000nw",
            "productImageURL": "https://a.fsimg.co.nz/product/retail/fan/image/master/5237753.png",
            "productDescription": "Buy 2 for $5.00.\n\n\nNothing artificial\n\nProduct of New Zealand",
            "volume": "330mL",
            "multipack": {
                "quantity": "1"
            }
        },
        "priceData": {
            "bestPrice": 2.5,
            "price": 2.0,
            "pricePerLitre": 6.0606060606060606,
            "bestPricePerLitre": 7.575757575757575,
            "multiBuy": {
                "quantity": 2.0,
                "value": 5.0,
                "perUnit": 2.5
            }
        },
        "store": {
            "id": "89ba1656-0ad7-4af0-8694-08bf335e99b9",
            "name": "New World Wellington City"
        }
    },
    {
        "productData": {
            "name": "Lucozade Original Energy Drink 380ml",
            "productId": "5009240_ea_000",
            "productShopPage": "https://www.newworld.co.nz/shop/product/5009240_ea_000nw",
            "productImageURL": "https://a.fsimg.co.nz/product/retail/fan/image/master/5009240.png",
            "productDescription": "Energy from Glucose.\n\nProduct of New Zealand",
            "volume": "380mL",
            "multipack": {
                "quantity": "1"
            }
        },
        "priceData": {
            "bestPrice": "2.69",
            "price": "2.69",
            "pricePerLitre": 7.08,
            "bestPricePerLitre": 7.08
        },
        "store": {
            "id": "89ba1656-0ad7-4af0-8694-08bf335e99b9",
            "name": "New World Wellington City"
        }
    },
    {
        "productData": {
            "name": "V Pure Natural Energy Drink Can 250ml",
            "productId": "5237735_ea_000",
            "productShopPage": "https://www.newworld.co.nz/shop/product/5237735_ea_000nw",
            "productImageURL": "https://a.fsimg.co.nz/product/retail/fan/image/master/5237735.png",
            "productDescription": "6 natural ingredients; Nothing artificial; Apple juice - Apple and lemon juice is reconstituted; Lemon juice - Apple and lemon juice is reconstituted\n\nProduct of New Zealand",
            "volume": "250mL",
            "multipack": {
                "quantity": "1"
            }
        },
        "priceData": {
            "bestPrice": "1.99",
            "price": "1.99",
            "pricePerLitre": 8.0,
            "bestPricePerLitre": 8.0
        },
        "store": {
            "id": "89ba1656-0ad7-4af0-8694-08bf335e99b9",
            "name": "New World Wellington City"
        }
    },
    {
        "productData": {
            "name": "Rockstar Original Energy Drink 500ml",
            "productId": "5215383_ea_000",
            "productShopPage": "https://www.newworld.co.nz/shop/product/5215383_ea_000nw",
            "productImageURL": "https://a.fsimg.co.nz/product/retail/fan/image/master/5215383.png",
            "productDescription": "Buy 3 for $5.00.\n\n\nCaffeine; B vitamins; Vitamin C; Taurine; Ginseng\n\nProduct of New Zealand",
            "volume": "500mL",
            "multipack": {
                "quantity": "1"
            }
        },
        "priceData": {
            "bestPrice": 1.6666666666666667,
            "price": 1.0,
            "pricePerLitre": 2.0,
            "bestPricePerLitre": 3.3333333333333335,
            "multiBuy": {
                "quantity": 3.0,
                "value": 5.0,
                "perUnit": 1.6666666666666667
            }
        },
        "store": {
            "id": "89ba1656-0ad7-4af0-8694-08bf335e99b9",
            "name": "New World Wellington City"
        }
    },
    {
        "productData": {
            "name": "V Raspberry Lemonade Guarana Energy Drink 4pk",
            "productId": "5289907_ea_000",
            "productShopPage": "https://www.newworld.co.nz/shop/product/5289907_ea_000nw",
            "productImageURL": "https://a.fsimg.co.nz/product/retail/fan/image/master/5289907.png",
            "productDescription": "Limit 12 assorted.\n\n\n\n\nProduct of New Zealand",
            "volume": "250mL",
            "multipack": {
                "quantity": "4"
            }
        },
        "priceData": {
            "bestPrice": "5.99",
            "price": "5.99",
            "pricePerLitre": 5.99,
            "bestPricePerLitre": 5.99
        },
        "store": {
            "id": "89ba1656-0ad7-4af0-8694-08bf335e99b9",
            "name": "New World Wellington City"
        }
    },
    {
        "productData": {
            "name": "V Raspberry Lemonade Can 500ml",
            "productId": "5264523_ea_000",
            "productShopPage": "https://www.newworld.co.nz/shop/product/5264523_ea_000nw",
            "productImageURL": "https://a.fsimg.co.nz/product/retail/fan/image/master/5264523.png",
            "productDescription": "Product of New Zealand",
            "volume": "500mL",
            "multipack": {
                "quantity": "1"
            }
        },
        "priceData": {
            "bestPrice": "3.49",
            "price": "3.49",
            "pricePerLitre": 7.0,
            "bestPricePerLitre": 7.0
        },
        "store": {
            "id": "89ba1656-0ad7-4af0-8694-08bf335e99b9",
            "name": "New World Wellington City"
        }
    },
    {
        "productData": {
            "name": "V Blue Can 4pk",
            "productId": "5030249_ea_000",
            "productShopPage": "https://www.newworld.co.nz/shop/product/5030249_ea_000nw",
            "productImageURL": "https://a.fsimg.co.nz/product/retail/fan/image/master/5030249.png",
            "productDescription": "Limit 12 assorted.\n\n\nContains Wheat Derivatives, Caffeine.\n\nProduct of New Zealand",
            "volume": "250mL",
            "multipack": {
                "quantity": "4"
            }
        },
        "priceData": {
            "bestPrice": "5.99",
            "price": "5.99",
            "pricePerLitre": 5.99,
            "bestPricePerLitre": 5.99
        },
        "store": {
            "id": "89ba1656-0ad7-4af0-8694-08bf335e99b9",
            "name": "New World Wellington City"
        }
    },
    {
        "productData": {
            "name": "V Energy Drink Sugarfree Cans 4pk",
            "productId": "5004117_ea_000",
            "productShopPage": "https://www.newworld.co.nz/shop/product/5004117_ea_000nw",
            "productImageURL": "https://a.fsimg.co.nz/product/retail/fan/image/master/5004117.png",
            "productDescription": "Limit 12 assorted.\n\n\nSugar Free. Contains Caffeine.\n\nProduct of New Zealand",
            "volume": "250mL",
            "multipack": {
                "quantity": "4"
            }
        },
        "priceData": {
            "bestPrice": "5.99",
            "price": "5.99",
            "pricePerLitre": 5.99,
            "bestPricePerLitre": 5.99
        },
        "store": {
            "id": "89ba1656-0ad7-4af0-8694-08bf335e99b9",
            "name": "New World Wellington City"
        }
    },
    {
        "productData": {
            "name": "Monster Mango Loco Energy Drink 500ml",
            "productId": "5242374_ea_000",
            "productShopPage": "https://www.newworld.co.nz/shop/product/5242374_ea_000nw",
            "productImageURL": "https://a.fsimg.co.nz/product/retail/fan/image/master/5242374.png",
            "productDescription": "Product of Imported",
            "volume": "500mL",
            "multipack": {
                "quantity": "1"
            }
        },
        "priceData": {
            "bestPrice": "2.99",
            "price": "2.99",
            "pricePerLitre": 6.0,
            "bestPricePerLitre": 6.0
        },
        "store": {
            "id": "89ba1656-0ad7-4af0-8694-08bf335e99b9",
            "name": "New World Wellington City"
        }
    },
    {
        "productData": {
            "name": "Monster Zero Sugar Ultra Rosa Energy Drink 500ml",
            "productId": "5278094_ea_000",
            "productShopPage": "https://www.newworld.co.nz/shop/product/5278094_ea_000nw",
            "productImageURL": "https://a.fsimg.co.nz/product/retail/fan/image/master/5278094.png",
            "productDescription": "Product of Imported",
            "volume": "500mL",
            "multipack": {
                "quantity": "1"
            }
        },
        "priceData": {
            "bestPrice": "2.99",
            "price": "2.99",
            "pricePerLitre": 6.0,
            "bestPricePerLitre": 6.0
        },
        "store": {
            "id": "89ba1656-0ad7-4af0-8694-08bf335e99b9",
            "name": "New World Wellington City"
        }
    },
    {
        "productData": {
            "name": "Monster Mule Energy Drink 500ml",
            "productId": "5269459_ea_000",
            "productShopPage": "https://www.newworld.co.nz/shop/product/5269459_ea_000nw",
            "productImageURL": "https://a.fsimg.co.nz/product/retail/fan/image/master/5269459.png",
            "productDescription": "Product of Imported",
            "volume": "500mL",
            "multipack": {
                "quantity": "1"
            }
        },
        "priceData": {
            "bestPrice": "2.99",
            "price": "2.99",
            "pricePerLitre": 6.0,
            "bestPricePerLitre": 6.0
        },
        "store": {
            "id": "89ba1656-0ad7-4af0-8694-08bf335e99b9",
            "name": "New World Wellington City"
        }
    },
    {
        "productData": {
            "name": "Monster Ultra Paradise Energy Drink 500ml",
            "productId": "5261257_ea_000",
            "productShopPage": "https://www.newworld.co.nz/shop/product/5261257_ea_000nw",
            "productImageURL": "https://a.fsimg.co.nz/product/retail/fan/image/master/5261257.png",
            "productDescription": "Product of Imported",
            "volume": "500mL",
            "multipack": {
                "quantity": "1"
            }
        },
        "priceData": {
            "bestPrice": "2.99",
            "price": "2.99",
            "pricePerLitre": 6.0,
            "bestPricePerLitre": 6.0
        },
        "store": {
            "id": "89ba1656-0ad7-4af0-8694-08bf335e99b9",
            "name": "New World Wellington City"
        }
    },
    {
        "productData": {
            "name": "V Energy Drink Green Cans 4pk",
            "productId": "5002893_ea_000",
            "productShopPage": "https://www.newworld.co.nz/shop/product/5002893_ea_000nw",
            "productImageURL": "https://a.fsimg.co.nz/product/retail/fan/image/master/5002893.png",
            "productDescription": "Limit 12 assorted.\n\n\nContains Caffeine.\n\nProduct of New Zealand",
            "volume": "250mL",
            "multipack": {
                "quantity": "4"
            }
        },
        "priceData": {
            "bestPrice": "5.99",
            "price": "5.99",
            "pricePerLitre": 5.99,
            "bestPricePerLitre": 5.99
        },
        "store": {
            "id": "89ba1656-0ad7-4af0-8694-08bf335e99b9",
            "name": "New World Wellington City"
        }
    },
    {
        "productData": {
            "name": "Monster Ultra Zero Drink 500ml",
            "productId": "5090618_ea_000",
            "productShopPage": "https://www.newworld.co.nz/shop/product/5090618_ea_000nw",
            "productImageURL": "https://a.fsimg.co.nz/product/retail/fan/image/master/5090618.png",
            "productDescription": "A little less sweet, lighter-tasting, zero calories, but with a full load of our Monster energy blend. Sure, white is the new black. Monster Energy Zero Ultra. Unleash the Ultra Beast!\n\nProduct of Imported",
            "volume": "500mL",
            "multipack": {
                "quantity": "1"
            }
        },
        "priceData": {
            "bestPrice": "2.99",
            "price": "2.99",
            "pricePerLitre": 6.0,
            "bestPricePerLitre": 6.0
        },
        "store": {
            "id": "89ba1656-0ad7-4af0-8694-08bf335e99b9",
            "name": "New World Wellington City"
        }
    },
    {
        "productData": {
            "name": "Monster Super Fuel Zero Sugar Energy Drink 550ml",
            "productId": "5284331_ea_000",
            "productShopPage": "https://www.newworld.co.nz/shop/product/5284331_ea_000nw",
            "productImageURL": "https://a.fsimg.co.nz/product/retail/fan/image/master/5284331.png",
            "productDescription": "Product of Imported",
            "volume": "550mL",
            "multipack": {
                "quantity": "1"
            }
        },
        "priceData": {
            "bestPrice": "3.49",
            "price": "3.49",
            "pricePerLitre": 6.345454545454546,
            "bestPricePerLitre": 6.345454545454546
        },
        "store": {
            "id": "89ba1656-0ad7-4af0-8694-08bf335e99b9",
            "name": "New World Wellington City"
        }
    },
    {
        "productData": {
            "name": "Mother Energy Drink Can 500ml",
            "productId": "5011153_ea_000",
            "productShopPage": "https://www.newworld.co.nz/shop/product/5011153_ea_000nw",
            "productImageURL": "https://a.fsimg.co.nz/product/retail/fan/image/master/5011153.png",
            "productDescription": "Contains Caffeine.\n\nProduct of New Zealand",
            "volume": "500mL",
            "multipack": {
                "quantity": "1"
            }
        },
        "priceData": {
            "bestPrice": "1.99",
            "price": "1.99",
            "pricePerLitre": 4.0,
            "bestPricePerLitre": 4.0
        },
        "store": {
            "id": "89ba1656-0ad7-4af0-8694-08bf335e99b9",
            "name": "New World Wellington City"
        }
    },
    {
        "productData": {
            "name": "Monster Super Fuel Purple Passion Energy Drink 550ml",
            "productId": "5284332_ea_000",
            "productShopPage": "https://www.newworld.co.nz/shop/product/5284332_ea_000nw",
            "productImageURL": "https://a.fsimg.co.nz/product/retail/fan/image/master/5284332.png",
            "productDescription": "Product of Imported",
            "volume": "550mL",
            "multipack": {
                "quantity": "1"
            }
        },
        "priceData": {
            "bestPrice": "3.49",
            "price": "3.49",
            "pricePerLitre": 6.345454545454546,
            "bestPricePerLitre": 6.345454545454546
        },
        "store": {
            "id": "89ba1656-0ad7-4af0-8694-08bf335e99b9",
            "name": "New World Wellington City"
        }
    },
    {
        "productData": {
            "name": "Mother Energy Drink Can 6pk",
            "productId": "5009490_ea_000",
            "productShopPage": "https://www.newworld.co.nz/shop/product/5009490_ea_000nw",
            "productImageURL": "https://a.fsimg.co.nz/product/retail/fan/image/master/5009490.png",
            "productDescription": "Contains Caffeine.\n\nProduct of New Zealand",
            "volume": "250mL",
            "multipack": {
                "quantity": "6"
            }
        },
        "priceData": {
            "bestPrice": "7.49",
            "price": "7.49",
            "pricePerLitre": 5.0,
            "bestPricePerLitre": 5.0
        },
        "store": {
            "id": "89ba1656-0ad7-4af0-8694-08bf335e99b9",
            "name": "New World Wellington City"
        }
    },
    {
        "productData": {
            "name": "Monster Pipeline Punch Energy Drink 500ml",
            "productId": "5242373_ea_000",
            "productShopPage": "https://www.newworld.co.nz/shop/product/5242373_ea_000nw",
            "productImageURL": "https://a.fsimg.co.nz/product/retail/fan/image/master/5242373.png",
            "productDescription": "Product of Imported",
            "volume": "500mL",
            "multipack": {
                "quantity": "1"
            }
        },
        "priceData": {
            "bestPrice": "2.99",
            "price": "2.99",
            "pricePerLitre": 6.0,
            "bestPricePerLitre": 6.0
        },
        "store": {
            "id": "89ba1656-0ad7-4af0-8694-08bf335e99b9",
            "name": "New World Wellington City"
        }
    },
    {
        "productData": {
            "name": "Monster Energy Drink 500ml",
            "productId": "5007647_ea_000",
            "productShopPage": "https://www.newworld.co.nz/shop/product/5007647_ea_000nw",
            "productImageURL": "https://a.fsimg.co.nz/product/retail/fan/image/master/5007647.png",
            "productDescription": "Contains Caffeine.\n\nProduct of Imported",
            "volume": "500mL",
            "multipack": {
                "quantity": "1"
            }
        },
        "priceData": {
            "bestPrice": "2.99",
            "price": "2.99",
            "pricePerLitre": 6.0,
            "bestPricePerLitre": 6.0
        },
        "store": {
            "id": "89ba1656-0ad7-4af0-8694-08bf335e99b9",
            "name": "New World Wellington City"
        }
    },
    {
        "productData": {
            "name": "V Sugarfree Guarana Energy Drink 500ml",
            "productId": "5007644_ea_000",
            "productShopPage": "https://www.newworld.co.nz/shop/product/5007644_ea_000nw",
            "productImageURL": "https://a.fsimg.co.nz/product/retail/fan/image/master/5007644.png",
            "productDescription": "Sugar Free.\n\nProduct of New Zealand",
            "volume": "500mL",
            "multipack": {
                "quantity": "1"
            }
        },
        "priceData": {
            "bestPrice": "3.49",
            "price": "3.49",
            "pricePerLitre": 7.0,
            "bestPricePerLitre": 7.0
        },
        "store": {
            "id": "89ba1656-0ad7-4af0-8694-08bf335e99b9",
            "name": "New World Wellington City"
        }
    },
    {
        "productData": {
            "name": "V Original Guarana Energy Drink 500ml",
            "productId": "5004703_ea_000",
            "productShopPage": "https://www.newworld.co.nz/shop/product/5004703_ea_000nw",
            "productImageURL": "https://a.fsimg.co.nz/product/retail/fan/image/master/5004703.png",
            "productDescription": "Contains Caffeine.\n\nProduct of New Zealand",
            "volume": "500mL",
            "multipack": {
                "quantity": "1"
            }
        },
        "priceData": {
            "bestPrice": "3.49",
            "price": "3.49",
            "pricePerLitre": 7.0,
            "bestPricePerLitre": 7.0
        },
        "store": {
            "id": "89ba1656-0ad7-4af0-8694-08bf335e99b9",
            "name": "New World Wellington City"
        }
    },
    {
        "productData": {
            "name": "V Green Guarana Energy Drink Cans 10pk",
            "productId": "5210061_ea_000",
            "productShopPage": "https://www.newworld.co.nz/shop/product/5210061_ea_000nw",
            "productImageURL": "https://a.fsimg.co.nz/product/retail/fan/image/master/5210061.png",
            "productDescription": "Product of New Zealand",
            "volume": "200mL",
            "multipack": {
                "quantity": "10"
            }
        },
        "priceData": {
            "bestPrice": "15.29",
            "price": "15.29",
            "pricePerLitre": 7.6,
            "bestPricePerLitre": 7.6
        },
        "store": {
            "id": "89ba1656-0ad7-4af0-8694-08bf335e99b9",
            "name": "New World Wellington City"
        }
    },
    {
        "productData": {
            "name": "V Original Guarana Energy Drink 500ml",
            "productId": "5007441_ea_000",
            "productShopPage": "https://www.newworld.co.nz/shop/product/5007441_ea_000nw",
            "productImageURL": "https://a.fsimg.co.nz/product/retail/fan/image/master/5007441.png",
            "productDescription": "Buy 2 for $5.00.\n\n\nContains Wheat Derivatives, Caffeine.\n\nProduct of New Zealand",
            "volume": "500mL",
            "multipack": {
                "quantity": "1"
            }
        },
        "priceData": {
            "bestPrice": 2.5,
            "price": 2.0,
            "pricePerLitre": 4.0,
            "bestPricePerLitre": 5.0,
            "multiBuy": {
                "quantity": 2.0,
                "value": 5.0,
                "perUnit": 2.5
            }
        },
        "store": {
            "id": "89ba1656-0ad7-4af0-8694-08bf335e99b9",
            "name": "New World Wellington City"
        }
    },
    {
        "productData": {
            "name": "V Blue Guarana Energy Drink 250ml",
            "productId": "5007495_ea_000",
            "productShopPage": "https://www.newworld.co.nz/shop/product/5007495_ea_000nw",
            "productImageURL": "https://a.fsimg.co.nz/product/retail/fan/image/master/5007495.png",
            "productDescription": "Contains Caffeine, Wheat Derivatives.\n\nProduct of New Zealand",
            "volume": "250mL",
            "multipack": {
                "quantity": "1"
            }
        },
        "priceData": {
            "bestPrice": "1.99",
            "price": "1.99",
            "pricePerLitre": 8.0,
            "bestPricePerLitre": 8.0
        },
        "store": {
            "id": "55231137-b7be-48f2-b8a0-6aaed59f4540",
            "name": "New World Waikanae"
        }
    },
    {
        "productData": {
            "name": "Live Plus Persist Energy Drink 250ml",
            "productId": "5236678_ea_000",
            "productShopPage": "https://www.newworld.co.nz/shop/product/5236678_ea_000nw",
            "productImageURL": "https://a.fsimg.co.nz/product/retail/fan/image/master/5236678.png",
            "productDescription": "Limit 12 assorted.\n\n\n\n\nProduct of New Zealand",
            "volume": "",
            "multipack": {
                "quantity": ""
            }
        },
        "priceData": {
            "bestPrice": "0.99",
            "price": "0.99"
        },
        "store": {
            "id": "55231137-b7be-48f2-b8a0-6aaed59f4540",
            "name": "New World Waikanae"
        }
    },
    {
        "productData": {
            "name": "V Original Guarana Energy Drink 350ml",
            "productId": "5003156_ea_000",
            "productShopPage": "https://www.newworld.co.nz/shop/product/5003156_ea_000nw",
            "productImageURL": "https://a.fsimg.co.nz/product/retail/fan/image/master/5003156.png",
            "productDescription": "Buy 2 for $5.00.\n\n\nContains Caffeine.\n\nProduct of New Zealand",
            "volume": "350mL",
            "multipack": {
                "quantity": "1"
            }
        },
        "priceData": {
            "bestPrice": 2.5,
            "price": 2.0,
            "pricePerLitre": 5.714285714285714,
            "bestPricePerLitre": 7.142857142857143,
            "multiBuy": {
                "quantity": 2.0,
                "value": 5.0,
                "perUnit": 2.5
            }
        },
        "store": {
            "id": "55231137-b7be-48f2-b8a0-6aaed59f4540",
            "name": "New World Waikanae"
        }
    },
    {
        "productData": {
            "name": "V Blue Guarana Energy Drink 350ml",
            "productId": "5007492_ea_000",
            "productShopPage": "https://www.newworld.co.nz/shop/product/5007492_ea_000nw",
            "productImageURL": "https://a.fsimg.co.nz/product/retail/fan/image/master/5007492.png",
            "productDescription": "Buy 2 for $5.00.\n\n\nContains Caffeine, Wheat Derivatives.\n\nProduct of New Zealand",
            "volume": "350mL",
            "multipack": {
                "quantity": "1"
            }
        },
        "priceData": {
            "bestPrice": 2.5,
            "price": 2.0,
            "pricePerLitre": 5.714285714285714,
            "bestPricePerLitre": 7.142857142857143,
            "multiBuy": {
                "quantity": 2.0,
                "value": 5.0,
                "perUnit": 2.5
            }
        },
        "store": {
            "id": "55231137-b7be-48f2-b8a0-6aaed59f4540",
            "name": "New World Waikanae"
        }
    },
    {
        "productData": {
            "name": "V Blue Energy Drink 500ml",
            "productId": "5020662_ea_000",
            "productShopPage": "https://www.newworld.co.nz/shop/product/5020662_ea_000nw",
            "productImageURL": "https://a.fsimg.co.nz/product/retail/fan/image/master/5020662.png",
            "productDescription": "Buy 2 for $5.00.\n\n\n\n\nProduct of New Zealand",
            "volume": "500mL",
            "multipack": {
                "quantity": "1"
            }
        },
        "priceData": {
            "bestPrice": 2.5,
            "price": 2.0,
            "pricePerLitre": 4.0,
            "bestPricePerLitre": 5.0,
            "multiBuy": {
                "quantity": 2.0,
                "value": 5.0,
                "perUnit": 2.5
            }
        },
        "store": {
            "id": "55231137-b7be-48f2-b8a0-6aaed59f4540",
            "name": "New World Waikanae"
        }
    },
    {
        "productData": {
            "name": "V Blue Guarana Energy Drink 500ml",
            "productId": "5007494_ea_000",
            "productShopPage": "https://www.newworld.co.nz/shop/product/5007494_ea_000nw",
            "productImageURL": "https://a.fsimg.co.nz/product/retail/fan/image/master/5007494.png",
            "productDescription": "Contains Wheat Derivatives, Caffeine.\n\nProduct of New Zealand",
            "volume": "500mL",
            "multipack": {
                "quantity": "1"
            }
        },
        "priceData": {
            "bestPrice": "3.49",
            "price": "3.49",
            "pricePerLitre": 7.0,
            "bestPricePerLitre": 7.0
        },
        "store": {
            "id": "55231137-b7be-48f2-b8a0-6aaed59f4540",
            "name": "New World Waikanae"
        }
    },
    {
        "productData": {
            "name": "Red Bull Energy Drink 473ml",
            "productId": "5005255_ea_000",
            "productShopPage": "https://www.newworld.co.nz/shop/product/5005255_ea_000nw",
            "productImageURL": "https://a.fsimg.co.nz/product/retail/fan/image/master/5005255.png",
            "productDescription": "Red Bull Energy Drink's special formula contains ingredients of high quality: Caffeine, Taurine, B-Group Vitamins, Sugars, Alpine Water.One 250ml can of Red Bull Energy Drinks contains 80 mg of caffeine, about the same amount as in a cup of home-brewed coffee.The amount of sugars in a can of Red Bull Energy Drink is comparable to the level of sugars in an equivalent amount of apple or orange juice – 11 g per 100ml.Red Bull cans are made of 100% recyclable aluminium.Red Bull Energy Drink 473ml canVitalizes Body and Mind.®RED BULL GIVES YOU WINGSInspired by functional drinks from the Far East, Dietrich Mateschitz founded Red Bull in the mid-1980s. He developed a new product and a unique marketing concept and launched Red Bull Energy Drink on April 1, 1987 in Austria. A brand new product category - Energy Drinks - was born.\n\nProduct of Imported",
            "volume": "473mL",
            "multipack": {
                "quantity": "1"
            }
        },
        "priceData": {
            "bestPrice": "3.59",
            "price": "3.59",
            "pricePerLitre": 7.6,
            "bestPricePerLitre": 7.6
        },
        "store": {
            "id": "55231137-b7be-48f2-b8a0-6aaed59f4540",
            "name": "New World Waikanae"
        }
    },
    {
        "productData": {
            "name": "V Original Guarana Energy Drink 250ml",
            "productId": "5003151_ea_000",
            "productShopPage": "https://www.newworld.co.nz/shop/product/5003151_ea_000nw",
            "productImageURL": "https://a.fsimg.co.nz/product/retail/fan/image/master/5003151.png",
            "productDescription": "Contains Caffeine.\n\nProduct of New Zealand",
            "volume": "250mL",
            "multipack": {
                "quantity": "1"
            }
        },
        "priceData": {
            "bestPrice": "1.99",
            "price": "1.99",
            "pricePerLitre": 8.0,
            "bestPricePerLitre": 8.0
        },
        "store": {
            "id": "55231137-b7be-48f2-b8a0-6aaed59f4540",
            "name": "New World Waikanae"
        }
    },
    {
        "productData": {
            "name": "Red Bull Energy Drink 250ml Cans 4pk",
            "productId": "5001443_ea_000",
            "productShopPage": "https://www.newworld.co.nz/shop/product/5001443_ea_000nw",
            "productImageURL": "https://a.fsimg.co.nz/product/retail/fan/image/master/5001443.png",
            "productDescription": "Red Bull Energy Drink's special formula contains ingredients of high quality: Caffeine, Taurine, B-Group Vitamins, Sugars, Alpine Water.One 250ml can of Red Bull Energy Drinks contains 80 mg of caffeine, about the same amount as in a cup of home-brewed coffee.The amount of sugars in a can of Red Bull Energy Drink is comparable to the level of sugars in an equivalent amount of apple or orange juice – 11 g per 100ml.Red Bull cans are made of 100% recyclable aluminium.Pack of four 250ml Red Bull Energy Drink cansVitalizes Body and Mind.®RED BULL GIVES YOU WINGSInspired by functional drinks from the Far East, Dietrich Mateschitz founded Red Bull in the mid-1980s. He developed a new product and a unique marketing concept and launched Red Bull Energy Drink on April 1, 1987 in Austria. A brand new product category - Energy Drinks - was born.",
            "volume": "250mL",
            "multipack": {
                "quantity": "4"
            }
        },
        "priceData": {
            "bestPrice": "8.29",
            "price": "8.29",
            "pricePerLitre": 8.299999999999999,
            "bestPricePerLitre": 8.299999999999999
        },
        "store": {
            "id": "55231137-b7be-48f2-b8a0-6aaed59f4540",
            "name": "New World Waikanae"
        }
    },
    {
        "productData": {
            "name": "Lucozade Orange Energy Drink 380ml",
            "productId": "5009239_ea_000",
            "productShopPage": "https://www.newworld.co.nz/shop/product/5009239_ea_000nw",
            "productImageURL": "https://a.fsimg.co.nz/product/retail/fan/image/master/5009239.png",
            "productDescription": "Powered by Glucose.\n\nProduct of New Zealand",
            "volume": "380mL",
            "multipack": {
                "quantity": "1"
            }
        },
        "priceData": {
            "bestPrice": "2.69",
            "price": "2.69",
            "pricePerLitre": 7.08,
            "bestPricePerLitre": 7.08
        },
        "store": {
            "id": "55231137-b7be-48f2-b8a0-6aaed59f4540",
            "name": "New World Waikanae"
        }
    },
    {
        "productData": {
            "name": "Lucozade Original Energy Drink 380ml",
            "productId": "5009240_ea_000",
            "productShopPage": "https://www.newworld.co.nz/shop/product/5009240_ea_000nw",
            "productImageURL": "https://a.fsimg.co.nz/product/retail/fan/image/master/5009240.png",
            "productDescription": "Energy from Glucose.\n\nProduct of New Zealand",
            "volume": "380mL",
            "multipack": {
                "quantity": "1"
            }
        },
        "priceData": {
            "bestPrice": "2.69",
            "price": "2.69",
            "pricePerLitre": 7.08,
            "bestPricePerLitre": 7.08
        },
        "store": {
            "id": "55231137-b7be-48f2-b8a0-6aaed59f4540",
            "name": "New World Waikanae"
        }
    },
    {
        "productData": {
            "name": "Rockstar Watermelon Freeze Energy Drink 500ml",
            "productId": "5257298_ea_000",
            "productShopPage": "https://www.newworld.co.nz/shop/product/5257298_ea_000nw",
            "productImageURL": "https://a.fsimg.co.nz/product/retail/fan/image/master/5257298.png",
            "productDescription": "Buy 3 for $5.00.\n\n\n\n\nProduct of New Zealand",
            "volume": "500mL",
            "multipack": {
                "quantity": "1"
            }
        },
        "priceData": {
            "bestPrice": 1.6666666666666667,
            "price": 1.0,
            "pricePerLitre": 2.0,
            "bestPricePerLitre": 3.3333333333333335,
            "multiBuy": {
                "quantity": 3.0,
                "value": 5.0,
                "perUnit": 1.6666666666666667
            }
        },
        "store": {
            "id": "55231137-b7be-48f2-b8a0-6aaed59f4540",
            "name": "New World Waikanae"
        }
    },
    {
        "productData": {
            "name": "Mother Energy Drink Can 500ml",
            "productId": "5011153_ea_000",
            "productShopPage": "https://www.newworld.co.nz/shop/product/5011153_ea_000nw",
            "productImageURL": "https://a.fsimg.co.nz/product/retail/fan/image/master/5011153.png",
            "productDescription": "Contains Caffeine.\n\nProduct of New Zealand",
            "volume": "500mL",
            "multipack": {
                "quantity": "1"
            }
        },
        "priceData": {
            "bestPrice": "1.99",
            "price": "1.99",
            "pricePerLitre": 4.0,
            "bestPricePerLitre": 4.0
        },
        "store": {
            "id": "55231137-b7be-48f2-b8a0-6aaed59f4540",
            "name": "New World Waikanae"
        }
    },
    {
        "productData": {
            "name": "Monster Ultra Zero Drink 4pk",
            "productId": "5213974_ea_000",
            "productShopPage": "https://www.newworld.co.nz/shop/product/5213974_ea_000nw",
            "productImageURL": "https://a.fsimg.co.nz/product/retail/fan/image/master/5213974.png",
            "productDescription": "Product of Imported",
            "volume": "500mL",
            "multipack": {
                "quantity": "4"
            }
        },
        "priceData": {
            "bestPrice": "11.99",
            "price": "11.99",
            "pricePerLitre": 6.0,
            "bestPricePerLitre": 6.0
        },
        "store": {
            "id": "55231137-b7be-48f2-b8a0-6aaed59f4540",
            "name": "New World Waikanae"
        }
    },
    {
        "productData": {
            "name": "Monster Energy Drink 4pk",
            "productId": "5107264_ea_000",
            "productShopPage": "https://www.newworld.co.nz/shop/product/5107264_ea_000nw",
            "productImageURL": "https://a.fsimg.co.nz/product/retail/fan/image/master/5107264.png",
            "productDescription": "Product of Imported",
            "volume": "",
            "multipack": {
                "quantity": ""
            }
        },
        "priceData": {
            "bestPrice": "11.99",
            "price": "11.99",
            "pricePerLitre": 6.0,
            "bestPricePerLitre": 6.0
        },
        "store": {
            "id": "55231137-b7be-48f2-b8a0-6aaed59f4540",
            "name": "New World Waikanae"
        }
    },
    {
        "productData": {
            "name": "V Sugarfree Guarana Energy Drink 500ml",
            "productId": "5007644_ea_000",
            "productShopPage": "https://www.newworld.co.nz/shop/product/5007644_ea_000nw",
            "productImageURL": "https://a.fsimg.co.nz/product/retail/fan/image/master/5007644.png",
            "productDescription": "Sugar Free.\n\nProduct of New Zealand",
            "volume": "500mL",
            "multipack": {
                "quantity": "1"
            }
        },
        "priceData": {
            "bestPrice": "3.49",
            "price": "3.49",
            "pricePerLitre": 7.0,
            "bestPricePerLitre": 7.0
        },
        "store": {
            "id": "55231137-b7be-48f2-b8a0-6aaed59f4540",
            "name": "New World Waikanae"
        }
    },
    {
        "productData": {
            "name": "V Original Guarana Energy Drink 500ml",
            "productId": "5004703_ea_000",
            "productShopPage": "https://www.newworld.co.nz/shop/product/5004703_ea_000nw",
            "productImageURL": "https://a.fsimg.co.nz/product/retail/fan/image/master/5004703.png",
            "productDescription": "Contains Caffeine.\n\nProduct of New Zealand",
            "volume": "500mL",
            "multipack": {
                "quantity": "1"
            }
        },
        "priceData": {
            "bestPrice": "3.49",
            "price": "3.49",
            "pricePerLitre": 7.0,
            "bestPricePerLitre": 7.0
        },
        "store": {
            "id": "55231137-b7be-48f2-b8a0-6aaed59f4540",
            "name": "New World Waikanae"
        }
    },
    {
        "productData": {
            "name": "V Original Guarana Energy Drink 500ml",
            "productId": "5007441_ea_000",
            "productShopPage": "https://www.newworld.co.nz/shop/product/5007441_ea_000nw",
            "productImageURL": "https://a.fsimg.co.nz/product/retail/fan/image/master/5007441.png",
            "productDescription": "Buy 2 for $5.00.\n\n\nContains Wheat Derivatives, Caffeine.\n\nProduct of New Zealand",
            "volume": "500mL",
            "multipack": {
                "quantity": "1"
            }
        },
        "priceData": {
            "bestPrice": 2.5,
            "price": 2.0,
            "pricePerLitre": 4.0,
            "bestPricePerLitre": 5.0,
            "multiBuy": {
                "quantity": 2.0,
                "value": 5.0,
                "perUnit": 2.5
            }
        },
        "store": {
            "id": "55231137-b7be-48f2-b8a0-6aaed59f4540",
            "name": "New World Waikanae"
        }
    },
    {
        "productData": {
            "name": "V Blue Guarana Energy Drink 250ml",
            "productId": "5007495_ea_000",
            "productShopPage": "https://www.newworld.co.nz/shop/product/5007495_ea_000nw",
            "productImageURL": "https://a.fsimg.co.nz/product/retail/fan/image/master/5007495.png",
            "productDescription": "Contains Caffeine, Wheat Derivatives.\n\nProduct of New Zealand",
            "volume": "250mL",
            "multipack": {
                "quantity": "1"
            }
        },
        "priceData": {
            "bestPrice": "1.99",
            "price": "1.99",
            "pricePerLitre": 7.96,
            "bestPricePerLitre": 7.96
        },
        "store": {
            "id": "5080816d-825d-4a6e-9835-a93d986b1ee0",
            "name": "New World Rangiora"
        }
    },
    {
        "productData": {
            "name": "V Sugarfree Guarana Energy Drink 250ml",
            "productId": "5001639_ea_000",
            "productShopPage": "https://www.newworld.co.nz/shop/product/5001639_ea_000nw",
            "productImageURL": "https://a.fsimg.co.nz/product/retail/fan/image/master/5001639.png",
            "productDescription": "Sugar Free. Contains Caffeine.\n\nProduct of New Zealand",
            "volume": "250mL",
            "multipack": {
                "quantity": "1"
            }
        },
        "priceData": {
            "bestPrice": "1.99",
            "price": "1.99",
            "pricePerLitre": 7.96,
            "bestPricePerLitre": 7.96
        },
        "store": {
            "id": "5080816d-825d-4a6e-9835-a93d986b1ee0",
            "name": "New World Rangiora"
        }
    },
    {
        "productData": {
            "name": "Live Plus Persist Energy Drink 250ml",
            "productId": "5236678_ea_000",
            "productShopPage": "https://www.newworld.co.nz/shop/product/5236678_ea_000nw",
            "productImageURL": "https://a.fsimg.co.nz/product/retail/fan/image/master/5236678.png",
            "productDescription": "Product of New Zealand",
            "volume": "",
            "multipack": {
                "quantity": ""
            }
        },
        "priceData": {
            "bestPrice": "2.39",
            "price": "2.39",
            "pricePerLitre": 9.56,
            "bestPricePerLitre": 9.56
        },
        "store": {
            "id": "5080816d-825d-4a6e-9835-a93d986b1ee0",
            "name": "New World Rangiora"
        }
    },
    {
        "productData": {
            "name": "V Sugarfree Blue Guarana Energy Drink 500ml",
            "productId": "5283362_ea_000",
            "productShopPage": "https://www.newworld.co.nz/shop/product/5283362_ea_000nw",
            "productImageURL": "https://a.fsimg.co.nz/product/retail/fan/image/master/5283362.png",
            "productDescription": "Sugar free\n\nProduct of New Zealand",
            "volume": "500mL",
            "multipack": {
                "quantity": "1"
            }
        },
        "priceData": {
            "bestPrice": "2.99",
            "price": "2.99",
            "pricePerLitre": 5.98,
            "bestPricePerLitre": 5.98
        },
        "store": {
            "id": "5080816d-825d-4a6e-9835-a93d986b1ee0",
            "name": "New World Rangiora"
        }
    },
    {
        "productData": {
            "name": "V Original Guarana Energy Drink 350ml",
            "productId": "5003156_ea_000",
            "productShopPage": "https://www.newworld.co.nz/shop/product/5003156_ea_000nw",
            "productImageURL": "https://a.fsimg.co.nz/product/retail/fan/image/master/5003156.png",
            "productDescription": "Contains Caffeine.\n\nProduct of New Zealand",
            "volume": "350mL",
            "multipack": {
                "quantity": "1"
            }
        },
        "priceData": {
            "bestPrice": "3.19",
            "price": "3.19",
            "pricePerLitre": 9.114285714285714,
            "bestPricePerLitre": 9.114285714285714
        },
        "store": {
            "id": "5080816d-825d-4a6e-9835-a93d986b1ee0",
            "name": "New World Rangiora"
        }
    },
    {
        "productData": {
            "name": "V Blue Guarana Energy Drink 350ml",
            "productId": "5007492_ea_000",
            "productShopPage": "https://www.newworld.co.nz/shop/product/5007492_ea_000nw",
            "productImageURL": "https://a.fsimg.co.nz/product/retail/fan/image/master/5007492.png",
            "productDescription": "Contains Caffeine, Wheat Derivatives.\n\nProduct of New Zealand",
            "volume": "350mL",
            "multipack": {
                "quantity": "1"
            }
        },
        "priceData": {
            "bestPrice": "3.19",
            "price": "3.19",
            "pricePerLitre": 9.114285714285714,
            "bestPricePerLitre": 9.114285714285714
        },
        "store": {
            "id": "5080816d-825d-4a6e-9835-a93d986b1ee0",
            "name": "New World Rangiora"
        }
    },
    {
        "productData": {
            "name": "V Blue Energy Drink 500ml",
            "productId": "5020662_ea_000",
            "productShopPage": "https://www.newworld.co.nz/shop/product/5020662_ea_000nw",
            "productImageURL": "https://a.fsimg.co.nz/product/retail/fan/image/master/5020662.png",
            "productDescription": "Product of New Zealand",
            "volume": "500mL",
            "multipack": {
                "quantity": "1"
            }
        },
        "priceData": {
            "bestPrice": "2.49",
            "price": "2.49",
            "pricePerLitre": 4.98,
            "bestPricePerLitre": 4.98
        },
        "store": {
            "id": "5080816d-825d-4a6e-9835-a93d986b1ee0",
            "name": "New World Rangiora"
        }
    },
    {
        "productData": {
            "name": "V Blue Guarana Energy Drink 500ml",
            "productId": "5007494_ea_000",
            "productShopPage": "https://www.newworld.co.nz/shop/product/5007494_ea_000nw",
            "productImageURL": "https://a.fsimg.co.nz/product/retail/fan/image/master/5007494.png",
            "productDescription": "Contains Wheat Derivatives, Caffeine.\n\nProduct of New Zealand",
            "volume": "500mL",
            "multipack": {
                "quantity": "1"
            }
        },
        "priceData": {
            "bestPrice": "2.99",
            "price": "2.99",
            "pricePerLitre": 5.98,
            "bestPricePerLitre": 5.98
        },
        "store": {
            "id": "5080816d-825d-4a6e-9835-a93d986b1ee0",
            "name": "New World Rangiora"
        }
    },
    {
        "productData": {
            "name": "Red Bull Energy Drink 473ml",
            "productId": "5005255_ea_000",
            "productShopPage": "https://www.newworld.co.nz/shop/product/5005255_ea_000nw",
            "productImageURL": "https://a.fsimg.co.nz/product/retail/fan/image/master/5005255.png",
            "productDescription": "Red Bull Energy Drink's special formula contains ingredients of high quality: Caffeine, Taurine, B-Group Vitamins, Sugars, Alpine Water.One 250ml can of Red Bull Energy Drinks contains 80 mg of caffeine, about the same amount as in a cup of home-brewed coffee.The amount of sugars in a can of Red Bull Energy Drink is comparable to the level of sugars in an equivalent amount of apple or orange juice – 11 g per 100ml.Red Bull cans are made of 100% recyclable aluminium.Red Bull Energy Drink 473ml canVitalizes Body and Mind.®RED BULL GIVES YOU WINGSInspired by functional drinks from the Far East, Dietrich Mateschitz founded Red Bull in the mid-1980s. He developed a new product and a unique marketing concept and launched Red Bull Energy Drink on April 1, 1987 in Austria. A brand new product category - Energy Drinks - was born.\n\nProduct of Imported",
            "volume": "473mL",
            "multipack": {
                "quantity": "1"
            }
        },
        "priceData": {
            "bestPrice": "3.59",
            "price": "3.59",
            "pricePerLitre": 7.59,
            "bestPricePerLitre": 7.59
        },
        "store": {
            "id": "5080816d-825d-4a6e-9835-a93d986b1ee0",
            "name": "New World Rangiora"
        }
    },
    {
        "productData": {
            "name": "V Original Guarana Energy Drink 250ml",
            "productId": "5003151_ea_000",
            "productShopPage": "https://www.newworld.co.nz/shop/product/5003151_ea_000nw",
            "productImageURL": "https://a.fsimg.co.nz/product/retail/fan/image/master/5003151.png",
            "productDescription": "Contains Caffeine.\n\nProduct of New Zealand",
            "volume": "250mL",
            "multipack": {
                "quantity": "1"
            }
        },
        "priceData": {
            "bestPrice": "1.99",
            "price": "1.99",
            "pricePerLitre": 7.96,
            "bestPricePerLitre": 7.96
        },
        "store": {
            "id": "5080816d-825d-4a6e-9835-a93d986b1ee0",
            "name": "New World Rangiora"
        }
    },
    {
        "productData": {
            "name": "Red Bull Energy Drink 250ml Cans 4pk",
            "productId": "5001443_ea_000",
            "productShopPage": "https://www.newworld.co.nz/shop/product/5001443_ea_000nw",
            "productImageURL": "https://a.fsimg.co.nz/product/retail/fan/image/master/5001443.png",
            "productDescription": "Red Bull Energy Drink's special formula contains ingredients of high quality: Caffeine, Taurine, B-Group Vitamins, Sugars, Alpine Water.One 250ml can of Red Bull Energy Drinks contains 80 mg of caffeine, about the same amount as in a cup of home-brewed coffee.The amount of sugars in a can of Red Bull Energy Drink is comparable to the level of sugars in an equivalent amount of apple or orange juice – 11 g per 100ml.Red Bull cans are made of 100% recyclable aluminium.Pack of four 250ml Red Bull Energy Drink cansVitalizes Body and Mind.®RED BULL GIVES YOU WINGSInspired by functional drinks from the Far East, Dietrich Mateschitz founded Red Bull in the mid-1980s. He developed a new product and a unique marketing concept and launched Red Bull Energy Drink on April 1, 1987 in Austria. A brand new product category - Energy Drinks - was born.",
            "volume": "250mL",
            "multipack": {
                "quantity": "4"
            }
        },
        "priceData": {
            "bestPrice": "7.49",
            "price": "7.49",
            "pricePerLitre": 7.49,
            "bestPricePerLitre": 7.49
        },
        "store": {
            "id": "5080816d-825d-4a6e-9835-a93d986b1ee0",
            "name": "New World Rangiora"
        }
    },
    {
        "productData": {
            "name": "V Green Guarana Energy Drink 710ml",
            "productId": "5030250_ea_000",
            "productShopPage": "https://www.newworld.co.nz/shop/product/5030250_ea_000nw",
            "productImageURL": "https://a.fsimg.co.nz/product/retail/fan/image/master/5030250.png",
            "productDescription": "Contains Wheat Derivatives\n\nProduct of Imported",
            "volume": "250mL",
            "multipack": {
                "quantity": "3"
            }
        },
        "priceData": {
            "bestPrice": "3.79",
            "price": "3.79",
            "pricePerLitre": 5.053333333333333,
            "bestPricePerLitre": 5.053333333333333
        },
        "store": {
            "id": "5080816d-825d-4a6e-9835-a93d986b1ee0",
            "name": "New World Rangiora"
        }
    },
    {
        "productData": {
            "name": "Lucozade Orange Energy Drink 380ml",
            "productId": "5009239_ea_000",
            "productShopPage": "https://www.newworld.co.nz/shop/product/5009239_ea_000nw",
            "productImageURL": "https://a.fsimg.co.nz/product/retail/fan/image/master/5009239.png",
            "productDescription": "Powered by Glucose.\n\nProduct of New Zealand",
            "volume": "380mL",
            "multipack": {
                "quantity": "1"
            }
        },
        "priceData": {
            "bestPrice": "3.29",
            "price": "3.29",
            "pricePerLitre": 8.66,
            "bestPricePerLitre": 8.66
        },
        "store": {
            "id": "5080816d-825d-4a6e-9835-a93d986b1ee0",
            "name": "New World Rangiora"
        }
    },
    {
        "productData": {
            "name": "V Pure Natural Energy Drink Glass Bottle 330ml",
            "productId": "5237753_ea_000",
            "productShopPage": "https://www.newworld.co.nz/shop/product/5237753_ea_000nw",
            "productImageURL": "https://a.fsimg.co.nz/product/retail/fan/image/master/5237753.png",
            "productDescription": "Nothing artificial\n\nProduct of New Zealand",
            "volume": "330mL",
            "multipack": {
                "quantity": "1"
            }
        },
        "priceData": {
            "bestPrice": "3.19",
            "price": "3.19",
            "pricePerLitre": 9.666666666666666,
            "bestPricePerLitre": 9.666666666666666
        },
        "store": {
            "id": "5080816d-825d-4a6e-9835-a93d986b1ee0",
            "name": "New World Rangiora"
        }
    },
    {
        "productData": {
            "name": "Lucozade Original Energy Drink 380ml",
            "productId": "5009240_ea_000",
            "productShopPage": "https://www.newworld.co.nz/shop/product/5009240_ea_000nw",
            "productImageURL": "https://a.fsimg.co.nz/product/retail/fan/image/master/5009240.png",
            "productDescription": "Energy from Glucose.\n\nProduct of New Zealand",
            "volume": "380mL",
            "multipack": {
                "quantity": "1"
            }
        },
        "priceData": {
            "bestPrice": "3.29",
            "price": "3.29",
            "pricePerLitre": 8.66,
            "bestPricePerLitre": 8.66
        },
        "store": {
            "id": "5080816d-825d-4a6e-9835-a93d986b1ee0",
            "name": "New World Rangiora"
        }
    },
    {
        "productData": {
            "name": "Rockstar Watermelon Freeze Energy Drink 500ml",
            "productId": "5257298_ea_000",
            "productShopPage": "https://www.newworld.co.nz/shop/product/5257298_ea_000nw",
            "productImageURL": "https://a.fsimg.co.nz/product/retail/fan/image/master/5257298.png",
            "productDescription": "Product of New Zealand",
            "volume": "500mL",
            "multipack": {
                "quantity": "1"
            }
        },
        "priceData": {
            "bestPrice": "1.69",
            "price": "1.69",
            "pricePerLitre": 3.38,
            "bestPricePerLitre": 3.38
        },
        "store": {
            "id": "5080816d-825d-4a6e-9835-a93d986b1ee0",
            "name": "New World Rangiora"
        }
    },
    {
        "productData": {
            "name": "Rockstar Original Energy Drink 500ml",
            "productId": "5215383_ea_000",
            "productShopPage": "https://www.newworld.co.nz/shop/product/5215383_ea_000nw",
            "productImageURL": "https://a.fsimg.co.nz/product/retail/fan/image/master/5215383.png",
            "productDescription": "Caffeine; B vitamins; Vitamin C; Taurine; Ginseng\n\nProduct of New Zealand",
            "volume": "500mL",
            "multipack": {
                "quantity": "1"
            }
        },
        "priceData": {
            "bestPrice": "1.69",
            "price": "1.69",
            "pricePerLitre": 3.38,
            "bestPricePerLitre": 3.38
        },
        "store": {
            "id": "5080816d-825d-4a6e-9835-a93d986b1ee0",
            "name": "New World Rangiora"
        }
    },
    {
        "productData": {
            "name": "V Berry Twist Sugar Free Can 500ml",
            "productId": "5254654_ea_000",
            "productShopPage": "https://www.newworld.co.nz/shop/product/5254654_ea_000nw",
            "productImageURL": "https://a.fsimg.co.nz/product/retail/fan/image/master/5254654.png",
            "productDescription": "Sugarfree\n\nProduct of New Zealand",
            "volume": "500mL",
            "multipack": {
                "quantity": "1"
            }
        },
        "priceData": {
            "bestPrice": "2.99",
            "price": "2.99",
            "pricePerLitre": 5.98,
            "bestPricePerLitre": 5.98
        },
        "store": {
            "id": "5080816d-825d-4a6e-9835-a93d986b1ee0",
            "name": "New World Rangiora"
        }
    },
    {
        "productData": {
            "name": "V Raspberry Lemonade Can 500ml",
            "productId": "5264523_ea_000",
            "productShopPage": "https://www.newworld.co.nz/shop/product/5264523_ea_000nw",
            "productImageURL": "https://a.fsimg.co.nz/product/retail/fan/image/master/5264523.png",
            "productDescription": "Product of New Zealand",
            "volume": "500mL",
            "multipack": {
                "quantity": "1"
            }
        },
        "priceData": {
            "bestPrice": "2.99",
            "price": "2.99",
            "pricePerLitre": 5.98,
            "bestPricePerLitre": 5.98
        },
        "store": {
            "id": "5080816d-825d-4a6e-9835-a93d986b1ee0",
            "name": "New World Rangiora"
        }
    },
    {
        "productData": {
            "name": "Monster Mango Loco Energy Drink 500ml",
            "productId": "5242374_ea_000",
            "productShopPage": "https://www.newworld.co.nz/shop/product/5242374_ea_000nw",
            "productImageURL": "https://a.fsimg.co.nz/product/retail/fan/image/master/5242374.png",
            "productDescription": "Product of Imported",
            "volume": "500mL",
            "multipack": {
                "quantity": "1"
            }
        },
        "priceData": {
            "bestPrice": "2.49",
            "price": "2.49",
            "pricePerLitre": 4.98,
            "bestPricePerLitre": 4.98
        },
        "store": {
            "id": "5080816d-825d-4a6e-9835-a93d986b1ee0",
            "name": "New World Rangiora"
        }
    },
    {
        "productData": {
            "name": "Monster Zero Sugar Ultra Rosa Energy Drink 500ml",
            "productId": "5278094_ea_000",
            "productShopPage": "https://www.newworld.co.nz/shop/product/5278094_ea_000nw",
            "productImageURL": "https://a.fsimg.co.nz/product/retail/fan/image/master/5278094.png",
            "productDescription": "Product of Imported",
            "volume": "500mL",
            "multipack": {
                "quantity": "1"
            }
        },
        "priceData": {
            "bestPrice": "2.49",
            "price": "2.49",
            "pricePerLitre": 4.98,
            "bestPricePerLitre": 4.98
        },
        "store": {
            "id": "5080816d-825d-4a6e-9835-a93d986b1ee0",
            "name": "New World Rangiora"
        }
    },
    {
        "productData": {
            "name": "Monster Mule Energy Drink 500ml",
            "productId": "5269459_ea_000",
            "productShopPage": "https://www.newworld.co.nz/shop/product/5269459_ea_000nw",
            "productImageURL": "https://a.fsimg.co.nz/product/retail/fan/image/master/5269459.png",
            "productDescription": "Product of Imported",
            "volume": "500mL",
            "multipack": {
                "quantity": "1"
            }
        },
        "priceData": {
            "bestPrice": "2.49",
            "price": "2.49",
            "pricePerLitre": 4.98,
            "bestPricePerLitre": 4.98
        },
        "store": {
            "id": "5080816d-825d-4a6e-9835-a93d986b1ee0",
            "name": "New World Rangiora"
        }
    },
    {
        "productData": {
            "name": "Monster Ultra Paradise Energy Drink 500ml",
            "productId": "5261257_ea_000",
            "productShopPage": "https://www.newworld.co.nz/shop/product/5261257_ea_000nw",
            "productImageURL": "https://a.fsimg.co.nz/product/retail/fan/image/master/5261257.png",
            "productDescription": "Product of Imported",
            "volume": "500mL",
            "multipack": {
                "quantity": "1"
            }
        },
        "priceData": {
            "bestPrice": "2.49",
            "price": "2.49",
            "pricePerLitre": 4.98,
            "bestPricePerLitre": 4.98
        },
        "store": {
            "id": "5080816d-825d-4a6e-9835-a93d986b1ee0",
            "name": "New World Rangiora"
        }
    },
    {
        "productData": {
            "name": "Monster Ultra Zero Drink 500ml",
            "productId": "5090618_ea_000",
            "productShopPage": "https://www.newworld.co.nz/shop/product/5090618_ea_000nw",
            "productImageURL": "https://a.fsimg.co.nz/product/retail/fan/image/master/5090618.png",
            "productDescription": "A little less sweet, lighter-tasting, zero calories, but with a full load of our Monster energy blend. Sure, white is the new black. Monster Energy Zero Ultra. Unleash the Ultra Beast!\n\nProduct of Imported",
            "volume": "500mL",
            "multipack": {
                "quantity": "1"
            }
        },
        "priceData": {
            "bestPrice": "2.49",
            "price": "2.49",
            "pricePerLitre": 4.98,
            "bestPricePerLitre": 4.98
        },
        "store": {
            "id": "5080816d-825d-4a6e-9835-a93d986b1ee0",
            "name": "New World Rangiora"
        }
    },
    {
        "productData": {
            "name": "Monster Super Fuel Zero Sugar Energy Drink 550ml",
            "productId": "5284331_ea_000",
            "productShopPage": "https://www.newworld.co.nz/shop/product/5284331_ea_000nw",
            "productImageURL": "https://a.fsimg.co.nz/product/retail/fan/image/master/5284331.png",
            "productDescription": "Product of Imported",
            "volume": "550mL",
            "multipack": {
                "quantity": "1"
            }
        },
        "priceData": {
            "bestPrice": "3.99",
            "price": "3.99",
            "pricePerLitre": 7.25,
            "bestPricePerLitre": 7.25
        },
        "store": {
            "id": "5080816d-825d-4a6e-9835-a93d986b1ee0",
            "name": "New World Rangiora"
        }
    },
    {
        "productData": {
            "name": "Mother Energy Drink Can 500ml",
            "productId": "5011153_ea_000",
            "productShopPage": "https://www.newworld.co.nz/shop/product/5011153_ea_000nw",
            "productImageURL": "https://a.fsimg.co.nz/product/retail/fan/image/master/5011153.png",
            "productDescription": "Contains Caffeine.\n\nProduct of New Zealand",
            "volume": "500mL",
            "multipack": {
                "quantity": "1"
            }
        },
        "priceData": {
            "bestPrice": "2.99",
            "price": "2.99",
            "pricePerLitre": 5.98,
            "bestPricePerLitre": 5.98
        },
        "store": {
            "id": "5080816d-825d-4a6e-9835-a93d986b1ee0",
            "name": "New World Rangiora"
        }
    },
    {
        "productData": {
            "name": "Monster Super Fuel Purple Passion Energy Drink 550ml",
            "productId": "5284332_ea_000",
            "productShopPage": "https://www.newworld.co.nz/shop/product/5284332_ea_000nw",
            "productImageURL": "https://a.fsimg.co.nz/product/retail/fan/image/master/5284332.png",
            "productDescription": "Product of Imported",
            "volume": "550mL",
            "multipack": {
                "quantity": "1"
            }
        },
        "priceData": {
            "bestPrice": "3.99",
            "price": "3.99",
            "pricePerLitre": 7.25,
            "bestPricePerLitre": 7.25
        },
        "store": {
            "id": "5080816d-825d-4a6e-9835-a93d986b1ee0",
            "name": "New World Rangiora"
        }
    },
    {
        "productData": {
            "name": "Mother Energy Drink Can 6pk",
            "productId": "5009490_ea_000",
            "productShopPage": "https://www.newworld.co.nz/shop/product/5009490_ea_000nw",
            "productImageURL": "https://a.fsimg.co.nz/product/retail/fan/image/master/5009490.png",
            "productDescription": "Contains Caffeine.\n\nProduct of New Zealand",
            "volume": "250mL",
            "multipack": {
                "quantity": "6"
            }
        },
        "priceData": {
            "bestPrice": "6.49",
            "price": "6.49",
            "pricePerLitre": 4.326666666666666,
            "bestPricePerLitre": 4.326666666666666
        },
        "store": {
            "id": "5080816d-825d-4a6e-9835-a93d986b1ee0",
            "name": "New World Rangiora"
        }
    },
    {
        "productData": {
            "name": "Monster Pipeline Punch Energy Drink 500ml",
            "productId": "5242373_ea_000",
            "productShopPage": "https://www.newworld.co.nz/shop/product/5242373_ea_000nw",
            "productImageURL": "https://a.fsimg.co.nz/product/retail/fan/image/master/5242373.png",
            "productDescription": "Product of Imported",
            "volume": "500mL",
            "multipack": {
                "quantity": "1"
            }
        },
        "priceData": {
            "bestPrice": "2.49",
            "price": "2.49",
            "pricePerLitre": 4.98,
            "bestPricePerLitre": 4.98
        },
        "store": {
            "id": "5080816d-825d-4a6e-9835-a93d986b1ee0",
            "name": "New World Rangiora"
        }
    },
    {
        "productData": {
            "name": "Monster Energy Drink 500ml",
            "productId": "5007647_ea_000",
            "productShopPage": "https://www.newworld.co.nz/shop/product/5007647_ea_000nw",
            "productImageURL": "https://a.fsimg.co.nz/product/retail/fan/image/master/5007647.png",
            "productDescription": "Contains Caffeine.\n\nProduct of Imported",
            "volume": "500mL",
            "multipack": {
                "quantity": "1"
            }
        },
        "priceData": {
            "bestPrice": "2.49",
            "price": "2.49",
            "pricePerLitre": 4.98,
            "bestPricePerLitre": 4.98
        },
        "store": {
            "id": "5080816d-825d-4a6e-9835-a93d986b1ee0",
            "name": "New World Rangiora"
        }
    },
    {
        "productData": {
            "name": "V Sugarfree Guarana Energy Drink 500ml",
            "productId": "5007644_ea_000",
            "productShopPage": "https://www.newworld.co.nz/shop/product/5007644_ea_000nw",
            "productImageURL": "https://a.fsimg.co.nz/product/retail/fan/image/master/5007644.png",
            "productDescription": "Sugar Free.\n\nProduct of New Zealand",
            "volume": "500mL",
            "multipack": {
                "quantity": "1"
            }
        },
        "priceData": {
            "bestPrice": "2.99",
            "price": "2.99",
            "pricePerLitre": 5.98,
            "bestPricePerLitre": 5.98
        },
        "store": {
            "id": "5080816d-825d-4a6e-9835-a93d986b1ee0",
            "name": "New World Rangiora"
        }
    },
    {
        "productData": {
            "name": "V Original Guarana Energy Drink 500ml",
            "productId": "5004703_ea_000",
            "productShopPage": "https://www.newworld.co.nz/shop/product/5004703_ea_000nw",
            "productImageURL": "https://a.fsimg.co.nz/product/retail/fan/image/master/5004703.png",
            "productDescription": "Contains Caffeine.\n\nProduct of New Zealand",
            "volume": "500mL",
            "multipack": {
                "quantity": "1"
            }
        },
        "priceData": {
            "bestPrice": "2.99",
            "price": "2.99",
            "pricePerLitre": 5.98,
            "bestPricePerLitre": 5.98
        },
        "store": {
            "id": "5080816d-825d-4a6e-9835-a93d986b1ee0",
            "name": "New World Rangiora"
        }
    },
    {
        "productData": {
            "name": "V Original Guarana Energy Drink 500ml",
            "productId": "5007441_ea_000",
            "productShopPage": "https://www.newworld.co.nz/shop/product/5007441_ea_000nw",
            "productImageURL": "https://a.fsimg.co.nz/product/retail/fan/image/master/5007441.png",
            "productDescription": "Contains Wheat Derivatives, Caffeine.\n\nProduct of New Zealand",
            "volume": "500mL",
            "multipack": {
                "quantity": "1"
            }
        },
        "priceData": {
            "bestPrice": "2.49",
            "price": "2.49",
            "pricePerLitre": 4.98,
            "bestPricePerLitre": 4.98
        },
        "store": {
            "id": "5080816d-825d-4a6e-9835-a93d986b1ee0",
            "name": "New World Rangiora"
        }
    },
    {
        "productData": {
            "name": "V Blue Guarana Energy Drink 10pk",
            "productId": "5290181_ea_000",
            "productShopPage": "https://www.newworld.co.nz/shop/product/5290181_ea_000nw",
            "productImageURL": "https://a.fsimg.co.nz/product/retail/fan/image/master/5290181.png",
            "productDescription": "Product of New Zealand",
            "volume": "250mL",
            "multipack": {
                "quantity": "10"
            }
        },
        "priceData": {
            "bestPrice": "17.99",
            "price": "17.99",
            "pricePerLitre": 7.2,
            "bestPricePerLitre": 7.2
        },
        "store": {
            "id": "f145f120-ba19-4524-9fc5-e8caf516e209",
            "name": "New World Kawerau"
        }
    },
    {
        "productData": {
            "name": "V Blue Guarana Energy Drink 250ml",
            "productId": "5007495_ea_000",
            "productShopPage": "https://www.newworld.co.nz/shop/product/5007495_ea_000nw",
            "productImageURL": "https://a.fsimg.co.nz/product/retail/fan/image/master/5007495.png",
            "productDescription": "Contains Caffeine, Wheat Derivatives.\n\nProduct of New Zealand",
            "volume": "250mL",
            "multipack": {
                "quantity": "1"
            }
        },
        "priceData": {
            "bestPrice": "1.99",
            "price": "1.99",
            "pricePerLitre": 8.0,
            "bestPricePerLitre": 8.0
        },
        "store": {
            "id": "f145f120-ba19-4524-9fc5-e8caf516e209",
            "name": "New World Kawerau"
        }
    },
    {
        "productData": {
            "name": "V Sugarfree Blue Guarana Energy Drink 4pk",
            "productId": "5289891_ea_000",
            "productShopPage": "https://www.newworld.co.nz/shop/product/5289891_ea_000nw",
            "productImageURL": "https://a.fsimg.co.nz/product/retail/fan/image/master/5289891.png",
            "productDescription": "Limit 12 assorted.\n\n\n\n\nProduct of New Zealand",
            "volume": "250mL",
            "multipack": {
                "quantity": "4"
            }
        },
        "priceData": {
            "bestPrice": "5.99",
            "price": "5.99",
            "pricePerLitre": 5.99,
            "bestPricePerLitre": 5.99
        },
        "store": {
            "id": "f145f120-ba19-4524-9fc5-e8caf516e209",
            "name": "New World Kawerau"
        }
    },
    {
        "productData": {
            "name": "V Sugarfree Guarana Energy Drink 250ml",
            "productId": "5001639_ea_000",
            "productShopPage": "https://www.newworld.co.nz/shop/product/5001639_ea_000nw",
            "productImageURL": "https://a.fsimg.co.nz/product/retail/fan/image/master/5001639.png",
            "productDescription": "Sugar Free. Contains Caffeine.\n\nProduct of New Zealand",
            "volume": "250mL",
            "multipack": {
                "quantity": "1"
            }
        },
        "priceData": {
            "bestPrice": "1.99",
            "price": "1.99",
            "pricePerLitre": 8.0,
            "bestPricePerLitre": 8.0
        },
        "store": {
            "id": "f145f120-ba19-4524-9fc5-e8caf516e209",
            "name": "New World Kawerau"
        }
    },
    {
        "productData": {
            "name": "V Green Guarana Energy Drink 10pk",
            "productId": "5289889_ea_000",
            "productShopPage": "https://www.newworld.co.nz/shop/product/5289889_ea_000nw",
            "productImageURL": "https://a.fsimg.co.nz/product/retail/fan/image/master/5289889.png",
            "productDescription": "Product of New Zealand",
            "volume": "250mL",
            "multipack": {
                "quantity": "10"
            }
        },
        "priceData": {
            "bestPrice": "17.99",
            "price": "17.99",
            "pricePerLitre": 7.2,
            "bestPricePerLitre": 7.2
        },
        "store": {
            "id": "f145f120-ba19-4524-9fc5-e8caf516e209",
            "name": "New World Kawerau"
        }
    },
    {
        "productData": {
            "name": "V Sugarfree Blue Guarana Energy Drink 500ml",
            "productId": "5283362_ea_000",
            "productShopPage": "https://www.newworld.co.nz/shop/product/5283362_ea_000nw",
            "productImageURL": "https://a.fsimg.co.nz/product/retail/fan/image/master/5283362.png",
            "productDescription": "Sugar free\n\nProduct of New Zealand",
            "volume": "500mL",
            "multipack": {
                "quantity": "1"
            }
        },
        "priceData": {
            "bestPrice": "3.49",
            "price": "3.49",
            "pricePerLitre": 7.0,
            "bestPricePerLitre": 7.0
        },
        "store": {
            "id": "f145f120-ba19-4524-9fc5-e8caf516e209",
            "name": "New World Kawerau"
        }
    },
    {
        "productData": {
            "name": "V Original Guarana Energy Drink 350ml",
            "productId": "5003156_ea_000",
            "productShopPage": "https://www.newworld.co.nz/shop/product/5003156_ea_000nw",
            "productImageURL": "https://a.fsimg.co.nz/product/retail/fan/image/master/5003156.png",
            "productDescription": "Buy 2 for $5.00.\n\n\nContains Caffeine.\n\nProduct of New Zealand",
            "volume": "350mL",
            "multipack": {
                "quantity": "1"
            }
        },
        "priceData": {
            "bestPrice": 2.5,
            "price": 2.0,
            "pricePerLitre": 5.714285714285714,
            "bestPricePerLitre": 7.142857142857143,
            "multiBuy": {
                "quantity": 2.0,
                "value": 5.0,
                "perUnit": 2.5
            }
        },
        "store": {
            "id": "f145f120-ba19-4524-9fc5-e8caf516e209",
            "name": "New World Kawerau"
        }
    },
    {
        "productData": {
            "name": "V Blue Guarana Energy Drink 350ml",
            "productId": "5007492_ea_000",
            "productShopPage": "https://www.newworld.co.nz/shop/product/5007492_ea_000nw",
            "productImageURL": "https://a.fsimg.co.nz/product/retail/fan/image/master/5007492.png",
            "productDescription": "Buy 2 for $5.00.\n\n\nContains Caffeine, Wheat Derivatives.\n\nProduct of New Zealand",
            "volume": "350mL",
            "multipack": {
                "quantity": "1"
            }
        },
        "priceData": {
            "bestPrice": 2.5,
            "price": 2.0,
            "pricePerLitre": 5.714285714285714,
            "bestPricePerLitre": 7.142857142857143,
            "multiBuy": {
                "quantity": 2.0,
                "value": 5.0,
                "perUnit": 2.5
            }
        },
        "store": {
            "id": "f145f120-ba19-4524-9fc5-e8caf516e209",
            "name": "New World Kawerau"
        }
    },
    {
        "productData": {
            "name": "V Blue Energy Drink 500ml",
            "productId": "5020662_ea_000",
            "productShopPage": "https://www.newworld.co.nz/shop/product/5020662_ea_000nw",
            "productImageURL": "https://a.fsimg.co.nz/product/retail/fan/image/master/5020662.png",
            "productDescription": "Buy 2 for $5.00.\n\n\n\n\nProduct of New Zealand",
            "volume": "500mL",
            "multipack": {
                "quantity": "1"
            }
        },
        "priceData": {
            "bestPrice": 2.5,
            "price": 2.0,
            "pricePerLitre": 4.0,
            "bestPricePerLitre": 5.0,
            "multiBuy": {
                "quantity": 2.0,
                "value": 5.0,
                "perUnit": 2.5
            }
        },
        "store": {
            "id": "f145f120-ba19-4524-9fc5-e8caf516e209",
            "name": "New World Kawerau"
        }
    },
    {
        "productData": {
            "name": "V Blue Guarana Energy Drink 500ml",
            "productId": "5007494_ea_000",
            "productShopPage": "https://www.newworld.co.nz/shop/product/5007494_ea_000nw",
            "productImageURL": "https://a.fsimg.co.nz/product/retail/fan/image/master/5007494.png",
            "productDescription": "Contains Wheat Derivatives, Caffeine.\n\nProduct of New Zealand",
            "volume": "500mL",
            "multipack": {
                "quantity": "1"
            }
        },
        "priceData": {
            "bestPrice": "3.49",
            "price": "3.49",
            "pricePerLitre": 7.0,
            "bestPricePerLitre": 7.0
        },
        "store": {
            "id": "f145f120-ba19-4524-9fc5-e8caf516e209",
            "name": "New World Kawerau"
        }
    },
    {
        "productData": {
            "name": "Red Bull Energy Drink 473ml",
            "productId": "5005255_ea_000",
            "productShopPage": "https://www.newworld.co.nz/shop/product/5005255_ea_000nw",
            "productImageURL": "https://a.fsimg.co.nz/product/retail/fan/image/master/5005255.png",
            "productDescription": "Red Bull Energy Drink's special formula contains ingredients of high quality: Caffeine, Taurine, B-Group Vitamins, Sugars, Alpine Water.One 250ml can of Red Bull Energy Drinks contains 80 mg of caffeine, about the same amount as in a cup of home-brewed coffee.The amount of sugars in a can of Red Bull Energy Drink is comparable to the level of sugars in an equivalent amount of apple or orange juice – 11 g per 100ml.Red Bull cans are made of 100% recyclable aluminium.Red Bull Energy Drink 473ml canVitalizes Body and Mind.®RED BULL GIVES YOU WINGSInspired by functional drinks from the Far East, Dietrich Mateschitz founded Red Bull in the mid-1980s. He developed a new product and a unique marketing concept and launched Red Bull Energy Drink on April 1, 1987 in Austria. A brand new product category - Energy Drinks - was born.\n\nProduct of Imported",
            "volume": "473mL",
            "multipack": {
                "quantity": "1"
            }
        },
        "priceData": {
            "bestPrice": "3.59",
            "price": "3.59",
            "pricePerLitre": 7.6,
            "bestPricePerLitre": 7.6
        },
        "store": {
            "id": "f145f120-ba19-4524-9fc5-e8caf516e209",
            "name": "New World Kawerau"
        }
    },
    {
        "productData": {
            "name": "V Original Guarana Energy Drink 250ml",
            "productId": "5003151_ea_000",
            "productShopPage": "https://www.newworld.co.nz/shop/product/5003151_ea_000nw",
            "productImageURL": "https://a.fsimg.co.nz/product/retail/fan/image/master/5003151.png",
            "productDescription": "Contains Caffeine.\n\nProduct of New Zealand",
            "volume": "250mL",
            "multipack": {
                "quantity": "1"
            }
        },
        "priceData": {
            "bestPrice": "1.99",
            "price": "1.99",
            "pricePerLitre": 8.0,
            "bestPricePerLitre": 8.0
        },
        "store": {
            "id": "f145f120-ba19-4524-9fc5-e8caf516e209",
            "name": "New World Kawerau"
        }
    },
    {
        "productData": {
            "name": "Red Bull Energy Drink 250ml Cans 4pk",
            "productId": "5001443_ea_000",
            "productShopPage": "https://www.newworld.co.nz/shop/product/5001443_ea_000nw",
            "productImageURL": "https://a.fsimg.co.nz/product/retail/fan/image/master/5001443.png",
            "productDescription": "Red Bull Energy Drink's special formula contains ingredients of high quality: Caffeine, Taurine, B-Group Vitamins, Sugars, Alpine Water.One 250ml can of Red Bull Energy Drinks contains 80 mg of caffeine, about the same amount as in a cup of home-brewed coffee.The amount of sugars in a can of Red Bull Energy Drink is comparable to the level of sugars in an equivalent amount of apple or orange juice – 11 g per 100ml.Red Bull cans are made of 100% recyclable aluminium.Pack of four 250ml Red Bull Energy Drink cansVitalizes Body and Mind.®RED BULL GIVES YOU WINGSInspired by functional drinks from the Far East, Dietrich Mateschitz founded Red Bull in the mid-1980s. He developed a new product and a unique marketing concept and launched Red Bull Energy Drink on April 1, 1987 in Austria. A brand new product category - Energy Drinks - was born.",
            "volume": "250mL",
            "multipack": {
                "quantity": "4"
            }
        },
        "priceData": {
            "bestPrice": "8.29",
            "price": "8.29",
            "pricePerLitre": 8.299999999999999,
            "bestPricePerLitre": 8.299999999999999
        },
        "store": {
            "id": "f145f120-ba19-4524-9fc5-e8caf516e209",
            "name": "New World Kawerau"
        }
    },
    {
        "productData": {
            "name": "V Green Guarana Energy Drink 710ml",
            "productId": "5030250_ea_000",
            "productShopPage": "https://www.newworld.co.nz/shop/product/5030250_ea_000nw",
            "productImageURL": "https://a.fsimg.co.nz/product/retail/fan/image/master/5030250.png",
            "productDescription": "Contains Wheat Derivatives\n\nProduct of Imported",
            "volume": "250mL",
            "multipack": {
                "quantity": "3"
            }
        },
        "priceData": {
            "bestPrice": "3.49",
            "price": "3.49",
            "pricePerLitre": 4.9,
            "bestPricePerLitre": 4.9
        },
        "store": {
            "id": "f145f120-ba19-4524-9fc5-e8caf516e209",
            "name": "New World Kawerau"
        }
    },
    {
        "productData": {
            "name": "Lucozade Original Energy Drink 380ml",
            "productId": "5009240_ea_000",
            "productShopPage": "https://www.newworld.co.nz/shop/product/5009240_ea_000nw",
            "productImageURL": "https://a.fsimg.co.nz/product/retail/fan/image/master/5009240.png",
            "productDescription": "Energy from Glucose.\n\nProduct of New Zealand",
            "volume": "380mL",
            "multipack": {
                "quantity": "1"
            }
        },
        "priceData": {
            "bestPrice": "2.69",
            "price": "2.69",
            "pricePerLitre": 7.08,
            "bestPricePerLitre": 7.08
        },
        "store": {
            "id": "f145f120-ba19-4524-9fc5-e8caf516e209",
            "name": "New World Kawerau"
        }
    },
    {
        "productData": {
            "name": "Rockstar Watermelon Freeze Energy Drink 500ml",
            "productId": "5257298_ea_000",
            "productShopPage": "https://www.newworld.co.nz/shop/product/5257298_ea_000nw",
            "productImageURL": "https://a.fsimg.co.nz/product/retail/fan/image/master/5257298.png",
            "productDescription": "Buy 3 for $5.00.\n\n\n\n\nProduct of New Zealand",
            "volume": "500mL",
            "multipack": {
                "quantity": "1"
            }
        },
        "priceData": {
            "bestPrice": 1.6666666666666667,
            "price": 1.0,
            "pricePerLitre": 2.0,
            "bestPricePerLitre": 3.3333333333333335,
            "multiBuy": {
                "quantity": 3.0,
                "value": 5.0,
                "perUnit": 1.6666666666666667
            }
        },
        "store": {
            "id": "f145f120-ba19-4524-9fc5-e8caf516e209",
            "name": "New World Kawerau"
        }
    },
    {
        "productData": {
            "name": "Rockstar Original Energy Drink 500ml",
            "productId": "5215383_ea_000",
            "productShopPage": "https://www.newworld.co.nz/shop/product/5215383_ea_000nw",
            "productImageURL": "https://a.fsimg.co.nz/product/retail/fan/image/master/5215383.png",
            "productDescription": "Buy 3 for $5.00.\n\n\nCaffeine; B vitamins; Vitamin C; Taurine; Ginseng\n\nProduct of New Zealand",
            "volume": "500mL",
            "multipack": {
                "quantity": "1"
            }
        },
        "priceData": {
            "bestPrice": 1.6666666666666667,
            "price": 1.0,
            "pricePerLitre": 2.0,
            "bestPricePerLitre": 3.3333333333333335,
            "multiBuy": {
                "quantity": 3.0,
                "value": 5.0,
                "perUnit": 1.6666666666666667
            }
        },
        "store": {
            "id": "f145f120-ba19-4524-9fc5-e8caf516e209",
            "name": "New World Kawerau"
        }
    },
    {
        "productData": {
            "name": "V Berry Twist Sugar Free Can 500ml",
            "productId": "5254654_ea_000",
            "productShopPage": "https://www.newworld.co.nz/shop/product/5254654_ea_000nw",
            "productImageURL": "https://a.fsimg.co.nz/product/retail/fan/image/master/5254654.png",
            "productDescription": "Sugarfree\n\nProduct of New Zealand",
            "volume": "500mL",
            "multipack": {
                "quantity": "1"
            }
        },
        "priceData": {
            "bestPrice": "3.49",
            "price": "3.49",
            "pricePerLitre": 7.0,
            "bestPricePerLitre": 7.0
        },
        "store": {
            "id": "f145f120-ba19-4524-9fc5-e8caf516e209",
            "name": "New World Kawerau"
        }
    },
    {
        "productData": {
            "name": "V Raspberry Lemonade Guarana Energy Drink 4pk",
            "productId": "5289907_ea_000",
            "productShopPage": "https://www.newworld.co.nz/shop/product/5289907_ea_000nw",
            "productImageURL": "https://a.fsimg.co.nz/product/retail/fan/image/master/5289907.png",
            "productDescription": "Limit 12 assorted.\n\n\n\n\nProduct of New Zealand",
            "volume": "250mL",
            "multipack": {
                "quantity": "4"
            }
        },
        "priceData": {
            "bestPrice": "5.99",
            "price": "5.99",
            "pricePerLitre": 5.99,
            "bestPricePerLitre": 5.99
        },
        "store": {
            "id": "f145f120-ba19-4524-9fc5-e8caf516e209",
            "name": "New World Kawerau"
        }
    },
    {
        "productData": {
            "name": "V Raspberry Lemonade Can 500ml",
            "productId": "5264523_ea_000",
            "productShopPage": "https://www.newworld.co.nz/shop/product/5264523_ea_000nw",
            "productImageURL": "https://a.fsimg.co.nz/product/retail/fan/image/master/5264523.png",
            "productDescription": "Product of New Zealand",
            "volume": "500mL",
            "multipack": {
                "quantity": "1"
            }
        },
        "priceData": {
            "bestPrice": "3.49",
            "price": "3.49",
            "pricePerLitre": 7.0,
            "bestPricePerLitre": 7.0
        },
        "store": {
            "id": "f145f120-ba19-4524-9fc5-e8caf516e209",
            "name": "New World Kawerau"
        }
    },
    {
        "productData": {
            "name": "V Blue Can 4pk",
            "productId": "5030249_ea_000",
            "productShopPage": "https://www.newworld.co.nz/shop/product/5030249_ea_000nw",
            "productImageURL": "https://a.fsimg.co.nz/product/retail/fan/image/master/5030249.png",
            "productDescription": "Limit 12 assorted.\n\n\nContains Wheat Derivatives, Caffeine.\n\nProduct of New Zealand",
            "volume": "250mL",
            "multipack": {
                "quantity": "4"
            }
        },
        "priceData": {
            "bestPrice": "5.99",
            "price": "5.99",
            "pricePerLitre": 5.99,
            "bestPricePerLitre": 5.99
        },
        "store": {
            "id": "f145f120-ba19-4524-9fc5-e8caf516e209",
            "name": "New World Kawerau"
        }
    },
    {
        "productData": {
            "name": "Monster Zero Sugar Ultra Rosa Energy Drink 500ml",
            "productId": "5278094_ea_000",
            "productShopPage": "https://www.newworld.co.nz/shop/product/5278094_ea_000nw",
            "productImageURL": "https://a.fsimg.co.nz/product/retail/fan/image/master/5278094.png",
            "productDescription": "Product of Imported",
            "volume": "500mL",
            "multipack": {
                "quantity": "1"
            }
        },
        "priceData": {
            "bestPrice": "2.99",
            "price": "2.99",
            "pricePerLitre": 6.0,
            "bestPricePerLitre": 6.0
        },
        "store": {
            "id": "f145f120-ba19-4524-9fc5-e8caf516e209",
            "name": "New World Kawerau"
        }
    },
    {
        "productData": {
            "name": "Monster Mule Energy Drink 500ml",
            "productId": "5269459_ea_000",
            "productShopPage": "https://www.newworld.co.nz/shop/product/5269459_ea_000nw",
            "productImageURL": "https://a.fsimg.co.nz/product/retail/fan/image/master/5269459.png",
            "productDescription": "Product of Imported",
            "volume": "500mL",
            "multipack": {
                "quantity": "1"
            }
        },
        "priceData": {
            "bestPrice": "2.99",
            "price": "2.99",
            "pricePerLitre": 6.0,
            "bestPricePerLitre": 6.0
        },
        "store": {
            "id": "f145f120-ba19-4524-9fc5-e8caf516e209",
            "name": "New World Kawerau"
        }
    },
    {
        "productData": {
            "name": "V Energy Drink Green Cans 4pk",
            "productId": "5002893_ea_000",
            "productShopPage": "https://www.newworld.co.nz/shop/product/5002893_ea_000nw",
            "productImageURL": "https://a.fsimg.co.nz/product/retail/fan/image/master/5002893.png",
            "productDescription": "Limit 12 assorted.\n\n\nContains Caffeine.\n\nProduct of New Zealand",
            "volume": "250mL",
            "multipack": {
                "quantity": "4"
            }
        },
        "priceData": {
            "bestPrice": "5.99",
            "price": "5.99",
            "pricePerLitre": 5.99,
            "bestPricePerLitre": 5.99
        },
        "store": {
            "id": "f145f120-ba19-4524-9fc5-e8caf516e209",
            "name": "New World Kawerau"
        }
    },
    {
        "productData": {
            "name": "Monster Ultra Zero Drink 500ml",
            "productId": "5090618_ea_000",
            "productShopPage": "https://www.newworld.co.nz/shop/product/5090618_ea_000nw",
            "productImageURL": "https://a.fsimg.co.nz/product/retail/fan/image/master/5090618.png",
            "productDescription": "A little less sweet, lighter-tasting, zero calories, but with a full load of our Monster energy blend. Sure, white is the new black. Monster Energy Zero Ultra. Unleash the Ultra Beast!\n\nProduct of Imported",
            "volume": "500mL",
            "multipack": {
                "quantity": "1"
            }
        },
        "priceData": {
            "bestPrice": "2.99",
            "price": "2.99",
            "pricePerLitre": 6.0,
            "bestPricePerLitre": 6.0
        },
        "store": {
            "id": "f145f120-ba19-4524-9fc5-e8caf516e209",
            "name": "New World Kawerau"
        }
    },
    {
        "productData": {
            "name": "Monster Super Fuel Zero Sugar Energy Drink 550ml",
            "productId": "5284331_ea_000",
            "productShopPage": "https://www.newworld.co.nz/shop/product/5284331_ea_000nw",
            "productImageURL": "https://a.fsimg.co.nz/product/retail/fan/image/master/5284331.png",
            "productDescription": "Product of Imported",
            "volume": "550mL",
            "multipack": {
                "quantity": "1"
            }
        },
        "priceData": {
            "bestPrice": "3.49",
            "price": "3.49",
            "pricePerLitre": 6.345454545454546,
            "bestPricePerLitre": 6.345454545454546
        },
        "store": {
            "id": "f145f120-ba19-4524-9fc5-e8caf516e209",
            "name": "New World Kawerau"
        }
    },
    {
        "productData": {
            "name": "Mother Energy Drink Can 500ml",
            "productId": "5011153_ea_000",
            "productShopPage": "https://www.newworld.co.nz/shop/product/5011153_ea_000nw",
            "productImageURL": "https://a.fsimg.co.nz/product/retail/fan/image/master/5011153.png",
            "productDescription": "Contains Caffeine.\n\nProduct of New Zealand",
            "volume": "500mL",
            "multipack": {
                "quantity": "1"
            }
        },
        "priceData": {
            "bestPrice": "1.99",
            "price": "1.99",
            "pricePerLitre": 4.0,
            "bestPricePerLitre": 4.0
        },
        "store": {
            "id": "f145f120-ba19-4524-9fc5-e8caf516e209",
            "name": "New World Kawerau"
        }
    },
    {
        "productData": {
            "name": "Monster Super Fuel Purple Passion Energy Drink 550ml",
            "productId": "5284332_ea_000",
            "productShopPage": "https://www.newworld.co.nz/shop/product/5284332_ea_000nw",
            "productImageURL": "https://a.fsimg.co.nz/product/retail/fan/image/master/5284332.png",
            "productDescription": "Product of Imported",
            "volume": "550mL",
            "multipack": {
                "quantity": "1"
            }
        },
        "priceData": {
            "bestPrice": "3.49",
            "price": "3.49",
            "pricePerLitre": 6.345454545454546,
            "bestPricePerLitre": 6.345454545454546
        },
        "store": {
            "id": "f145f120-ba19-4524-9fc5-e8caf516e209",
            "name": "New World Kawerau"
        }
    },
    {
        "productData": {
            "name": "Mother Energy Drink Can 6pk",
            "productId": "5009490_ea_000",
            "productShopPage": "https://www.newworld.co.nz/shop/product/5009490_ea_000nw",
            "productImageURL": "https://a.fsimg.co.nz/product/retail/fan/image/master/5009490.png",
            "productDescription": "Contains Caffeine.\n\nProduct of New Zealand",
            "volume": "250mL",
            "multipack": {
                "quantity": "6"
            }
        },
        "priceData": {
            "bestPrice": "7.49",
            "price": "7.49",
            "pricePerLitre": 5.0,
            "bestPricePerLitre": 5.0
        },
        "store": {
            "id": "f145f120-ba19-4524-9fc5-e8caf516e209",
            "name": "New World Kawerau"
        }
    },
    {
        "productData": {
            "name": "Monster Pipeline Punch Energy Drink 500ml",
            "productId": "5242373_ea_000",
            "productShopPage": "https://www.newworld.co.nz/shop/product/5242373_ea_000nw",
            "productImageURL": "https://a.fsimg.co.nz/product/retail/fan/image/master/5242373.png",
            "productDescription": "Product of Imported",
            "volume": "500mL",
            "multipack": {
                "quantity": "1"
            }
        },
        "priceData": {
            "bestPrice": "2.99",
            "price": "2.99",
            "pricePerLitre": 6.0,
            "bestPricePerLitre": 6.0
        },
        "store": {
            "id": "f145f120-ba19-4524-9fc5-e8caf516e209",
            "name": "New World Kawerau"
        }
    },
    {
        "productData": {
            "name": "Monster Energy Drink 500ml",
            "productId": "5007647_ea_000",
            "productShopPage": "https://www.newworld.co.nz/shop/product/5007647_ea_000nw",
            "productImageURL": "https://a.fsimg.co.nz/product/retail/fan/image/master/5007647.png",
            "productDescription": "Contains Caffeine.\n\nProduct of Imported",
            "volume": "500mL",
            "multipack": {
                "quantity": "1"
            }
        },
        "priceData": {
            "bestPrice": "2.99",
            "price": "2.99",
            "pricePerLitre": 6.0,
            "bestPricePerLitre": 6.0
        },
        "store": {
            "id": "f145f120-ba19-4524-9fc5-e8caf516e209",
            "name": "New World Kawerau"
        }
    },
    {
        "productData": {
            "name": "Monster Ultra Zero Drink 4pk",
            "productId": "5213974_ea_000",
            "productShopPage": "https://www.newworld.co.nz/shop/product/5213974_ea_000nw",
            "productImageURL": "https://a.fsimg.co.nz/product/retail/fan/image/master/5213974.png",
            "productDescription": "Product of Imported",
            "volume": "500mL",
            "multipack": {
                "quantity": "4"
            }
        },
        "priceData": {
            "bestPrice": "11.99",
            "price": "11.99",
            "pricePerLitre": 6.0,
            "bestPricePerLitre": 6.0
        },
        "store": {
            "id": "f145f120-ba19-4524-9fc5-e8caf516e209",
            "name": "New World Kawerau"
        }
    },
    {
        "productData": {
            "name": "Monster Energy Drink 4pk",
            "productId": "5107264_ea_000",
            "productShopPage": "https://www.newworld.co.nz/shop/product/5107264_ea_000nw",
            "productImageURL": "https://a.fsimg.co.nz/product/retail/fan/image/master/5107264.png",
            "productDescription": "Product of Imported",
            "volume": "",
            "multipack": {
                "quantity": ""
            }
        },
        "priceData": {
            "bestPrice": "11.99",
            "price": "11.99",
            "pricePerLitre": 6.0,
            "bestPricePerLitre": 6.0
        },
        "store": {
            "id": "f145f120-ba19-4524-9fc5-e8caf516e209",
            "name": "New World Kawerau"
        }
    },
    {
        "productData": {
            "name": "V Sugarfree Guarana Energy Drink 500ml",
            "productId": "5007644_ea_000",
            "productShopPage": "https://www.newworld.co.nz/shop/product/5007644_ea_000nw",
            "productImageURL": "https://a.fsimg.co.nz/product/retail/fan/image/master/5007644.png",
            "productDescription": "Sugar Free.\n\nProduct of New Zealand",
            "volume": "500mL",
            "multipack": {
                "quantity": "1"
            }
        },
        "priceData": {
            "bestPrice": "3.49",
            "price": "3.49",
            "pricePerLitre": 7.0,
            "bestPricePerLitre": 7.0
        },
        "store": {
            "id": "f145f120-ba19-4524-9fc5-e8caf516e209",
            "name": "New World Kawerau"
        }
    },
    {
        "productData": {
            "name": "V Original Guarana Energy Drink 500ml",
            "productId": "5004703_ea_000",
            "productShopPage": "https://www.newworld.co.nz/shop/product/5004703_ea_000nw",
            "productImageURL": "https://a.fsimg.co.nz/product/retail/fan/image/master/5004703.png",
            "productDescription": "Contains Caffeine.\n\nProduct of New Zealand",
            "volume": "500mL",
            "multipack": {
                "quantity": "1"
            }
        },
        "priceData": {
            "bestPrice": "3.49",
            "price": "3.49",
            "pricePerLitre": 7.0,
            "bestPricePerLitre": 7.0
        },
        "store": {
            "id": "f145f120-ba19-4524-9fc5-e8caf516e209",
            "name": "New World Kawerau"
        }
    },
    {
        "productData": {
            "name": "V Original Guarana Energy Drink 500ml",
            "productId": "5007441_ea_000",
            "productShopPage": "https://www.newworld.co.nz/shop/product/5007441_ea_000nw",
            "productImageURL": "https://a.fsimg.co.nz/product/retail/fan/image/master/5007441.png",
            "productDescription": "Buy 2 for $5.00.\n\n\nContains Wheat Derivatives, Caffeine.\n\nProduct of New Zealand",
            "volume": "500mL",
            "multipack": {
                "quantity": "1"
            }
        },
        "priceData": {
            "bestPrice": 2.5,
            "price": 2.0,
            "pricePerLitre": 4.0,
            "bestPricePerLitre": 5.0,
            "multiBuy": {
                "quantity": 2.0,
                "value": 5.0,
                "perUnit": 2.5
            }
        },
        "store": {
            "id": "f145f120-ba19-4524-9fc5-e8caf516e209",
            "name": "New World Kawerau"
        }
    },
    {
        "productData": {
            "name": "V Blue Guarana Energy Drink 250ml",
            "productId": "5007495_ea_000",
            "productShopPage": "https://www.newworld.co.nz/shop/product/5007495_ea_000nw",
            "productImageURL": "https://a.fsimg.co.nz/product/retail/fan/image/master/5007495.png",
            "productDescription": "Contains Caffeine, Wheat Derivatives.\n\nProduct of New Zealand",
            "volume": "250mL",
            "multipack": {
                "quantity": "1"
            }
        },
        "priceData": {
            "bestPrice": "1.99",
            "price": "1.99",
            "pricePerLitre": 8.0,
            "bestPricePerLitre": 8.0
        },
        "store": {
            "id": "1926eed9-3d44-4339-9f6e-23c96becab07",
            "name": "New World Porirua"
        }
    },
    {
        "productData": {
            "name": "V Sugarfree Guarana Energy Drink 250ml",
            "productId": "5001639_ea_000",
            "productShopPage": "https://www.newworld.co.nz/shop/product/5001639_ea_000nw",
            "productImageURL": "https://a.fsimg.co.nz/product/retail/fan/image/master/5001639.png",
            "productDescription": "Sugar Free. Contains Caffeine.\n\nProduct of New Zealand",
            "volume": "250mL",
            "multipack": {
                "quantity": "1"
            }
        },
        "priceData": {
            "bestPrice": "1.99",
            "price": "1.99",
            "pricePerLitre": 8.0,
            "bestPricePerLitre": 8.0
        },
        "store": {
            "id": "1926eed9-3d44-4339-9f6e-23c96becab07",
            "name": "New World Porirua"
        }
    },
    {
        "productData": {
            "name": "Live Plus Persist Energy Drink 250ml",
            "productId": "5236678_ea_000",
            "productShopPage": "https://www.newworld.co.nz/shop/product/5236678_ea_000nw",
            "productImageURL": "https://a.fsimg.co.nz/product/retail/fan/image/master/5236678.png",
            "productDescription": "Limit 12 assorted.\n\n\n\n\nProduct of New Zealand",
            "volume": "",
            "multipack": {
                "quantity": ""
            }
        },
        "priceData": {
            "bestPrice": "0.99",
            "price": "0.99"
        },
        "store": {
            "id": "1926eed9-3d44-4339-9f6e-23c96becab07",
            "name": "New World Porirua"
        }
    },
    {
        "productData": {
            "name": "V Sugarfree Blue Guarana Energy Drink 500ml",
            "productId": "5283362_ea_000",
            "productShopPage": "https://www.newworld.co.nz/shop/product/5283362_ea_000nw",
            "productImageURL": "https://a.fsimg.co.nz/product/retail/fan/image/master/5283362.png",
            "productDescription": "Sugar free\n\nProduct of New Zealand",
            "volume": "500mL",
            "multipack": {
                "quantity": "1"
            }
        },
        "priceData": {
            "bestPrice": "3.49",
            "price": "3.49",
            "pricePerLitre": 7.0,
            "bestPricePerLitre": 7.0
        },
        "store": {
            "id": "1926eed9-3d44-4339-9f6e-23c96becab07",
            "name": "New World Porirua"
        }
    },
    {
        "productData": {
            "name": "V Original Guarana Energy Drink 350ml",
            "productId": "5003156_ea_000",
            "productShopPage": "https://www.newworld.co.nz/shop/product/5003156_ea_000nw",
            "productImageURL": "https://a.fsimg.co.nz/product/retail/fan/image/master/5003156.png",
            "productDescription": "Buy 2 for $5.00.\n\n\nContains Caffeine.\n\nProduct of New Zealand",
            "volume": "350mL",
            "multipack": {
                "quantity": "1"
            }
        },
        "priceData": {
            "bestPrice": 2.5,
            "price": 2.0,
            "pricePerLitre": 5.714285714285714,
            "bestPricePerLitre": 7.142857142857143,
            "multiBuy": {
                "quantity": 2.0,
                "value": 5.0,
                "perUnit": 2.5
            }
        },
        "store": {
            "id": "1926eed9-3d44-4339-9f6e-23c96becab07",
            "name": "New World Porirua"
        }
    },
    {
        "productData": {
            "name": "V Blue Guarana Energy Drink 350ml",
            "productId": "5007492_ea_000",
            "productShopPage": "https://www.newworld.co.nz/shop/product/5007492_ea_000nw",
            "productImageURL": "https://a.fsimg.co.nz/product/retail/fan/image/master/5007492.png",
            "productDescription": "Buy 2 for $5.00.\n\n\nContains Caffeine, Wheat Derivatives.\n\nProduct of New Zealand",
            "volume": "350mL",
            "multipack": {
                "quantity": "1"
            }
        },
        "priceData": {
            "bestPrice": 2.5,
            "price": 2.0,
            "pricePerLitre": 5.714285714285714,
            "bestPricePerLitre": 7.142857142857143,
            "multiBuy": {
                "quantity": 2.0,
                "value": 5.0,
                "perUnit": 2.5
            }
        },
        "store": {
            "id": "1926eed9-3d44-4339-9f6e-23c96becab07",
            "name": "New World Porirua"
        }
    },
    {
        "productData": {
            "name": "V Blue Energy Drink 500ml",
            "productId": "5020662_ea_000",
            "productShopPage": "https://www.newworld.co.nz/shop/product/5020662_ea_000nw",
            "productImageURL": "https://a.fsimg.co.nz/product/retail/fan/image/master/5020662.png",
            "productDescription": "Buy 2 for $5.00.\n\n\n\n\nProduct of New Zealand",
            "volume": "500mL",
            "multipack": {
                "quantity": "1"
            }
        },
        "priceData": {
            "bestPrice": 2.5,
            "price": 2.0,
            "pricePerLitre": 4.0,
            "bestPricePerLitre": 5.0,
            "multiBuy": {
                "quantity": 2.0,
                "value": 5.0,
                "perUnit": 2.5
            }
        },
        "store": {
            "id": "1926eed9-3d44-4339-9f6e-23c96becab07",
            "name": "New World Porirua"
        }
    },
    {
        "productData": {
            "name": "V Blue Guarana Energy Drink 500ml",
            "productId": "5007494_ea_000",
            "productShopPage": "https://www.newworld.co.nz/shop/product/5007494_ea_000nw",
            "productImageURL": "https://a.fsimg.co.nz/product/retail/fan/image/master/5007494.png",
            "productDescription": "Contains Wheat Derivatives, Caffeine.\n\nProduct of New Zealand",
            "volume": "500mL",
            "multipack": {
                "quantity": "1"
            }
        },
        "priceData": {
            "bestPrice": "3.49",
            "price": "3.49",
            "pricePerLitre": 7.0,
            "bestPricePerLitre": 7.0
        },
        "store": {
            "id": "1926eed9-3d44-4339-9f6e-23c96becab07",
            "name": "New World Porirua"
        }
    },
    {
        "productData": {
            "name": "Red Bull Energy Drink 473ml",
            "productId": "5005255_ea_000",
            "productShopPage": "https://www.newworld.co.nz/shop/product/5005255_ea_000nw",
            "productImageURL": "https://a.fsimg.co.nz/product/retail/fan/image/master/5005255.png",
            "productDescription": "Red Bull Energy Drink's special formula contains ingredients of high quality: Caffeine, Taurine, B-Group Vitamins, Sugars, Alpine Water.One 250ml can of Red Bull Energy Drinks contains 80 mg of caffeine, about the same amount as in a cup of home-brewed coffee.The amount of sugars in a can of Red Bull Energy Drink is comparable to the level of sugars in an equivalent amount of apple or orange juice – 11 g per 100ml.Red Bull cans are made of 100% recyclable aluminium.Red Bull Energy Drink 473ml canVitalizes Body and Mind.®RED BULL GIVES YOU WINGSInspired by functional drinks from the Far East, Dietrich Mateschitz founded Red Bull in the mid-1980s. He developed a new product and a unique marketing concept and launched Red Bull Energy Drink on April 1, 1987 in Austria. A brand new product category - Energy Drinks - was born.\n\nProduct of Imported",
            "volume": "473mL",
            "multipack": {
                "quantity": "1"
            }
        },
        "priceData": {
            "bestPrice": "3.59",
            "price": "3.59",
            "pricePerLitre": 7.6,
            "bestPricePerLitre": 7.6
        },
        "store": {
            "id": "1926eed9-3d44-4339-9f6e-23c96becab07",
            "name": "New World Porirua"
        }
    },
    {
        "productData": {
            "name": "V Original Guarana Energy Drink 250ml",
            "productId": "5003151_ea_000",
            "productShopPage": "https://www.newworld.co.nz/shop/product/5003151_ea_000nw",
            "productImageURL": "https://a.fsimg.co.nz/product/retail/fan/image/master/5003151.png",
            "productDescription": "Contains Caffeine.\n\nProduct of New Zealand",
            "volume": "250mL",
            "multipack": {
                "quantity": "1"
            }
        },
        "priceData": {
            "bestPrice": "1.99",
            "price": "1.99",
            "pricePerLitre": 8.0,
            "bestPricePerLitre": 8.0
        },
        "store": {
            "id": "1926eed9-3d44-4339-9f6e-23c96becab07",
            "name": "New World Porirua"
        }
    },
    {
        "productData": {
            "name": "Red Bull Energy Drink 250ml Cans 4pk",
            "productId": "5001443_ea_000",
            "productShopPage": "https://www.newworld.co.nz/shop/product/5001443_ea_000nw",
            "productImageURL": "https://a.fsimg.co.nz/product/retail/fan/image/master/5001443.png",
            "productDescription": "Red Bull Energy Drink's special formula contains ingredients of high quality: Caffeine, Taurine, B-Group Vitamins, Sugars, Alpine Water.One 250ml can of Red Bull Energy Drinks contains 80 mg of caffeine, about the same amount as in a cup of home-brewed coffee.The amount of sugars in a can of Red Bull Energy Drink is comparable to the level of sugars in an equivalent amount of apple or orange juice – 11 g per 100ml.Red Bull cans are made of 100% recyclable aluminium.Pack of four 250ml Red Bull Energy Drink cansVitalizes Body and Mind.®RED BULL GIVES YOU WINGSInspired by functional drinks from the Far East, Dietrich Mateschitz founded Red Bull in the mid-1980s. He developed a new product and a unique marketing concept and launched Red Bull Energy Drink on April 1, 1987 in Austria. A brand new product category - Energy Drinks - was born.",
            "volume": "250mL",
            "multipack": {
                "quantity": "4"
            }
        },
        "priceData": {
            "bestPrice": "8.29",
            "price": "8.29",
            "pricePerLitre": 8.299999999999999,
            "bestPricePerLitre": 8.299999999999999
        },
        "store": {
            "id": "1926eed9-3d44-4339-9f6e-23c96becab07",
            "name": "New World Porirua"
        }
    },
    {
        "productData": {
            "name": "Lucozade Orange Energy Drink 380ml",
            "productId": "5009239_ea_000",
            "productShopPage": "https://www.newworld.co.nz/shop/product/5009239_ea_000nw",
            "productImageURL": "https://a.fsimg.co.nz/product/retail/fan/image/master/5009239.png",
            "productDescription": "Powered by Glucose.\n\nProduct of New Zealand",
            "volume": "380mL",
            "multipack": {
                "quantity": "1"
            }
        },
        "priceData": {
            "bestPrice": "2.69",
            "price": "2.69",
            "pricePerLitre": 7.08,
            "bestPricePerLitre": 7.08
        },
        "store": {
            "id": "1926eed9-3d44-4339-9f6e-23c96becab07",
            "name": "New World Porirua"
        }
    },
    {
        "productData": {
            "name": "Lucozade Original Energy Drink 380ml",
            "productId": "5009240_ea_000",
            "productShopPage": "https://www.newworld.co.nz/shop/product/5009240_ea_000nw",
            "productImageURL": "https://a.fsimg.co.nz/product/retail/fan/image/master/5009240.png",
            "productDescription": "Energy from Glucose.\n\nProduct of New Zealand",
            "volume": "380mL",
            "multipack": {
                "quantity": "1"
            }
        },
        "priceData": {
            "bestPrice": "2.69",
            "price": "2.69",
            "pricePerLitre": 7.08,
            "bestPricePerLitre": 7.08
        },
        "store": {
            "id": "1926eed9-3d44-4339-9f6e-23c96becab07",
            "name": "New World Porirua"
        }
    },
    {
        "productData": {
            "name": "Rockstar Watermelon Freeze Energy Drink 500ml",
            "productId": "5257298_ea_000",
            "productShopPage": "https://www.newworld.co.nz/shop/product/5257298_ea_000nw",
            "productImageURL": "https://a.fsimg.co.nz/product/retail/fan/image/master/5257298.png",
            "productDescription": "Buy 3 for $5.00.\n\n\n\n\nProduct of New Zealand",
            "volume": "500mL",
            "multipack": {
                "quantity": "1"
            }
        },
        "priceData": {
            "bestPrice": 1.6666666666666667,
            "price": 1.0,
            "pricePerLitre": 2.0,
            "bestPricePerLitre": 3.3333333333333335,
            "multiBuy": {
                "quantity": 3.0,
                "value": 5.0,
                "perUnit": 1.6666666666666667
            }
        },
        "store": {
            "id": "1926eed9-3d44-4339-9f6e-23c96becab07",
            "name": "New World Porirua"
        }
    },
    {
        "productData": {
            "name": "V Pure Natural Energy Drink Can 250ml",
            "productId": "5237735_ea_000",
            "productShopPage": "https://www.newworld.co.nz/shop/product/5237735_ea_000nw",
            "productImageURL": "https://a.fsimg.co.nz/product/retail/fan/image/master/5237735.png",
            "productDescription": "6 natural ingredients; Nothing artificial; Apple juice - Apple and lemon juice is reconstituted; Lemon juice - Apple and lemon juice is reconstituted\n\nProduct of New Zealand",
            "volume": "250mL",
            "multipack": {
                "quantity": "1"
            }
        },
        "priceData": {
            "bestPrice": "1.99",
            "price": "1.99",
            "pricePerLitre": 8.0,
            "bestPricePerLitre": 8.0
        },
        "store": {
            "id": "1926eed9-3d44-4339-9f6e-23c96becab07",
            "name": "New World Porirua"
        }
    },
    {
        "productData": {
            "name": "Rockstar Original Energy Drink 500ml",
            "productId": "5215383_ea_000",
            "productShopPage": "https://www.newworld.co.nz/shop/product/5215383_ea_000nw",
            "productImageURL": "https://a.fsimg.co.nz/product/retail/fan/image/master/5215383.png",
            "productDescription": "Buy 3 for $5.00.\n\n\nCaffeine; B vitamins; Vitamin C; Taurine; Ginseng\n\nProduct of New Zealand",
            "volume": "500mL",
            "multipack": {
                "quantity": "1"
            }
        },
        "priceData": {
            "bestPrice": 1.6666666666666667,
            "price": 1.0,
            "pricePerLitre": 2.0,
            "bestPricePerLitre": 3.3333333333333335,
            "multiBuy": {
                "quantity": 3.0,
                "value": 5.0,
                "perUnit": 1.6666666666666667
            }
        },
        "store": {
            "id": "1926eed9-3d44-4339-9f6e-23c96becab07",
            "name": "New World Porirua"
        }
    },
    {
        "productData": {
            "name": "V Raspberry Lemonade Can 500ml",
            "productId": "5264523_ea_000",
            "productShopPage": "https://www.newworld.co.nz/shop/product/5264523_ea_000nw",
            "productImageURL": "https://a.fsimg.co.nz/product/retail/fan/image/master/5264523.png",
            "productDescription": "Product of New Zealand",
            "volume": "500mL",
            "multipack": {
                "quantity": "1"
            }
        },
        "priceData": {
            "bestPrice": "3.49",
            "price": "3.49",
            "pricePerLitre": 7.0,
            "bestPricePerLitre": 7.0
        },
        "store": {
            "id": "1926eed9-3d44-4339-9f6e-23c96becab07",
            "name": "New World Porirua"
        }
    },
    {
        "productData": {
            "name": "Monster Mango Loco Energy Drink 500ml",
            "productId": "5242374_ea_000",
            "productShopPage": "https://www.newworld.co.nz/shop/product/5242374_ea_000nw",
            "productImageURL": "https://a.fsimg.co.nz/product/retail/fan/image/master/5242374.png",
            "productDescription": "Product of Imported",
            "volume": "500mL",
            "multipack": {
                "quantity": "1"
            }
        },
        "priceData": {
            "bestPrice": "2.99",
            "price": "2.99",
            "pricePerLitre": 6.0,
            "bestPricePerLitre": 6.0
        },
        "store": {
            "id": "1926eed9-3d44-4339-9f6e-23c96becab07",
            "name": "New World Porirua"
        }
    },
    {
        "productData": {
            "name": "Monster Mule Energy Drink 500ml",
            "productId": "5269459_ea_000",
            "productShopPage": "https://www.newworld.co.nz/shop/product/5269459_ea_000nw",
            "productImageURL": "https://a.fsimg.co.nz/product/retail/fan/image/master/5269459.png",
            "productDescription": "Product of Imported",
            "volume": "500mL",
            "multipack": {
                "quantity": "1"
            }
        },
        "priceData": {
            "bestPrice": "2.99",
            "price": "2.99",
            "pricePerLitre": 6.0,
            "bestPricePerLitre": 6.0
        },
        "store": {
            "id": "1926eed9-3d44-4339-9f6e-23c96becab07",
            "name": "New World Porirua"
        }
    },
    {
        "productData": {
            "name": "Monster Ultra Zero Drink 500ml",
            "productId": "5090618_ea_000",
            "productShopPage": "https://www.newworld.co.nz/shop/product/5090618_ea_000nw",
            "productImageURL": "https://a.fsimg.co.nz/product/retail/fan/image/master/5090618.png",
            "productDescription": "A little less sweet, lighter-tasting, zero calories, but with a full load of our Monster energy blend. Sure, white is the new black. Monster Energy Zero Ultra. Unleash the Ultra Beast!\n\nProduct of Imported",
            "volume": "500mL",
            "multipack": {
                "quantity": "1"
            }
        },
        "priceData": {
            "bestPrice": "2.99",
            "price": "2.99",
            "pricePerLitre": 6.0,
            "bestPricePerLitre": 6.0
        },
        "store": {
            "id": "1926eed9-3d44-4339-9f6e-23c96becab07",
            "name": "New World Porirua"
        }
    },
    {
        "productData": {
            "name": "Monster Super Fuel Zero Sugar Energy Drink 550ml",
            "productId": "5284331_ea_000",
            "productShopPage": "https://www.newworld.co.nz/shop/product/5284331_ea_000nw",
            "productImageURL": "https://a.fsimg.co.nz/product/retail/fan/image/master/5284331.png",
            "productDescription": "Product of Imported",
            "volume": "550mL",
            "multipack": {
                "quantity": "1"
            }
        },
        "priceData": {
            "bestPrice": "3.49",
            "price": "3.49",
            "pricePerLitre": 6.345454545454546,
            "bestPricePerLitre": 6.345454545454546
        },
        "store": {
            "id": "1926eed9-3d44-4339-9f6e-23c96becab07",
            "name": "New World Porirua"
        }
    },
    {
        "productData": {
            "name": "Mother Energy Drink Can 500ml",
            "productId": "5011153_ea_000",
            "productShopPage": "https://www.newworld.co.nz/shop/product/5011153_ea_000nw",
            "productImageURL": "https://a.fsimg.co.nz/product/retail/fan/image/master/5011153.png",
            "productDescription": "Contains Caffeine.\n\nProduct of New Zealand",
            "volume": "500mL",
            "multipack": {
                "quantity": "1"
            }
        },
        "priceData": {
            "bestPrice": "1.99",
            "price": "1.99",
            "pricePerLitre": 4.0,
            "bestPricePerLitre": 4.0
        },
        "store": {
            "id": "1926eed9-3d44-4339-9f6e-23c96becab07",
            "name": "New World Porirua"
        }
    },
    {
        "productData": {
            "name": "Monster Super Fuel Purple Passion Energy Drink 550ml",
            "productId": "5284332_ea_000",
            "productShopPage": "https://www.newworld.co.nz/shop/product/5284332_ea_000nw",
            "productImageURL": "https://a.fsimg.co.nz/product/retail/fan/image/master/5284332.png",
            "productDescription": "Product of Imported",
            "volume": "550mL",
            "multipack": {
                "quantity": "1"
            }
        },
        "priceData": {
            "bestPrice": "3.49",
            "price": "3.49",
            "pricePerLitre": 6.345454545454546,
            "bestPricePerLitre": 6.345454545454546
        },
        "store": {
            "id": "1926eed9-3d44-4339-9f6e-23c96becab07",
            "name": "New World Porirua"
        }
    },
    {
        "productData": {
            "name": "Mother Energy Drink Can 6pk",
            "productId": "5009490_ea_000",
            "productShopPage": "https://www.newworld.co.nz/shop/product/5009490_ea_000nw",
            "productImageURL": "https://a.fsimg.co.nz/product/retail/fan/image/master/5009490.png",
            "productDescription": "Contains Caffeine.\n\nProduct of New Zealand",
            "volume": "250mL",
            "multipack": {
                "quantity": "6"
            }
        },
        "priceData": {
            "bestPrice": "7.49",
            "price": "7.49",
            "pricePerLitre": 5.0,
            "bestPricePerLitre": 5.0
        },
        "store": {
            "id": "1926eed9-3d44-4339-9f6e-23c96becab07",
            "name": "New World Porirua"
        }
    },
    {
        "productData": {
            "name": "Monster Energy Drink 500ml",
            "productId": "5007647_ea_000",
            "productShopPage": "https://www.newworld.co.nz/shop/product/5007647_ea_000nw",
            "productImageURL": "https://a.fsimg.co.nz/product/retail/fan/image/master/5007647.png",
            "productDescription": "Contains Caffeine.\n\nProduct of Imported",
            "volume": "500mL",
            "multipack": {
                "quantity": "1"
            }
        },
        "priceData": {
            "bestPrice": "2.99",
            "price": "2.99",
            "pricePerLitre": 6.0,
            "bestPricePerLitre": 6.0
        },
        "store": {
            "id": "1926eed9-3d44-4339-9f6e-23c96becab07",
            "name": "New World Porirua"
        }
    },
    {
        "productData": {
            "name": "V Sugarfree Guarana Energy Drink 500ml",
            "productId": "5007644_ea_000",
            "productShopPage": "https://www.newworld.co.nz/shop/product/5007644_ea_000nw",
            "productImageURL": "https://a.fsimg.co.nz/product/retail/fan/image/master/5007644.png",
            "productDescription": "Sugar Free.\n\nProduct of New Zealand",
            "volume": "500mL",
            "multipack": {
                "quantity": "1"
            }
        },
        "priceData": {
            "bestPrice": "3.49",
            "price": "3.49",
            "pricePerLitre": 7.0,
            "bestPricePerLitre": 7.0
        },
        "store": {
            "id": "1926eed9-3d44-4339-9f6e-23c96becab07",
            "name": "New World Porirua"
        }
    },
    {
        "productData": {
            "name": "V Original Guarana Energy Drink 500ml",
            "productId": "5004703_ea_000",
            "productShopPage": "https://www.newworld.co.nz/shop/product/5004703_ea_000nw",
            "productImageURL": "https://a.fsimg.co.nz/product/retail/fan/image/master/5004703.png",
            "productDescription": "Contains Caffeine.\n\nProduct of New Zealand",
            "volume": "500mL",
            "multipack": {
                "quantity": "1"
            }
        },
        "priceData": {
            "bestPrice": "3.49",
            "price": "3.49",
            "pricePerLitre": 7.0,
            "bestPricePerLitre": 7.0
        },
        "store": {
            "id": "1926eed9-3d44-4339-9f6e-23c96becab07",
            "name": "New World Porirua"
        }
    },
    {
        "productData": {
            "name": "V Original Guarana Energy Drink 500ml",
            "productId": "5007441_ea_000",
            "productShopPage": "https://www.newworld.co.nz/shop/product/5007441_ea_000nw",
            "productImageURL": "https://a.fsimg.co.nz/product/retail/fan/image/master/5007441.png",
            "productDescription": "Buy 2 for $5.00.\n\n\nContains Wheat Derivatives, Caffeine.\n\nProduct of New Zealand",
            "volume": "500mL",
            "multipack": {
                "quantity": "1"
            }
        },
        "priceData": {
            "bestPrice": 2.5,
            "price": 2.0,
            "pricePerLitre": 4.0,
            "bestPricePerLitre": 5.0,
            "multiBuy": {
                "quantity": 2.0,
                "value": 5.0,
                "perUnit": 2.5
            }
        },
        "store": {
            "id": "1926eed9-3d44-4339-9f6e-23c96becab07",
            "name": "New World Porirua"
        }
    },
    {
        "productData": {
            "name": "V Blue Guarana Energy Drink 10pk",
            "productId": "5290181_ea_000",
            "productShopPage": "https://www.newworld.co.nz/shop/product/5290181_ea_000nw",
            "productImageURL": "https://a.fsimg.co.nz/product/retail/fan/image/master/5290181.png",
            "productDescription": "Product of New Zealand",
            "volume": "250mL",
            "multipack": {
                "quantity": "10"
            }
        },
        "priceData": {
            "bestPrice": "17.99",
            "price": "17.99",
            "pricePerLitre": 7.2,
            "bestPricePerLitre": 7.2
        },
        "store": {
            "id": "d48eba45-0c1c-4f5d-b836-0ed54b45c99c",
            "name": "New World Kerikeri"
        }
    },
    {
        "productData": {
            "name": "V Blue Guarana Energy Drink 250ml",
            "productId": "5007495_ea_000",
            "productShopPage": "https://www.newworld.co.nz/shop/product/5007495_ea_000nw",
            "productImageURL": "https://a.fsimg.co.nz/product/retail/fan/image/master/5007495.png",
            "productDescription": "Contains Caffeine, Wheat Derivatives.\n\nProduct of New Zealand",
            "volume": "250mL",
            "multipack": {
                "quantity": "1"
            }
        },
        "priceData": {
            "bestPrice": "1.99",
            "price": "1.99",
            "pricePerLitre": 8.0,
            "bestPricePerLitre": 8.0
        },
        "store": {
            "id": "d48eba45-0c1c-4f5d-b836-0ed54b45c99c",
            "name": "New World Kerikeri"
        }
    },
    {
        "productData": {
            "name": "V Sugarfree Guarana Energy Drink 250ml",
            "productId": "5001639_ea_000",
            "productShopPage": "https://www.newworld.co.nz/shop/product/5001639_ea_000nw",
            "productImageURL": "https://a.fsimg.co.nz/product/retail/fan/image/master/5001639.png",
            "productDescription": "Sugar Free. Contains Caffeine.\n\nProduct of New Zealand",
            "volume": "250mL",
            "multipack": {
                "quantity": "1"
            }
        },
        "priceData": {
            "bestPrice": "1.99",
            "price": "1.99",
            "pricePerLitre": 8.0,
            "bestPricePerLitre": 8.0
        },
        "store": {
            "id": "d48eba45-0c1c-4f5d-b836-0ed54b45c99c",
            "name": "New World Kerikeri"
        }
    },
    {
        "productData": {
            "name": "V Sugarfree Guarana Energy Drink 10pk",
            "productId": "5289890_ea_000",
            "productShopPage": "https://www.newworld.co.nz/shop/product/5289890_ea_000nw",
            "productImageURL": "https://a.fsimg.co.nz/product/retail/fan/image/master/5289890.png",
            "productDescription": "Product of New Zealand",
            "volume": "",
            "multipack": {
                "quantity": ""
            }
        },
        "priceData": {
            "bestPrice": "17.99",
            "price": "17.99",
            "pricePerLitre": 72.0,
            "bestPricePerLitre": 72.0
        },
        "store": {
            "id": "d48eba45-0c1c-4f5d-b836-0ed54b45c99c",
            "name": "New World Kerikeri"
        }
    },
    {
        "productData": {
            "name": "V Green Guarana Energy Drink 6pk",
            "productId": "5272987_ea_000",
            "productShopPage": "https://www.newworld.co.nz/shop/product/5272987_ea_000nw",
            "productImageURL": "https://a.fsimg.co.nz/product/retail/fan/image/master/5272987.png",
            "productDescription": "Product of New Zealand",
            "volume": "330mL",
            "multipack": {
                "quantity": "6"
            }
        },
        "priceData": {
            "bestPrice": "11.99",
            "price": "11.99",
            "pricePerLitre": 6.05,
            "bestPricePerLitre": 6.05
        },
        "store": {
            "id": "d48eba45-0c1c-4f5d-b836-0ed54b45c99c",
            "name": "New World Kerikeri"
        }
    },
    {
        "productData": {
            "name": "Live Plus Tart Apple Energy Drink 250ml",
            "productId": "5236676_ea_000",
            "productShopPage": "https://www.newworld.co.nz/shop/product/5236676_ea_000nw",
            "productImageURL": "https://a.fsimg.co.nz/product/retail/fan/image/master/5236676.png",
            "productDescription": "Limit 12 assorted.\n\n\n\n\nProduct of New Zealand",
            "volume": "250mL",
            "multipack": {
                "quantity": "1"
            }
        },
        "priceData": {
            "bestPrice": "0.99",
            "price": "0.99",
            "pricePerLitre": 3.96,
            "bestPricePerLitre": 3.96
        },
        "store": {
            "id": "d48eba45-0c1c-4f5d-b836-0ed54b45c99c",
            "name": "New World Kerikeri"
        }
    },
    {
        "productData": {
            "name": "Live Plus Persist Energy Drink 250ml",
            "productId": "5236678_ea_000",
            "productShopPage": "https://www.newworld.co.nz/shop/product/5236678_ea_000nw",
            "productImageURL": "https://a.fsimg.co.nz/product/retail/fan/image/master/5236678.png",
            "productDescription": "Limit 12 assorted.\n\n\n\n\nProduct of New Zealand",
            "volume": "",
            "multipack": {
                "quantity": ""
            }
        },
        "priceData": {
            "bestPrice": "0.99",
            "price": "0.99"
        },
        "store": {
            "id": "d48eba45-0c1c-4f5d-b836-0ed54b45c99c",
            "name": "New World Kerikeri"
        }
    },
    {
        "productData": {
            "name": "V Green Guarana Energy Drink 10pk",
            "productId": "5289889_ea_000",
            "productShopPage": "https://www.newworld.co.nz/shop/product/5289889_ea_000nw",
            "productImageURL": "https://a.fsimg.co.nz/product/retail/fan/image/master/5289889.png",
            "productDescription": "Product of New Zealand",
            "volume": "250mL",
            "multipack": {
                "quantity": "10"
            }
        },
        "priceData": {
            "bestPrice": "17.99",
            "price": "17.99",
            "pricePerLitre": 7.2,
            "bestPricePerLitre": 7.2
        },
        "store": {
            "id": "d48eba45-0c1c-4f5d-b836-0ed54b45c99c",
            "name": "New World Kerikeri"
        }
    },
    {
        "productData": {
            "name": "V Sugarfree Blue Guarana Energy Drink 500ml",
            "productId": "5283362_ea_000",
            "productShopPage": "https://www.newworld.co.nz/shop/product/5283362_ea_000nw",
            "productImageURL": "https://a.fsimg.co.nz/product/retail/fan/image/master/5283362.png",
            "productDescription": "Sugar free\n\nProduct of New Zealand",
            "volume": "500mL",
            "multipack": {
                "quantity": "1"
            }
        },
        "priceData": {
            "bestPrice": "3.49",
            "price": "3.49",
            "pricePerLitre": 7.0,
            "bestPricePerLitre": 7.0
        },
        "store": {
            "id": "d48eba45-0c1c-4f5d-b836-0ed54b45c99c",
            "name": "New World Kerikeri"
        }
    },
    {
        "productData": {
            "name": "V Original Guarana Energy Drink 350ml",
            "productId": "5003156_ea_000",
            "productShopPage": "https://www.newworld.co.nz/shop/product/5003156_ea_000nw",
            "productImageURL": "https://a.fsimg.co.nz/product/retail/fan/image/master/5003156.png",
            "productDescription": "Buy 2 for $5.00.\n\n\nContains Caffeine.\n\nProduct of New Zealand",
            "volume": "350mL",
            "multipack": {
                "quantity": "1"
            }
        },
        "priceData": {
            "bestPrice": 2.5,
            "price": 2.0,
            "pricePerLitre": 5.714285714285714,
            "bestPricePerLitre": 7.142857142857143,
            "multiBuy": {
                "quantity": 2.0,
                "value": 5.0,
                "perUnit": 2.5
            }
        },
        "store": {
            "id": "d48eba45-0c1c-4f5d-b836-0ed54b45c99c",
            "name": "New World Kerikeri"
        }
    },
    {
        "productData": {
            "name": "V Blue Guarana Energy Drink 350ml",
            "productId": "5007492_ea_000",
            "productShopPage": "https://www.newworld.co.nz/shop/product/5007492_ea_000nw",
            "productImageURL": "https://a.fsimg.co.nz/product/retail/fan/image/master/5007492.png",
            "productDescription": "Buy 2 for $5.00.\n\n\nContains Caffeine, Wheat Derivatives.\n\nProduct of New Zealand",
            "volume": "350mL",
            "multipack": {
                "quantity": "1"
            }
        },
        "priceData": {
            "bestPrice": 2.5,
            "price": 2.0,
            "pricePerLitre": 5.714285714285714,
            "bestPricePerLitre": 7.142857142857143,
            "multiBuy": {
                "quantity": 2.0,
                "value": 5.0,
                "perUnit": 2.5
            }
        },
        "store": {
            "id": "d48eba45-0c1c-4f5d-b836-0ed54b45c99c",
            "name": "New World Kerikeri"
        }
    },
    {
        "productData": {
            "name": "V Blue Energy Drink 500ml",
            "productId": "5020662_ea_000",
            "productShopPage": "https://www.newworld.co.nz/shop/product/5020662_ea_000nw",
            "productImageURL": "https://a.fsimg.co.nz/product/retail/fan/image/master/5020662.png",
            "productDescription": "Buy 2 for $5.00.\n\n\n\n\nProduct of New Zealand",
            "volume": "500mL",
            "multipack": {
                "quantity": "1"
            }
        },
        "priceData": {
            "bestPrice": 2.5,
            "price": 2.0,
            "pricePerLitre": 4.0,
            "bestPricePerLitre": 5.0,
            "multiBuy": {
                "quantity": 2.0,
                "value": 5.0,
                "perUnit": 2.5
            }
        },
        "store": {
            "id": "d48eba45-0c1c-4f5d-b836-0ed54b45c99c",
            "name": "New World Kerikeri"
        }
    },
    {
        "productData": {
            "name": "V Blue Guarana Energy Drink 500ml",
            "productId": "5007494_ea_000",
            "productShopPage": "https://www.newworld.co.nz/shop/product/5007494_ea_000nw",
            "productImageURL": "https://a.fsimg.co.nz/product/retail/fan/image/master/5007494.png",
            "productDescription": "Contains Wheat Derivatives, Caffeine.\n\nProduct of New Zealand",
            "volume": "500mL",
            "multipack": {
                "quantity": "1"
            }
        },
        "priceData": {
            "bestPrice": "3.49",
            "price": "3.49",
            "pricePerLitre": 7.0,
            "bestPricePerLitre": 7.0
        },
        "store": {
            "id": "d48eba45-0c1c-4f5d-b836-0ed54b45c99c",
            "name": "New World Kerikeri"
        }
    },
    {
        "productData": {
            "name": "Red Bull Energy Drink 473ml",
            "productId": "5005255_ea_000",
            "productShopPage": "https://www.newworld.co.nz/shop/product/5005255_ea_000nw",
            "productImageURL": "https://a.fsimg.co.nz/product/retail/fan/image/master/5005255.png",
            "productDescription": "Red Bull Energy Drink's special formula contains ingredients of high quality: Caffeine, Taurine, B-Group Vitamins, Sugars, Alpine Water.One 250ml can of Red Bull Energy Drinks contains 80 mg of caffeine, about the same amount as in a cup of home-brewed coffee.The amount of sugars in a can of Red Bull Energy Drink is comparable to the level of sugars in an equivalent amount of apple or orange juice – 11 g per 100ml.Red Bull cans are made of 100% recyclable aluminium.Red Bull Energy Drink 473ml canVitalizes Body and Mind.®RED BULL GIVES YOU WINGSInspired by functional drinks from the Far East, Dietrich Mateschitz founded Red Bull in the mid-1980s. He developed a new product and a unique marketing concept and launched Red Bull Energy Drink on April 1, 1987 in Austria. A brand new product category - Energy Drinks - was born.\n\nProduct of Imported",
            "volume": "473mL",
            "multipack": {
                "quantity": "1"
            }
        },
        "priceData": {
            "bestPrice": "3.59",
            "price": "3.59",
            "pricePerLitre": 7.6,
            "bestPricePerLitre": 7.6
        },
        "store": {
            "id": "d48eba45-0c1c-4f5d-b836-0ed54b45c99c",
            "name": "New World Kerikeri"
        }
    },
    {
        "productData": {
            "name": "V Original Guarana Energy Drink 250ml",
            "productId": "5003151_ea_000",
            "productShopPage": "https://www.newworld.co.nz/shop/product/5003151_ea_000nw",
            "productImageURL": "https://a.fsimg.co.nz/product/retail/fan/image/master/5003151.png",
            "productDescription": "Contains Caffeine.\n\nProduct of New Zealand",
            "volume": "250mL",
            "multipack": {
                "quantity": "1"
            }
        },
        "priceData": {
            "bestPrice": "1.99",
            "price": "1.99",
            "pricePerLitre": 8.0,
            "bestPricePerLitre": 8.0
        },
        "store": {
            "id": "d48eba45-0c1c-4f5d-b836-0ed54b45c99c",
            "name": "New World Kerikeri"
        }
    },
    {
        "productData": {
            "name": "Red Bull Energy Drink 250ml Cans 4pk",
            "productId": "5001443_ea_000",
            "productShopPage": "https://www.newworld.co.nz/shop/product/5001443_ea_000nw",
            "productImageURL": "https://a.fsimg.co.nz/product/retail/fan/image/master/5001443.png",
            "productDescription": "Red Bull Energy Drink's special formula contains ingredients of high quality: Caffeine, Taurine, B-Group Vitamins, Sugars, Alpine Water.One 250ml can of Red Bull Energy Drinks contains 80 mg of caffeine, about the same amount as in a cup of home-brewed coffee.The amount of sugars in a can of Red Bull Energy Drink is comparable to the level of sugars in an equivalent amount of apple or orange juice – 11 g per 100ml.Red Bull cans are made of 100% recyclable aluminium.Pack of four 250ml Red Bull Energy Drink cansVitalizes Body and Mind.®RED BULL GIVES YOU WINGSInspired by functional drinks from the Far East, Dietrich Mateschitz founded Red Bull in the mid-1980s. He developed a new product and a unique marketing concept and launched Red Bull Energy Drink on April 1, 1987 in Austria. A brand new product category - Energy Drinks - was born.",
            "volume": "250mL",
            "multipack": {
                "quantity": "4"
            }
        },
        "priceData": {
            "bestPrice": "8.29",
            "price": "8.29",
            "pricePerLitre": 8.299999999999999,
            "bestPricePerLitre": 8.299999999999999
        },
        "store": {
            "id": "d48eba45-0c1c-4f5d-b836-0ed54b45c99c",
            "name": "New World Kerikeri"
        }
    },
    {
        "productData": {
            "name": "V Green Guarana Energy Drink 710ml",
            "productId": "5030250_ea_000",
            "productShopPage": "https://www.newworld.co.nz/shop/product/5030250_ea_000nw",
            "productImageURL": "https://a.fsimg.co.nz/product/retail/fan/image/master/5030250.png",
            "productDescription": "Contains Wheat Derivatives\n\nProduct of Imported",
            "volume": "250mL",
            "multipack": {
                "quantity": "3"
            }
        },
        "priceData": {
            "bestPrice": "3.49",
            "price": "3.49",
            "pricePerLitre": 4.9,
            "bestPricePerLitre": 4.9
        },
        "store": {
            "id": "d48eba45-0c1c-4f5d-b836-0ed54b45c99c",
            "name": "New World Kerikeri"
        }
    },
    {
        "productData": {
            "name": "Lucozade Orange Energy Drink 380ml",
            "productId": "5009239_ea_000",
            "productShopPage": "https://www.newworld.co.nz/shop/product/5009239_ea_000nw",
            "productImageURL": "https://a.fsimg.co.nz/product/retail/fan/image/master/5009239.png",
            "productDescription": "Powered by Glucose.\n\nProduct of New Zealand",
            "volume": "380mL",
            "multipack": {
                "quantity": "1"
            }
        },
        "priceData": {
            "bestPrice": "2.69",
            "price": "2.69",
            "pricePerLitre": 7.08,
            "bestPricePerLitre": 7.08
        },
        "store": {
            "id": "d48eba45-0c1c-4f5d-b836-0ed54b45c99c",
            "name": "New World Kerikeri"
        }
    },
    {
        "productData": {
            "name": "V Pure Natural Energy Drink Glass Bottle 330ml",
            "productId": "5237753_ea_000",
            "productShopPage": "https://www.newworld.co.nz/shop/product/5237753_ea_000nw",
            "productImageURL": "https://a.fsimg.co.nz/product/retail/fan/image/master/5237753.png",
            "productDescription": "Buy 2 for $5.00.\n\n\nNothing artificial\n\nProduct of New Zealand",
            "volume": "330mL",
            "multipack": {
                "quantity": "1"
            }
        },
        "priceData": {
            "bestPrice": 2.5,
            "price": 2.0,
            "pricePerLitre": 6.0606060606060606,
            "bestPricePerLitre": 7.575757575757575,
            "multiBuy": {
                "quantity": 2.0,
                "value": 5.0,
                "perUnit": 2.5
            }
        },
        "store": {
            "id": "d48eba45-0c1c-4f5d-b836-0ed54b45c99c",
            "name": "New World Kerikeri"
        }
    },
    {
        "productData": {
            "name": "Lucozade Original Energy Drink 380ml",
            "productId": "5009240_ea_000",
            "productShopPage": "https://www.newworld.co.nz/shop/product/5009240_ea_000nw",
            "productImageURL": "https://a.fsimg.co.nz/product/retail/fan/image/master/5009240.png",
            "productDescription": "Energy from Glucose.\n\nProduct of New Zealand",
            "volume": "380mL",
            "multipack": {
                "quantity": "1"
            }
        },
        "priceData": {
            "bestPrice": "2.69",
            "price": "2.69",
            "pricePerLitre": 7.08,
            "bestPricePerLitre": 7.08
        },
        "store": {
            "id": "d48eba45-0c1c-4f5d-b836-0ed54b45c99c",
            "name": "New World Kerikeri"
        }
    },
    {
        "productData": {
            "name": "Rockstar Watermelon Freeze Energy Drink 500ml",
            "productId": "5257298_ea_000",
            "productShopPage": "https://www.newworld.co.nz/shop/product/5257298_ea_000nw",
            "productImageURL": "https://a.fsimg.co.nz/product/retail/fan/image/master/5257298.png",
            "productDescription": "Buy 3 for $5.00.\n\n\n\n\nProduct of New Zealand",
            "volume": "500mL",
            "multipack": {
                "quantity": "1"
            }
        },
        "priceData": {
            "bestPrice": 1.6666666666666667,
            "price": 1.0,
            "pricePerLitre": 2.0,
            "bestPricePerLitre": 3.3333333333333335,
            "multiBuy": {
                "quantity": 3.0,
                "value": 5.0,
                "perUnit": 1.6666666666666667
            }
        },
        "store": {
            "id": "d48eba45-0c1c-4f5d-b836-0ed54b45c99c",
            "name": "New World Kerikeri"
        }
    },
    {
        "productData": {
            "name": "V Pure Natural Energy Drink Can 250ml",
            "productId": "5237735_ea_000",
            "productShopPage": "https://www.newworld.co.nz/shop/product/5237735_ea_000nw",
            "productImageURL": "https://a.fsimg.co.nz/product/retail/fan/image/master/5237735.png",
            "productDescription": "6 natural ingredients; Nothing artificial; Apple juice - Apple and lemon juice is reconstituted; Lemon juice - Apple and lemon juice is reconstituted\n\nProduct of New Zealand",
            "volume": "250mL",
            "multipack": {
                "quantity": "1"
            }
        },
        "priceData": {
            "bestPrice": "1.99",
            "price": "1.99",
            "pricePerLitre": 8.0,
            "bestPricePerLitre": 8.0
        },
        "store": {
            "id": "d48eba45-0c1c-4f5d-b836-0ed54b45c99c",
            "name": "New World Kerikeri"
        }
    },
    {
        "productData": {
            "name": "Rockstar Original Energy Drink 500ml",
            "productId": "5215383_ea_000",
            "productShopPage": "https://www.newworld.co.nz/shop/product/5215383_ea_000nw",
            "productImageURL": "https://a.fsimg.co.nz/product/retail/fan/image/master/5215383.png",
            "productDescription": "Buy 3 for $5.00.\n\n\nCaffeine; B vitamins; Vitamin C; Taurine; Ginseng\n\nProduct of New Zealand",
            "volume": "500mL",
            "multipack": {
                "quantity": "1"
            }
        },
        "priceData": {
            "bestPrice": 1.6666666666666667,
            "price": 1.0,
            "pricePerLitre": 2.0,
            "bestPricePerLitre": 3.3333333333333335,
            "multiBuy": {
                "quantity": 3.0,
                "value": 5.0,
                "perUnit": 1.6666666666666667
            }
        },
        "store": {
            "id": "d48eba45-0c1c-4f5d-b836-0ed54b45c99c",
            "name": "New World Kerikeri"
        }
    },
    {
        "productData": {
            "name": "V Berry Twist Sugar Free Can 500ml",
            "productId": "5254654_ea_000",
            "productShopPage": "https://www.newworld.co.nz/shop/product/5254654_ea_000nw",
            "productImageURL": "https://a.fsimg.co.nz/product/retail/fan/image/master/5254654.png",
            "productDescription": "Sugarfree\n\nProduct of New Zealand",
            "volume": "500mL",
            "multipack": {
                "quantity": "1"
            }
        },
        "priceData": {
            "bestPrice": "3.49",
            "price": "3.49",
            "pricePerLitre": 7.0,
            "bestPricePerLitre": 7.0
        },
        "store": {
            "id": "d48eba45-0c1c-4f5d-b836-0ed54b45c99c",
            "name": "New World Kerikeri"
        }
    },
    {
        "productData": {
            "name": "V Raspberry Lemonade Guarana Energy Drink 4pk",
            "productId": "5289907_ea_000",
            "productShopPage": "https://www.newworld.co.nz/shop/product/5289907_ea_000nw",
            "productImageURL": "https://a.fsimg.co.nz/product/retail/fan/image/master/5289907.png",
            "productDescription": "Limit 12 assorted.\n\n\n\n\nProduct of New Zealand",
            "volume": "250mL",
            "multipack": {
                "quantity": "4"
            }
        },
        "priceData": {
            "bestPrice": "5.99",
            "price": "5.99",
            "pricePerLitre": 5.99,
            "bestPricePerLitre": 5.99
        },
        "store": {
            "id": "d48eba45-0c1c-4f5d-b836-0ed54b45c99c",
            "name": "New World Kerikeri"
        }
    },
    {
        "productData": {
            "name": "V Raspberry Lemonade Can 500ml",
            "productId": "5264523_ea_000",
            "productShopPage": "https://www.newworld.co.nz/shop/product/5264523_ea_000nw",
            "productImageURL": "https://a.fsimg.co.nz/product/retail/fan/image/master/5264523.png",
            "productDescription": "Product of New Zealand",
            "volume": "500mL",
            "multipack": {
                "quantity": "1"
            }
        },
        "priceData": {
            "bestPrice": "3.49",
            "price": "3.49",
            "pricePerLitre": 7.0,
            "bestPricePerLitre": 7.0
        },
        "store": {
            "id": "d48eba45-0c1c-4f5d-b836-0ed54b45c99c",
            "name": "New World Kerikeri"
        }
    },
    {
        "productData": {
            "name": "V Blue Can 4pk",
            "productId": "5030249_ea_000",
            "productShopPage": "https://www.newworld.co.nz/shop/product/5030249_ea_000nw",
            "productImageURL": "https://a.fsimg.co.nz/product/retail/fan/image/master/5030249.png",
            "productDescription": "Limit 12 assorted.\n\n\nContains Wheat Derivatives, Caffeine.\n\nProduct of New Zealand",
            "volume": "250mL",
            "multipack": {
                "quantity": "4"
            }
        },
        "priceData": {
            "bestPrice": "5.99",
            "price": "5.99",
            "pricePerLitre": 5.99,
            "bestPricePerLitre": 5.99
        },
        "store": {
            "id": "d48eba45-0c1c-4f5d-b836-0ed54b45c99c",
            "name": "New World Kerikeri"
        }
    },
    {
        "productData": {
            "name": "V Energy Drink Sugarfree Cans 4pk",
            "productId": "5004117_ea_000",
            "productShopPage": "https://www.newworld.co.nz/shop/product/5004117_ea_000nw",
            "productImageURL": "https://a.fsimg.co.nz/product/retail/fan/image/master/5004117.png",
            "productDescription": "Limit 12 assorted.\n\n\nSugar Free. Contains Caffeine.\n\nProduct of New Zealand",
            "volume": "250mL",
            "multipack": {
                "quantity": "4"
            }
        },
        "priceData": {
            "bestPrice": "5.99",
            "price": "5.99",
            "pricePerLitre": 5.99,
            "bestPricePerLitre": 5.99
        },
        "store": {
            "id": "d48eba45-0c1c-4f5d-b836-0ed54b45c99c",
            "name": "New World Kerikeri"
        }
    },
    {
        "productData": {
            "name": "Monster Mango Loco Energy Drink 500ml",
            "productId": "5242374_ea_000",
            "productShopPage": "https://www.newworld.co.nz/shop/product/5242374_ea_000nw",
            "productImageURL": "https://a.fsimg.co.nz/product/retail/fan/image/master/5242374.png",
            "productDescription": "Product of Imported",
            "volume": "500mL",
            "multipack": {
                "quantity": "1"
            }
        },
        "priceData": {
            "bestPrice": "2.99",
            "price": "2.99",
            "pricePerLitre": 6.0,
            "bestPricePerLitre": 6.0
        },
        "store": {
            "id": "d48eba45-0c1c-4f5d-b836-0ed54b45c99c",
            "name": "New World Kerikeri"
        }
    },
    {
        "productData": {
            "name": "Monster Zero Sugar Ultra Rosa Energy Drink 500ml",
            "productId": "5278094_ea_000",
            "productShopPage": "https://www.newworld.co.nz/shop/product/5278094_ea_000nw",
            "productImageURL": "https://a.fsimg.co.nz/product/retail/fan/image/master/5278094.png",
            "productDescription": "Product of Imported",
            "volume": "500mL",
            "multipack": {
                "quantity": "1"
            }
        },
        "priceData": {
            "bestPrice": "2.99",
            "price": "2.99",
            "pricePerLitre": 6.0,
            "bestPricePerLitre": 6.0
        },
        "store": {
            "id": "d48eba45-0c1c-4f5d-b836-0ed54b45c99c",
            "name": "New World Kerikeri"
        }
    },
    {
        "productData": {
            "name": "Monster Mule Energy Drink 500ml",
            "productId": "5269459_ea_000",
            "productShopPage": "https://www.newworld.co.nz/shop/product/5269459_ea_000nw",
            "productImageURL": "https://a.fsimg.co.nz/product/retail/fan/image/master/5269459.png",
            "productDescription": "Product of Imported",
            "volume": "500mL",
            "multipack": {
                "quantity": "1"
            }
        },
        "priceData": {
            "bestPrice": "2.99",
            "price": "2.99",
            "pricePerLitre": 6.0,
            "bestPricePerLitre": 6.0
        },
        "store": {
            "id": "d48eba45-0c1c-4f5d-b836-0ed54b45c99c",
            "name": "New World Kerikeri"
        }
    },
    {
        "productData": {
            "name": "Monster Ultra Paradise Energy Drink 500ml",
            "productId": "5261257_ea_000",
            "productShopPage": "https://www.newworld.co.nz/shop/product/5261257_ea_000nw",
            "productImageURL": "https://a.fsimg.co.nz/product/retail/fan/image/master/5261257.png",
            "productDescription": "Product of Imported",
            "volume": "500mL",
            "multipack": {
                "quantity": "1"
            }
        },
        "priceData": {
            "bestPrice": "2.99",
            "price": "2.99",
            "pricePerLitre": 6.0,
            "bestPricePerLitre": 6.0
        },
        "store": {
            "id": "d48eba45-0c1c-4f5d-b836-0ed54b45c99c",
            "name": "New World Kerikeri"
        }
    },
    {
        "productData": {
            "name": "V Energy Drink Green Cans 4pk",
            "productId": "5002893_ea_000",
            "productShopPage": "https://www.newworld.co.nz/shop/product/5002893_ea_000nw",
            "productImageURL": "https://a.fsimg.co.nz/product/retail/fan/image/master/5002893.png",
            "productDescription": "Limit 12 assorted.\n\n\nContains Caffeine.\n\nProduct of New Zealand",
            "volume": "250mL",
            "multipack": {
                "quantity": "4"
            }
        },
        "priceData": {
            "bestPrice": "5.99",
            "price": "5.99",
            "pricePerLitre": 5.99,
            "bestPricePerLitre": 5.99
        },
        "store": {
            "id": "d48eba45-0c1c-4f5d-b836-0ed54b45c99c",
            "name": "New World Kerikeri"
        }
    },
    {
        "productData": {
            "name": "Monster Ultra Zero Drink 500ml",
            "productId": "5090618_ea_000",
            "productShopPage": "https://www.newworld.co.nz/shop/product/5090618_ea_000nw",
            "productImageURL": "https://a.fsimg.co.nz/product/retail/fan/image/master/5090618.png",
            "productDescription": "A little less sweet, lighter-tasting, zero calories, but with a full load of our Monster energy blend. Sure, white is the new black. Monster Energy Zero Ultra. Unleash the Ultra Beast!\n\nProduct of Imported",
            "volume": "500mL",
            "multipack": {
                "quantity": "1"
            }
        },
        "priceData": {
            "bestPrice": "2.99",
            "price": "2.99",
            "pricePerLitre": 6.0,
            "bestPricePerLitre": 6.0
        },
        "store": {
            "id": "d48eba45-0c1c-4f5d-b836-0ed54b45c99c",
            "name": "New World Kerikeri"
        }
    },
    {
        "productData": {
            "name": "Monster Super Fuel Zero Sugar Energy Drink 550ml",
            "productId": "5284331_ea_000",
            "productShopPage": "https://www.newworld.co.nz/shop/product/5284331_ea_000nw",
            "productImageURL": "https://a.fsimg.co.nz/product/retail/fan/image/master/5284331.png",
            "productDescription": "Product of Imported",
            "volume": "550mL",
            "multipack": {
                "quantity": "1"
            }
        },
        "priceData": {
            "bestPrice": "3.49",
            "price": "3.49",
            "pricePerLitre": 6.345454545454546,
            "bestPricePerLitre": 6.345454545454546
        },
        "store": {
            "id": "d48eba45-0c1c-4f5d-b836-0ed54b45c99c",
            "name": "New World Kerikeri"
        }
    },
    {
        "productData": {
            "name": "Mother Energy Drink Can 500ml",
            "productId": "5011153_ea_000",
            "productShopPage": "https://www.newworld.co.nz/shop/product/5011153_ea_000nw",
            "productImageURL": "https://a.fsimg.co.nz/product/retail/fan/image/master/5011153.png",
            "productDescription": "Contains Caffeine.\n\nProduct of New Zealand",
            "volume": "500mL",
            "multipack": {
                "quantity": "1"
            }
        },
        "priceData": {
            "bestPrice": "1.99",
            "price": "1.99",
            "pricePerLitre": 4.0,
            "bestPricePerLitre": 4.0
        },
        "store": {
            "id": "d48eba45-0c1c-4f5d-b836-0ed54b45c99c",
            "name": "New World Kerikeri"
        }
    },
    {
        "productData": {
            "name": "Monster Super Fuel Purple Passion Energy Drink 550ml",
            "productId": "5284332_ea_000",
            "productShopPage": "https://www.newworld.co.nz/shop/product/5284332_ea_000nw",
            "productImageURL": "https://a.fsimg.co.nz/product/retail/fan/image/master/5284332.png",
            "productDescription": "Product of Imported",
            "volume": "550mL",
            "multipack": {
                "quantity": "1"
            }
        },
        "priceData": {
            "bestPrice": "3.49",
            "price": "3.49",
            "pricePerLitre": 6.345454545454546,
            "bestPricePerLitre": 6.345454545454546
        },
        "store": {
            "id": "d48eba45-0c1c-4f5d-b836-0ed54b45c99c",
            "name": "New World Kerikeri"
        }
    },
    {
        "productData": {
            "name": "Monster Pipeline Punch Energy Drink 500ml",
            "productId": "5242373_ea_000",
            "productShopPage": "https://www.newworld.co.nz/shop/product/5242373_ea_000nw",
            "productImageURL": "https://a.fsimg.co.nz/product/retail/fan/image/master/5242373.png",
            "productDescription": "Product of Imported",
            "volume": "500mL",
            "multipack": {
                "quantity": "1"
            }
        },
        "priceData": {
            "bestPrice": "2.99",
            "price": "2.99",
            "pricePerLitre": 6.0,
            "bestPricePerLitre": 6.0
        },
        "store": {
            "id": "d48eba45-0c1c-4f5d-b836-0ed54b45c99c",
            "name": "New World Kerikeri"
        }
    },
    {
        "productData": {
            "name": "Monster Energy Drink 500ml",
            "productId": "5007647_ea_000",
            "productShopPage": "https://www.newworld.co.nz/shop/product/5007647_ea_000nw",
            "productImageURL": "https://a.fsimg.co.nz/product/retail/fan/image/master/5007647.png",
            "productDescription": "Contains Caffeine.\n\nProduct of Imported",
            "volume": "500mL",
            "multipack": {
                "quantity": "1"
            }
        },
        "priceData": {
            "bestPrice": "2.99",
            "price": "2.99",
            "pricePerLitre": 6.0,
            "bestPricePerLitre": 6.0
        },
        "store": {
            "id": "d48eba45-0c1c-4f5d-b836-0ed54b45c99c",
            "name": "New World Kerikeri"
        }
    },
    {
        "productData": {
            "name": "Monster Ultra Zero Drink 4pk",
            "productId": "5213974_ea_000",
            "productShopPage": "https://www.newworld.co.nz/shop/product/5213974_ea_000nw",
            "productImageURL": "https://a.fsimg.co.nz/product/retail/fan/image/master/5213974.png",
            "productDescription": "Product of Imported",
            "volume": "500mL",
            "multipack": {
                "quantity": "4"
            }
        },
        "priceData": {
            "bestPrice": "11.99",
            "price": "11.99",
            "pricePerLitre": 6.0,
            "bestPricePerLitre": 6.0
        },
        "store": {
            "id": "d48eba45-0c1c-4f5d-b836-0ed54b45c99c",
            "name": "New World Kerikeri"
        }
    },
    {
        "productData": {
            "name": "V Sugarfree Guarana Energy Drink 500ml",
            "productId": "5007644_ea_000",
            "productShopPage": "https://www.newworld.co.nz/shop/product/5007644_ea_000nw",
            "productImageURL": "https://a.fsimg.co.nz/product/retail/fan/image/master/5007644.png",
            "productDescription": "Sugar Free.\n\nProduct of New Zealand",
            "volume": "500mL",
            "multipack": {
                "quantity": "1"
            }
        },
        "priceData": {
            "bestPrice": "3.49",
            "price": "3.49",
            "pricePerLitre": 7.0,
            "bestPricePerLitre": 7.0
        },
        "store": {
            "id": "d48eba45-0c1c-4f5d-b836-0ed54b45c99c",
            "name": "New World Kerikeri"
        }
    },
    {
        "productData": {
            "name": "V Original Guarana Energy Drink 500ml",
            "productId": "5004703_ea_000",
            "productShopPage": "https://www.newworld.co.nz/shop/product/5004703_ea_000nw",
            "productImageURL": "https://a.fsimg.co.nz/product/retail/fan/image/master/5004703.png",
            "productDescription": "Contains Caffeine.\n\nProduct of New Zealand",
            "volume": "500mL",
            "multipack": {
                "quantity": "1"
            }
        },
        "priceData": {
            "bestPrice": "3.49",
            "price": "3.49",
            "pricePerLitre": 7.0,
            "bestPricePerLitre": 7.0
        },
        "store": {
            "id": "d48eba45-0c1c-4f5d-b836-0ed54b45c99c",
            "name": "New World Kerikeri"
        }
    },
    {
        "productData": {
            "name": "V Original Guarana Energy Drink 500ml",
            "productId": "5007441_ea_000",
            "productShopPage": "https://www.newworld.co.nz/shop/product/5007441_ea_000nw",
            "productImageURL": "https://a.fsimg.co.nz/product/retail/fan/image/master/5007441.png",
            "productDescription": "Buy 2 for $5.00.\n\n\nContains Wheat Derivatives, Caffeine.\n\nProduct of New Zealand",
            "volume": "500mL",
            "multipack": {
                "quantity": "1"
            }
        },
        "priceData": {
            "bestPrice": 2.5,
            "price": 2.0,
            "pricePerLitre": 4.0,
            "bestPricePerLitre": 5.0,
            "multiBuy": {
                "quantity": 2.0,
                "value": 5.0,
                "perUnit": 2.5
            }
        },
        "store": {
            "id": "d48eba45-0c1c-4f5d-b836-0ed54b45c99c",
            "name": "New World Kerikeri"
        }
    },
    {
        "productData": {
            "name": "V Blue Guarana Energy Drink 10pk",
            "productId": "5290181_ea_000",
            "productShopPage": "https://www.newworld.co.nz/shop/product/5290181_ea_000nw",
            "productImageURL": "https://a.fsimg.co.nz/product/retail/fan/image/master/5290181.png",
            "productDescription": "Product of New Zealand",
            "volume": "250mL",
            "multipack": {
                "quantity": "10"
            }
        },
        "priceData": {
            "bestPrice": "17.99",
            "price": "17.99",
            "pricePerLitre": 7.2,
            "bestPricePerLitre": 7.2
        },
        "store": {
            "id": "bbe5aa58-69dd-4b29-abe6-58670234b3b7",
            "name": "New World Tawa"
        }
    },
    {
        "productData": {
            "name": "V Blue Guarana Energy Drink 250ml",
            "productId": "5007495_ea_000",
            "productShopPage": "https://www.newworld.co.nz/shop/product/5007495_ea_000nw",
            "productImageURL": "https://a.fsimg.co.nz/product/retail/fan/image/master/5007495.png",
            "productDescription": "Contains Caffeine, Wheat Derivatives.\n\nProduct of New Zealand",
            "volume": "250mL",
            "multipack": {
                "quantity": "1"
            }
        },
        "priceData": {
            "bestPrice": "1.99",
            "price": "1.99",
            "pricePerLitre": 8.0,
            "bestPricePerLitre": 8.0
        },
        "store": {
            "id": "bbe5aa58-69dd-4b29-abe6-58670234b3b7",
            "name": "New World Tawa"
        }
    },
    {
        "productData": {
            "name": "V Sugarfree Guarana Energy Drink 250ml",
            "productId": "5001639_ea_000",
            "productShopPage": "https://www.newworld.co.nz/shop/product/5001639_ea_000nw",
            "productImageURL": "https://a.fsimg.co.nz/product/retail/fan/image/master/5001639.png",
            "productDescription": "Sugar Free. Contains Caffeine.\n\nProduct of New Zealand",
            "volume": "250mL",
            "multipack": {
                "quantity": "1"
            }
        },
        "priceData": {
            "bestPrice": "1.99",
            "price": "1.99",
            "pricePerLitre": 8.0,
            "bestPricePerLitre": 8.0
        },
        "store": {
            "id": "bbe5aa58-69dd-4b29-abe6-58670234b3b7",
            "name": "New World Tawa"
        }
    },
    {
        "productData": {
            "name": "V Raspberry Lemonade Guarana Energy Drink 4pk",
            "productId": "5264576_ea_000",
            "productShopPage": "https://www.newworld.co.nz/shop/product/5264576_ea_000nw",
            "productImageURL": "https://a.fsimg.co.nz/product/retail/fan/image/master/5264576.png",
            "productDescription": "Product of New Zealand",
            "volume": "275mL",
            "multipack": {
                "quantity": "4"
            }
        },
        "priceData": {
            "bestPrice": "9.19",
            "price": "9.19",
            "pricePerLitre": 8.355,
            "bestPricePerLitre": 8.355
        },
        "store": {
            "id": "bbe5aa58-69dd-4b29-abe6-58670234b3b7",
            "name": "New World Tawa"
        }
    },
    {
        "productData": {
            "name": "Live Plus Ascend Energy Drink 250ml",
            "productId": "5236675_ea_000",
            "productShopPage": "https://www.newworld.co.nz/shop/product/5236675_ea_000nw",
            "productImageURL": "https://a.fsimg.co.nz/product/retail/fan/image/master/5236675.png",
            "productDescription": "Limit 12 assorted.\n\n\n\n\nProduct of New Zealand",
            "volume": "",
            "multipack": {
                "quantity": ""
            }
        },
        "priceData": {
            "bestPrice": "0.99",
            "price": "0.99"
        },
        "store": {
            "id": "bbe5aa58-69dd-4b29-abe6-58670234b3b7",
            "name": "New World Tawa"
        }
    },
    {
        "productData": {
            "name": "Live Plus Tart Apple Energy Drink 250ml",
            "productId": "5236676_ea_000",
            "productShopPage": "https://www.newworld.co.nz/shop/product/5236676_ea_000nw",
            "productImageURL": "https://a.fsimg.co.nz/product/retail/fan/image/master/5236676.png",
            "productDescription": "Limit 12 assorted.\n\n\n\n\nProduct of New Zealand",
            "volume": "250mL",
            "multipack": {
                "quantity": "1"
            }
        },
        "priceData": {
            "bestPrice": "0.99",
            "price": "0.99",
            "pricePerLitre": 3.96,
            "bestPricePerLitre": 3.96
        },
        "store": {
            "id": "bbe5aa58-69dd-4b29-abe6-58670234b3b7",
            "name": "New World Tawa"
        }
    },
    {
        "productData": {
            "name": "Live Plus Persist Energy Drink 250ml",
            "productId": "5236678_ea_000",
            "productShopPage": "https://www.newworld.co.nz/shop/product/5236678_ea_000nw",
            "productImageURL": "https://a.fsimg.co.nz/product/retail/fan/image/master/5236678.png",
            "productDescription": "Limit 12 assorted.\n\n\n\n\nProduct of New Zealand",
            "volume": "",
            "multipack": {
                "quantity": ""
            }
        },
        "priceData": {
            "bestPrice": "0.99",
            "price": "0.99"
        },
        "store": {
            "id": "bbe5aa58-69dd-4b29-abe6-58670234b3b7",
            "name": "New World Tawa"
        }
    },
    {
        "productData": {
            "name": "V Sugarfree Blue Guarana Energy Drink 500ml",
            "productId": "5283362_ea_000",
            "productShopPage": "https://www.newworld.co.nz/shop/product/5283362_ea_000nw",
            "productImageURL": "https://a.fsimg.co.nz/product/retail/fan/image/master/5283362.png",
            "productDescription": "Sugar free\n\nProduct of New Zealand",
            "volume": "500mL",
            "multipack": {
                "quantity": "1"
            }
        },
        "priceData": {
            "bestPrice": "3.49",
            "price": "3.49",
            "pricePerLitre": 7.0,
            "bestPricePerLitre": 7.0
        },
        "store": {
            "id": "bbe5aa58-69dd-4b29-abe6-58670234b3b7",
            "name": "New World Tawa"
        }
    },
    {
        "productData": {
            "name": "V Original Guarana Energy Drink 350ml",
            "productId": "5003156_ea_000",
            "productShopPage": "https://www.newworld.co.nz/shop/product/5003156_ea_000nw",
            "productImageURL": "https://a.fsimg.co.nz/product/retail/fan/image/master/5003156.png",
            "productDescription": "Buy 2 for $5.00.\n\n\nContains Caffeine.\n\nProduct of New Zealand",
            "volume": "350mL",
            "multipack": {
                "quantity": "1"
            }
        },
        "priceData": {
            "bestPrice": 2.5,
            "price": 2.0,
            "pricePerLitre": 5.714285714285714,
            "bestPricePerLitre": 7.142857142857143,
            "multiBuy": {
                "quantity": 2.0,
                "value": 5.0,
                "perUnit": 2.5
            }
        },
        "store": {
            "id": "bbe5aa58-69dd-4b29-abe6-58670234b3b7",
            "name": "New World Tawa"
        }
    },
    {
        "productData": {
            "name": "V Blue Guarana Energy Drink Cans 10pk",
            "productId": "5228254_ea_000",
            "productShopPage": "https://www.newworld.co.nz/shop/product/5228254_ea_000nw",
            "productImageURL": "https://a.fsimg.co.nz/product/retail/fan/image/master/5228254.png",
            "productDescription": "Product of New Zealand",
            "volume": "200mL",
            "multipack": {
                "quantity": "10"
            }
        },
        "priceData": {
            "bestPrice": "15.29",
            "price": "15.29",
            "pricePerLitre": 7.6450000000000005,
            "bestPricePerLitre": 7.6450000000000005
        },
        "store": {
            "id": "bbe5aa58-69dd-4b29-abe6-58670234b3b7",
            "name": "New World Tawa"
        }
    },
    {
        "productData": {
            "name": "V Blue Guarana Energy Drink 4pk",
            "productId": "5210055_ea_000",
            "productShopPage": "https://www.newworld.co.nz/shop/product/5210055_ea_000nw",
            "productImageURL": "https://a.fsimg.co.nz/product/retail/fan/image/master/5210055.png",
            "productDescription": "Product of New Zealand",
            "volume": "275mL",
            "multipack": {
                "quantity": "4"
            }
        },
        "priceData": {
            "bestPrice": "9.19",
            "price": "9.19",
            "pricePerLitre": 8.4,
            "bestPricePerLitre": 8.4
        },
        "store": {
            "id": "bbe5aa58-69dd-4b29-abe6-58670234b3b7",
            "name": "New World Tawa"
        }
    },
    {
        "productData": {
            "name": "V Blue Guarana Energy Drink 350ml",
            "productId": "5007492_ea_000",
            "productShopPage": "https://www.newworld.co.nz/shop/product/5007492_ea_000nw",
            "productImageURL": "https://a.fsimg.co.nz/product/retail/fan/image/master/5007492.png",
            "productDescription": "Buy 2 for $5.00.\n\n\nContains Caffeine, Wheat Derivatives.\n\nProduct of New Zealand",
            "volume": "350mL",
            "multipack": {
                "quantity": "1"
            }
        },
        "priceData": {
            "bestPrice": 2.5,
            "price": 2.0,
            "pricePerLitre": 5.714285714285714,
            "bestPricePerLitre": 7.142857142857143,
            "multiBuy": {
                "quantity": 2.0,
                "value": 5.0,
                "perUnit": 2.5
            }
        },
        "store": {
            "id": "bbe5aa58-69dd-4b29-abe6-58670234b3b7",
            "name": "New World Tawa"
        }
    },
    {
        "productData": {
            "name": "V Blue Energy Drink 500ml",
            "productId": "5020662_ea_000",
            "productShopPage": "https://www.newworld.co.nz/shop/product/5020662_ea_000nw",
            "productImageURL": "https://a.fsimg.co.nz/product/retail/fan/image/master/5020662.png",
            "productDescription": "Buy 2 for $5.00.\n\n\n\n\nProduct of New Zealand",
            "volume": "500mL",
            "multipack": {
                "quantity": "1"
            }
        },
        "priceData": {
            "bestPrice": 2.5,
            "price": 2.0,
            "pricePerLitre": 4.0,
            "bestPricePerLitre": 5.0,
            "multiBuy": {
                "quantity": 2.0,
                "value": 5.0,
                "perUnit": 2.5
            }
        },
        "store": {
            "id": "bbe5aa58-69dd-4b29-abe6-58670234b3b7",
            "name": "New World Tawa"
        }
    },
    {
        "productData": {
            "name": "V Blue Guarana Energy Drink 500ml",
            "productId": "5007494_ea_000",
            "productShopPage": "https://www.newworld.co.nz/shop/product/5007494_ea_000nw",
            "productImageURL": "https://a.fsimg.co.nz/product/retail/fan/image/master/5007494.png",
            "productDescription": "Contains Wheat Derivatives, Caffeine.\n\nProduct of New Zealand",
            "volume": "500mL",
            "multipack": {
                "quantity": "1"
            }
        },
        "priceData": {
            "bestPrice": "3.49",
            "price": "3.49",
            "pricePerLitre": 7.0,
            "bestPricePerLitre": 7.0
        },
        "store": {
            "id": "bbe5aa58-69dd-4b29-abe6-58670234b3b7",
            "name": "New World Tawa"
        }
    },
    {
        "productData": {
            "name": "Red Bull Energy Drink 473ml",
            "productId": "5005255_ea_000",
            "productShopPage": "https://www.newworld.co.nz/shop/product/5005255_ea_000nw",
            "productImageURL": "https://a.fsimg.co.nz/product/retail/fan/image/master/5005255.png",
            "productDescription": "Red Bull Energy Drink's special formula contains ingredients of high quality: Caffeine, Taurine, B-Group Vitamins, Sugars, Alpine Water.One 250ml can of Red Bull Energy Drinks contains 80 mg of caffeine, about the same amount as in a cup of home-brewed coffee.The amount of sugars in a can of Red Bull Energy Drink is comparable to the level of sugars in an equivalent amount of apple or orange juice – 11 g per 100ml.Red Bull cans are made of 100% recyclable aluminium.Red Bull Energy Drink 473ml canVitalizes Body and Mind.®RED BULL GIVES YOU WINGSInspired by functional drinks from the Far East, Dietrich Mateschitz founded Red Bull in the mid-1980s. He developed a new product and a unique marketing concept and launched Red Bull Energy Drink on April 1, 1987 in Austria. A brand new product category - Energy Drinks - was born.\n\nProduct of Imported",
            "volume": "473mL",
            "multipack": {
                "quantity": "1"
            }
        },
        "priceData": {
            "bestPrice": "3.59",
            "price": "3.59",
            "pricePerLitre": 7.6,
            "bestPricePerLitre": 7.6
        },
        "store": {
            "id": "bbe5aa58-69dd-4b29-abe6-58670234b3b7",
            "name": "New World Tawa"
        }
    },
    {
        "productData": {
            "name": "V Original Guarana Energy Drink 250ml",
            "productId": "5003151_ea_000",
            "productShopPage": "https://www.newworld.co.nz/shop/product/5003151_ea_000nw",
            "productImageURL": "https://a.fsimg.co.nz/product/retail/fan/image/master/5003151.png",
            "productDescription": "Contains Caffeine.\n\nProduct of New Zealand",
            "volume": "250mL",
            "multipack": {
                "quantity": "1"
            }
        },
        "priceData": {
            "bestPrice": "1.99",
            "price": "1.99",
            "pricePerLitre": 8.0,
            "bestPricePerLitre": 8.0
        },
        "store": {
            "id": "bbe5aa58-69dd-4b29-abe6-58670234b3b7",
            "name": "New World Tawa"
        }
    },
    {
        "productData": {
            "name": "Red Bull Energy Drink 250ml Cans 4pk",
            "productId": "5001443_ea_000",
            "productShopPage": "https://www.newworld.co.nz/shop/product/5001443_ea_000nw",
            "productImageURL": "https://a.fsimg.co.nz/product/retail/fan/image/master/5001443.png",
            "productDescription": "Red Bull Energy Drink's special formula contains ingredients of high quality: Caffeine, Taurine, B-Group Vitamins, Sugars, Alpine Water.One 250ml can of Red Bull Energy Drinks contains 80 mg of caffeine, about the same amount as in a cup of home-brewed coffee.The amount of sugars in a can of Red Bull Energy Drink is comparable to the level of sugars in an equivalent amount of apple or orange juice – 11 g per 100ml.Red Bull cans are made of 100% recyclable aluminium.Pack of four 250ml Red Bull Energy Drink cansVitalizes Body and Mind.®RED BULL GIVES YOU WINGSInspired by functional drinks from the Far East, Dietrich Mateschitz founded Red Bull in the mid-1980s. He developed a new product and a unique marketing concept and launched Red Bull Energy Drink on April 1, 1987 in Austria. A brand new product category - Energy Drinks - was born.",
            "volume": "250mL",
            "multipack": {
                "quantity": "4"
            }
        },
        "priceData": {
            "bestPrice": "8.29",
            "price": "8.29",
            "pricePerLitre": 8.299999999999999,
            "bestPricePerLitre": 8.299999999999999
        },
        "store": {
            "id": "bbe5aa58-69dd-4b29-abe6-58670234b3b7",
            "name": "New World Tawa"
        }
    },
    {
        "productData": {
            "name": "Lucozade Orange Energy Drink 380ml",
            "productId": "5009239_ea_000",
            "productShopPage": "https://www.newworld.co.nz/shop/product/5009239_ea_000nw",
            "productImageURL": "https://a.fsimg.co.nz/product/retail/fan/image/master/5009239.png",
            "productDescription": "Powered by Glucose.\n\nProduct of New Zealand",
            "volume": "380mL",
            "multipack": {
                "quantity": "1"
            }
        },
        "priceData": {
            "bestPrice": "2.69",
            "price": "2.69",
            "pricePerLitre": 7.08,
            "bestPricePerLitre": 7.08
        },
        "store": {
            "id": "bbe5aa58-69dd-4b29-abe6-58670234b3b7",
            "name": "New World Tawa"
        }
    },
    {
        "productData": {
            "name": "V Pure Natural Energy Drink Glass Bottle 330ml",
            "productId": "5237753_ea_000",
            "productShopPage": "https://www.newworld.co.nz/shop/product/5237753_ea_000nw",
            "productImageURL": "https://a.fsimg.co.nz/product/retail/fan/image/master/5237753.png",
            "productDescription": "Buy 2 for $5.00.\n\n\nNothing artificial\n\nProduct of New Zealand",
            "volume": "330mL",
            "multipack": {
                "quantity": "1"
            }
        },
        "priceData": {
            "bestPrice": 2.5,
            "price": 2.0,
            "pricePerLitre": 6.0606060606060606,
            "bestPricePerLitre": 7.575757575757575,
            "multiBuy": {
                "quantity": 2.0,
                "value": 5.0,
                "perUnit": 2.5
            }
        },
        "store": {
            "id": "bbe5aa58-69dd-4b29-abe6-58670234b3b7",
            "name": "New World Tawa"
        }
    },
    {
        "productData": {
            "name": "Rockstar Watermelon Freeze Energy Drink 500ml",
            "productId": "5257298_ea_000",
            "productShopPage": "https://www.newworld.co.nz/shop/product/5257298_ea_000nw",
            "productImageURL": "https://a.fsimg.co.nz/product/retail/fan/image/master/5257298.png",
            "productDescription": "Buy 3 for $5.00.\n\n\n\n\nProduct of New Zealand",
            "volume": "500mL",
            "multipack": {
                "quantity": "1"
            }
        },
        "priceData": {
            "bestPrice": 1.6666666666666667,
            "price": 1.0,
            "pricePerLitre": 2.0,
            "bestPricePerLitre": 3.3333333333333335,
            "multiBuy": {
                "quantity": 3.0,
                "value": 5.0,
                "perUnit": 1.6666666666666667
            }
        },
        "store": {
            "id": "bbe5aa58-69dd-4b29-abe6-58670234b3b7",
            "name": "New World Tawa"
        }
    },
    {
        "productData": {
            "name": "V Pure Natural Energy Drink Can 250ml",
            "productId": "5237735_ea_000",
            "productShopPage": "https://www.newworld.co.nz/shop/product/5237735_ea_000nw",
            "productImageURL": "https://a.fsimg.co.nz/product/retail/fan/image/master/5237735.png",
            "productDescription": "6 natural ingredients; Nothing artificial; Apple juice - Apple and lemon juice is reconstituted; Lemon juice - Apple and lemon juice is reconstituted\n\nProduct of New Zealand",
            "volume": "250mL",
            "multipack": {
                "quantity": "1"
            }
        },
        "priceData": {
            "bestPrice": "1.99",
            "price": "1.99",
            "pricePerLitre": 8.0,
            "bestPricePerLitre": 8.0
        },
        "store": {
            "id": "bbe5aa58-69dd-4b29-abe6-58670234b3b7",
            "name": "New World Tawa"
        }
    },
    {
        "productData": {
            "name": "Rockstar Original Energy Drink 500ml",
            "productId": "5215383_ea_000",
            "productShopPage": "https://www.newworld.co.nz/shop/product/5215383_ea_000nw",
            "productImageURL": "https://a.fsimg.co.nz/product/retail/fan/image/master/5215383.png",
            "productDescription": "Buy 3 for $5.00.\n\n\nCaffeine; B vitamins; Vitamin C; Taurine; Ginseng\n\nProduct of New Zealand",
            "volume": "500mL",
            "multipack": {
                "quantity": "1"
            }
        },
        "priceData": {
            "bestPrice": 1.6666666666666667,
            "price": 1.0,
            "pricePerLitre": 2.0,
            "bestPricePerLitre": 3.3333333333333335,
            "multiBuy": {
                "quantity": 3.0,
                "value": 5.0,
                "perUnit": 1.6666666666666667
            }
        },
        "store": {
            "id": "bbe5aa58-69dd-4b29-abe6-58670234b3b7",
            "name": "New World Tawa"
        }
    },
    {
        "productData": {
            "name": "V Berry Twist Sugar Free Can 500ml",
            "productId": "5254654_ea_000",
            "productShopPage": "https://www.newworld.co.nz/shop/product/5254654_ea_000nw",
            "productImageURL": "https://a.fsimg.co.nz/product/retail/fan/image/master/5254654.png",
            "productDescription": "Sugarfree\n\nProduct of New Zealand",
            "volume": "500mL",
            "multipack": {
                "quantity": "1"
            }
        },
        "priceData": {
            "bestPrice": "3.49",
            "price": "3.49",
            "pricePerLitre": 7.0,
            "bestPricePerLitre": 7.0
        },
        "store": {
            "id": "bbe5aa58-69dd-4b29-abe6-58670234b3b7",
            "name": "New World Tawa"
        }
    },
    {
        "productData": {
            "name": "V Raspberry Lemonade Can 500ml",
            "productId": "5264523_ea_000",
            "productShopPage": "https://www.newworld.co.nz/shop/product/5264523_ea_000nw",
            "productImageURL": "https://a.fsimg.co.nz/product/retail/fan/image/master/5264523.png",
            "productDescription": "Product of New Zealand",
            "volume": "500mL",
            "multipack": {
                "quantity": "1"
            }
        },
        "priceData": {
            "bestPrice": "3.49",
            "price": "3.49",
            "pricePerLitre": 7.0,
            "bestPricePerLitre": 7.0
        },
        "store": {
            "id": "bbe5aa58-69dd-4b29-abe6-58670234b3b7",
            "name": "New World Tawa"
        }
    },
    {
        "productData": {
            "name": "Monster Zero Sugar Ultra Rosa Energy Drink 500ml",
            "productId": "5278094_ea_000",
            "productShopPage": "https://www.newworld.co.nz/shop/product/5278094_ea_000nw",
            "productImageURL": "https://a.fsimg.co.nz/product/retail/fan/image/master/5278094.png",
            "productDescription": "Product of Imported",
            "volume": "500mL",
            "multipack": {
                "quantity": "1"
            }
        },
        "priceData": {
            "bestPrice": "2.99",
            "price": "2.99",
            "pricePerLitre": 6.0,
            "bestPricePerLitre": 6.0
        },
        "store": {
            "id": "bbe5aa58-69dd-4b29-abe6-58670234b3b7",
            "name": "New World Tawa"
        }
    },
    {
        "productData": {
            "name": "Monster Mule Energy Drink 500ml",
            "productId": "5269459_ea_000",
            "productShopPage": "https://www.newworld.co.nz/shop/product/5269459_ea_000nw",
            "productImageURL": "https://a.fsimg.co.nz/product/retail/fan/image/master/5269459.png",
            "productDescription": "Product of Imported",
            "volume": "500mL",
            "multipack": {
                "quantity": "1"
            }
        },
        "priceData": {
            "bestPrice": "2.99",
            "price": "2.99",
            "pricePerLitre": 6.0,
            "bestPricePerLitre": 6.0
        },
        "store": {
            "id": "bbe5aa58-69dd-4b29-abe6-58670234b3b7",
            "name": "New World Tawa"
        }
    },
    {
        "productData": {
            "name": "Monster Ultra Paradise Energy Drink 500ml",
            "productId": "5261257_ea_000",
            "productShopPage": "https://www.newworld.co.nz/shop/product/5261257_ea_000nw",
            "productImageURL": "https://a.fsimg.co.nz/product/retail/fan/image/master/5261257.png",
            "productDescription": "Product of Imported",
            "volume": "500mL",
            "multipack": {
                "quantity": "1"
            }
        },
        "priceData": {
            "bestPrice": "2.99",
            "price": "2.99",
            "pricePerLitre": 6.0,
            "bestPricePerLitre": 6.0
        },
        "store": {
            "id": "bbe5aa58-69dd-4b29-abe6-58670234b3b7",
            "name": "New World Tawa"
        }
    },
    {
        "productData": {
            "name": "Monster Ultra Zero Drink 500ml",
            "productId": "5090618_ea_000",
            "productShopPage": "https://www.newworld.co.nz/shop/product/5090618_ea_000nw",
            "productImageURL": "https://a.fsimg.co.nz/product/retail/fan/image/master/5090618.png",
            "productDescription": "A little less sweet, lighter-tasting, zero calories, but with a full load of our Monster energy blend. Sure, white is the new black. Monster Energy Zero Ultra. Unleash the Ultra Beast!\n\nProduct of Imported",
            "volume": "500mL",
            "multipack": {
                "quantity": "1"
            }
        },
        "priceData": {
            "bestPrice": "2.99",
            "price": "2.99",
            "pricePerLitre": 6.0,
            "bestPricePerLitre": 6.0
        },
        "store": {
            "id": "bbe5aa58-69dd-4b29-abe6-58670234b3b7",
            "name": "New World Tawa"
        }
    },
    {
        "productData": {
            "name": "Monster Super Fuel Zero Sugar Energy Drink 550ml",
            "productId": "5284331_ea_000",
            "productShopPage": "https://www.newworld.co.nz/shop/product/5284331_ea_000nw",
            "productImageURL": "https://a.fsimg.co.nz/product/retail/fan/image/master/5284331.png",
            "productDescription": "Product of Imported",
            "volume": "550mL",
            "multipack": {
                "quantity": "1"
            }
        },
        "priceData": {
            "bestPrice": "3.49",
            "price": "3.49",
            "pricePerLitre": 6.345454545454546,
            "bestPricePerLitre": 6.345454545454546
        },
        "store": {
            "id": "bbe5aa58-69dd-4b29-abe6-58670234b3b7",
            "name": "New World Tawa"
        }
    },
    {
        "productData": {
            "name": "Mother Energy Drink Can 500ml",
            "productId": "5011153_ea_000",
            "productShopPage": "https://www.newworld.co.nz/shop/product/5011153_ea_000nw",
            "productImageURL": "https://a.fsimg.co.nz/product/retail/fan/image/master/5011153.png",
            "productDescription": "Contains Caffeine.\n\nProduct of New Zealand",
            "volume": "500mL",
            "multipack": {
                "quantity": "1"
            }
        },
        "priceData": {
            "bestPrice": "1.99",
            "price": "1.99",
            "pricePerLitre": 4.0,
            "bestPricePerLitre": 4.0
        },
        "store": {
            "id": "bbe5aa58-69dd-4b29-abe6-58670234b3b7",
            "name": "New World Tawa"
        }
    },
    {
        "productData": {
            "name": "Monster Super Fuel Purple Passion Energy Drink 550ml",
            "productId": "5284332_ea_000",
            "productShopPage": "https://www.newworld.co.nz/shop/product/5284332_ea_000nw",
            "productImageURL": "https://a.fsimg.co.nz/product/retail/fan/image/master/5284332.png",
            "productDescription": "Product of Imported",
            "volume": "550mL",
            "multipack": {
                "quantity": "1"
            }
        },
        "priceData": {
            "bestPrice": "3.49",
            "price": "3.49",
            "pricePerLitre": 6.345454545454546,
            "bestPricePerLitre": 6.345454545454546
        },
        "store": {
            "id": "bbe5aa58-69dd-4b29-abe6-58670234b3b7",
            "name": "New World Tawa"
        }
    },
    {
        "productData": {
            "name": "Mother Energy Drink Can 6pk",
            "productId": "5009490_ea_000",
            "productShopPage": "https://www.newworld.co.nz/shop/product/5009490_ea_000nw",
            "productImageURL": "https://a.fsimg.co.nz/product/retail/fan/image/master/5009490.png",
            "productDescription": "Contains Caffeine.\n\nProduct of New Zealand",
            "volume": "250mL",
            "multipack": {
                "quantity": "6"
            }
        },
        "priceData": {
            "bestPrice": "7.49",
            "price": "7.49",
            "pricePerLitre": 5.0,
            "bestPricePerLitre": 5.0
        },
        "store": {
            "id": "bbe5aa58-69dd-4b29-abe6-58670234b3b7",
            "name": "New World Tawa"
        }
    },
    {
        "productData": {
            "name": "Monster Pipeline Punch Energy Drink 500ml",
            "productId": "5242373_ea_000",
            "productShopPage": "https://www.newworld.co.nz/shop/product/5242373_ea_000nw",
            "productImageURL": "https://a.fsimg.co.nz/product/retail/fan/image/master/5242373.png",
            "productDescription": "Product of Imported",
            "volume": "500mL",
            "multipack": {
                "quantity": "1"
            }
        },
        "priceData": {
            "bestPrice": "2.99",
            "price": "2.99",
            "pricePerLitre": 6.0,
            "bestPricePerLitre": 6.0
        },
        "store": {
            "id": "bbe5aa58-69dd-4b29-abe6-58670234b3b7",
            "name": "New World Tawa"
        }
    },
    {
        "productData": {
            "name": "Monster Energy Drink 500ml",
            "productId": "5007647_ea_000",
            "productShopPage": "https://www.newworld.co.nz/shop/product/5007647_ea_000nw",
            "productImageURL": "https://a.fsimg.co.nz/product/retail/fan/image/master/5007647.png",
            "productDescription": "Contains Caffeine.\n\nProduct of Imported",
            "volume": "500mL",
            "multipack": {
                "quantity": "1"
            }
        },
        "priceData": {
            "bestPrice": "2.99",
            "price": "2.99",
            "pricePerLitre": 6.0,
            "bestPricePerLitre": 6.0
        },
        "store": {
            "id": "bbe5aa58-69dd-4b29-abe6-58670234b3b7",
            "name": "New World Tawa"
        }
    },
    {
        "productData": {
            "name": "Monster Ultra Zero Drink 4pk",
            "productId": "5213974_ea_000",
            "productShopPage": "https://www.newworld.co.nz/shop/product/5213974_ea_000nw",
            "productImageURL": "https://a.fsimg.co.nz/product/retail/fan/image/master/5213974.png",
            "productDescription": "Product of Imported",
            "volume": "500mL",
            "multipack": {
                "quantity": "4"
            }
        },
        "priceData": {
            "bestPrice": "11.99",
            "price": "11.99",
            "pricePerLitre": 6.0,
            "bestPricePerLitre": 6.0
        },
        "store": {
            "id": "bbe5aa58-69dd-4b29-abe6-58670234b3b7",
            "name": "New World Tawa"
        }
    },
    {
        "productData": {
            "name": "Monster Energy Drink 4pk",
            "productId": "5107264_ea_000",
            "productShopPage": "https://www.newworld.co.nz/shop/product/5107264_ea_000nw",
            "productImageURL": "https://a.fsimg.co.nz/product/retail/fan/image/master/5107264.png",
            "productDescription": "Product of Imported",
            "volume": "",
            "multipack": {
                "quantity": ""
            }
        },
        "priceData": {
            "bestPrice": "11.99",
            "price": "11.99",
            "pricePerLitre": 6.0,
            "bestPricePerLitre": 6.0
        },
        "store": {
            "id": "bbe5aa58-69dd-4b29-abe6-58670234b3b7",
            "name": "New World Tawa"
        }
    },
    {
        "productData": {
            "name": "V Sugarfree Guarana Energy Drink 500ml",
            "productId": "5007644_ea_000",
            "productShopPage": "https://www.newworld.co.nz/shop/product/5007644_ea_000nw",
            "productImageURL": "https://a.fsimg.co.nz/product/retail/fan/image/master/5007644.png",
            "productDescription": "Sugar Free.\n\nProduct of New Zealand",
            "volume": "500mL",
            "multipack": {
                "quantity": "1"
            }
        },
        "priceData": {
            "bestPrice": "3.49",
            "price": "3.49",
            "pricePerLitre": 7.0,
            "bestPricePerLitre": 7.0
        },
        "store": {
            "id": "bbe5aa58-69dd-4b29-abe6-58670234b3b7",
            "name": "New World Tawa"
        }
    },
    {
        "productData": {
            "name": "V Original Guarana Energy Drink 500ml",
            "productId": "5004703_ea_000",
            "productShopPage": "https://www.newworld.co.nz/shop/product/5004703_ea_000nw",
            "productImageURL": "https://a.fsimg.co.nz/product/retail/fan/image/master/5004703.png",
            "productDescription": "Contains Caffeine.\n\nProduct of New Zealand",
            "volume": "500mL",
            "multipack": {
                "quantity": "1"
            }
        },
        "priceData": {
            "bestPrice": "3.49",
            "price": "3.49",
            "pricePerLitre": 7.0,
            "bestPricePerLitre": 7.0
        },
        "store": {
            "id": "bbe5aa58-69dd-4b29-abe6-58670234b3b7",
            "name": "New World Tawa"
        }
    },
    {
        "productData": {
            "name": "V Original Guarana Energy Drink 4pk",
            "productId": "5210048_ea_000",
            "productShopPage": "https://www.newworld.co.nz/shop/product/5210048_ea_000nw",
            "productImageURL": "https://a.fsimg.co.nz/product/retail/fan/image/master/5210048.png",
            "productDescription": "Product of New Zealand",
            "volume": "275mL",
            "multipack": {
                "quantity": "4"
            }
        },
        "priceData": {
            "bestPrice": "9.19",
            "price": "9.19",
            "pricePerLitre": 8.4,
            "bestPricePerLitre": 8.4
        },
        "store": {
            "id": "bbe5aa58-69dd-4b29-abe6-58670234b3b7",
            "name": "New World Tawa"
        }
    },
    {
        "productData": {
            "name": "V Green Guarana Energy Drink Cans 10pk",
            "productId": "5210061_ea_000",
            "productShopPage": "https://www.newworld.co.nz/shop/product/5210061_ea_000nw",
            "productImageURL": "https://a.fsimg.co.nz/product/retail/fan/image/master/5210061.png",
            "productDescription": "Product of New Zealand",
            "volume": "200mL",
            "multipack": {
                "quantity": "10"
            }
        },
        "priceData": {
            "bestPrice": "15.29",
            "price": "15.29",
            "pricePerLitre": 7.6,
            "bestPricePerLitre": 7.6
        },
        "store": {
            "id": "bbe5aa58-69dd-4b29-abe6-58670234b3b7",
            "name": "New World Tawa"
        }
    },
    {
        "productData": {
            "name": "V Original Guarana Energy Drink 500ml",
            "productId": "5007441_ea_000",
            "productShopPage": "https://www.newworld.co.nz/shop/product/5007441_ea_000nw",
            "productImageURL": "https://a.fsimg.co.nz/product/retail/fan/image/master/5007441.png",
            "productDescription": "Buy 2 for $5.00.\n\n\nContains Wheat Derivatives, Caffeine.\n\nProduct of New Zealand",
            "volume": "500mL",
            "multipack": {
                "quantity": "1"
            }
        },
        "priceData": {
            "bestPrice": 2.5,
            "price": 2.0,
            "pricePerLitre": 4.0,
            "bestPricePerLitre": 5.0,
            "multiBuy": {
                "quantity": 2.0,
                "value": 5.0,
                "perUnit": 2.5
            }
        },
        "store": {
            "id": "bbe5aa58-69dd-4b29-abe6-58670234b3b7",
            "name": "New World Tawa"
        }
    },
    {
        "productData": {
            "name": "V Blue Guarana Energy Drink 250ml",
            "productId": "5007495_ea_000",
            "productShopPage": "https://www.newworld.co.nz/shop/product/5007495_ea_000nw",
            "productImageURL": "https://a.fsimg.co.nz/product/retail/fan/image/master/5007495.png",
            "productDescription": "Contains Caffeine, Wheat Derivatives.\n\nProduct of New Zealand",
            "volume": "250mL",
            "multipack": {
                "quantity": "1"
            }
        },
        "priceData": {
            "bestPrice": "1.99",
            "price": "1.99",
            "pricePerLitre": 8.0,
            "bestPricePerLitre": 8.0
        },
        "store": {
            "id": "c3a42e9d-ac58-4abf-be43-17920c720540",
            "name": "New World Stonefields"
        }
    },
    {
        "productData": {
            "name": "V Sugarfree Blue Guarana Energy Drink 4pk",
            "productId": "5289891_ea_000",
            "productShopPage": "https://www.newworld.co.nz/shop/product/5289891_ea_000nw",
            "productImageURL": "https://a.fsimg.co.nz/product/retail/fan/image/master/5289891.png",
            "productDescription": "Limit 12 assorted.\n\n\n\n\nProduct of New Zealand",
            "volume": "250mL",
            "multipack": {
                "quantity": "4"
            }
        },
        "priceData": {
            "bestPrice": "5.99",
            "price": "5.99",
            "pricePerLitre": 5.99,
            "bestPricePerLitre": 5.99
        },
        "store": {
            "id": "c3a42e9d-ac58-4abf-be43-17920c720540",
            "name": "New World Stonefields"
        }
    },
    {
        "productData": {
            "name": "V Sugarfree Guarana Energy Drink 250ml",
            "productId": "5001639_ea_000",
            "productShopPage": "https://www.newworld.co.nz/shop/product/5001639_ea_000nw",
            "productImageURL": "https://a.fsimg.co.nz/product/retail/fan/image/master/5001639.png",
            "productDescription": "Sugar Free. Contains Caffeine.\n\nProduct of New Zealand",
            "volume": "250mL",
            "multipack": {
                "quantity": "1"
            }
        },
        "priceData": {
            "bestPrice": "1.99",
            "price": "1.99",
            "pricePerLitre": 8.0,
            "bestPricePerLitre": 8.0
        },
        "store": {
            "id": "c3a42e9d-ac58-4abf-be43-17920c720540",
            "name": "New World Stonefields"
        }
    },
    {
        "productData": {
            "name": "V Green Guarana Energy Drink 6pk",
            "productId": "5272987_ea_000",
            "productShopPage": "https://www.newworld.co.nz/shop/product/5272987_ea_000nw",
            "productImageURL": "https://a.fsimg.co.nz/product/retail/fan/image/master/5272987.png",
            "productDescription": "Product of New Zealand",
            "volume": "330mL",
            "multipack": {
                "quantity": "6"
            }
        },
        "priceData": {
            "bestPrice": "11.99",
            "price": "11.99",
            "pricePerLitre": 6.05,
            "bestPricePerLitre": 6.05
        },
        "store": {
            "id": "c3a42e9d-ac58-4abf-be43-17920c720540",
            "name": "New World Stonefields"
        }
    },
    {
        "productData": {
            "name": "Live Plus Persist Energy Drink 250ml",
            "productId": "5236678_ea_000",
            "productShopPage": "https://www.newworld.co.nz/shop/product/5236678_ea_000nw",
            "productImageURL": "https://a.fsimg.co.nz/product/retail/fan/image/master/5236678.png",
            "productDescription": "Limit 12 assorted.\n\n\n\n\nProduct of New Zealand",
            "volume": "",
            "multipack": {
                "quantity": ""
            }
        },
        "priceData": {
            "bestPrice": "0.99",
            "price": "0.99"
        },
        "store": {
            "id": "c3a42e9d-ac58-4abf-be43-17920c720540",
            "name": "New World Stonefields"
        }
    },
    {
        "productData": {
            "name": "V Sugarfree Blue Guarana Energy Drink 500ml",
            "productId": "5283362_ea_000",
            "productShopPage": "https://www.newworld.co.nz/shop/product/5283362_ea_000nw",
            "productImageURL": "https://a.fsimg.co.nz/product/retail/fan/image/master/5283362.png",
            "productDescription": "Sugar free\n\nProduct of New Zealand",
            "volume": "500mL",
            "multipack": {
                "quantity": "1"
            }
        },
        "priceData": {
            "bestPrice": "3.49",
            "price": "3.49",
            "pricePerLitre": 7.0,
            "bestPricePerLitre": 7.0
        },
        "store": {
            "id": "c3a42e9d-ac58-4abf-be43-17920c720540",
            "name": "New World Stonefields"
        }
    },
    {
        "productData": {
            "name": "V Original Guarana Energy Drink 350ml",
            "productId": "5003156_ea_000",
            "productShopPage": "https://www.newworld.co.nz/shop/product/5003156_ea_000nw",
            "productImageURL": "https://a.fsimg.co.nz/product/retail/fan/image/master/5003156.png",
            "productDescription": "Buy 2 for $5.00.\n\n\nContains Caffeine.\n\nProduct of New Zealand",
            "volume": "350mL",
            "multipack": {
                "quantity": "1"
            }
        },
        "priceData": {
            "bestPrice": 2.5,
            "price": 2.0,
            "pricePerLitre": 5.714285714285714,
            "bestPricePerLitre": 7.142857142857143,
            "multiBuy": {
                "quantity": 2.0,
                "value": 5.0,
                "perUnit": 2.5
            }
        },
        "store": {
            "id": "c3a42e9d-ac58-4abf-be43-17920c720540",
            "name": "New World Stonefields"
        }
    },
    {
        "productData": {
            "name": "V Blue Guarana Energy Drink 350ml",
            "productId": "5007492_ea_000",
            "productShopPage": "https://www.newworld.co.nz/shop/product/5007492_ea_000nw",
            "productImageURL": "https://a.fsimg.co.nz/product/retail/fan/image/master/5007492.png",
            "productDescription": "Buy 2 for $5.00.\n\n\nContains Caffeine, Wheat Derivatives.\n\nProduct of New Zealand",
            "volume": "350mL",
            "multipack": {
                "quantity": "1"
            }
        },
        "priceData": {
            "bestPrice": 2.5,
            "price": 2.0,
            "pricePerLitre": 5.714285714285714,
            "bestPricePerLitre": 7.142857142857143,
            "multiBuy": {
                "quantity": 2.0,
                "value": 5.0,
                "perUnit": 2.5
            }
        },
        "store": {
            "id": "c3a42e9d-ac58-4abf-be43-17920c720540",
            "name": "New World Stonefields"
        }
    },
    {
        "productData": {
            "name": "V Blue Energy Drink 500ml",
            "productId": "5020662_ea_000",
            "productShopPage": "https://www.newworld.co.nz/shop/product/5020662_ea_000nw",
            "productImageURL": "https://a.fsimg.co.nz/product/retail/fan/image/master/5020662.png",
            "productDescription": "Buy 2 for $5.00.\n\n\n\n\nProduct of New Zealand",
            "volume": "500mL",
            "multipack": {
                "quantity": "1"
            }
        },
        "priceData": {
            "bestPrice": 2.5,
            "price": 2.0,
            "pricePerLitre": 4.0,
            "bestPricePerLitre": 5.0,
            "multiBuy": {
                "quantity": 2.0,
                "value": 5.0,
                "perUnit": 2.5
            }
        },
        "store": {
            "id": "c3a42e9d-ac58-4abf-be43-17920c720540",
            "name": "New World Stonefields"
        }
    },
    {
        "productData": {
            "name": "V Blue Guarana Energy Drink 500ml",
            "productId": "5007494_ea_000",
            "productShopPage": "https://www.newworld.co.nz/shop/product/5007494_ea_000nw",
            "productImageURL": "https://a.fsimg.co.nz/product/retail/fan/image/master/5007494.png",
            "productDescription": "Contains Wheat Derivatives, Caffeine.\n\nProduct of New Zealand",
            "volume": "500mL",
            "multipack": {
                "quantity": "1"
            }
        },
        "priceData": {
            "bestPrice": "3.49",
            "price": "3.49",
            "pricePerLitre": 7.0,
            "bestPricePerLitre": 7.0
        },
        "store": {
            "id": "c3a42e9d-ac58-4abf-be43-17920c720540",
            "name": "New World Stonefields"
        }
    },
    {
        "productData": {
            "name": "Red Bull Energy Drink 473ml",
            "productId": "5005255_ea_000",
            "productShopPage": "https://www.newworld.co.nz/shop/product/5005255_ea_000nw",
            "productImageURL": "https://a.fsimg.co.nz/product/retail/fan/image/master/5005255.png",
            "productDescription": "Red Bull Energy Drink's special formula contains ingredients of high quality: Caffeine, Taurine, B-Group Vitamins, Sugars, Alpine Water.One 250ml can of Red Bull Energy Drinks contains 80 mg of caffeine, about the same amount as in a cup of home-brewed coffee.The amount of sugars in a can of Red Bull Energy Drink is comparable to the level of sugars in an equivalent amount of apple or orange juice – 11 g per 100ml.Red Bull cans are made of 100% recyclable aluminium.Red Bull Energy Drink 473ml canVitalizes Body and Mind.®RED BULL GIVES YOU WINGSInspired by functional drinks from the Far East, Dietrich Mateschitz founded Red Bull in the mid-1980s. He developed a new product and a unique marketing concept and launched Red Bull Energy Drink on April 1, 1987 in Austria. A brand new product category - Energy Drinks - was born.\n\nProduct of Imported",
            "volume": "473mL",
            "multipack": {
                "quantity": "1"
            }
        },
        "priceData": {
            "bestPrice": "3.59",
            "price": "3.59",
            "pricePerLitre": 7.6,
            "bestPricePerLitre": 7.6
        },
        "store": {
            "id": "c3a42e9d-ac58-4abf-be43-17920c720540",
            "name": "New World Stonefields"
        }
    },
    {
        "productData": {
            "name": "V Original Guarana Energy Drink 250ml",
            "productId": "5003151_ea_000",
            "productShopPage": "https://www.newworld.co.nz/shop/product/5003151_ea_000nw",
            "productImageURL": "https://a.fsimg.co.nz/product/retail/fan/image/master/5003151.png",
            "productDescription": "Contains Caffeine.\n\nProduct of New Zealand",
            "volume": "250mL",
            "multipack": {
                "quantity": "1"
            }
        },
        "priceData": {
            "bestPrice": "1.99",
            "price": "1.99",
            "pricePerLitre": 8.0,
            "bestPricePerLitre": 8.0
        },
        "store": {
            "id": "c3a42e9d-ac58-4abf-be43-17920c720540",
            "name": "New World Stonefields"
        }
    },
    {
        "productData": {
            "name": "Red Bull Energy Drink 250ml Cans 4pk",
            "productId": "5001443_ea_000",
            "productShopPage": "https://www.newworld.co.nz/shop/product/5001443_ea_000nw",
            "productImageURL": "https://a.fsimg.co.nz/product/retail/fan/image/master/5001443.png",
            "productDescription": "Red Bull Energy Drink's special formula contains ingredients of high quality: Caffeine, Taurine, B-Group Vitamins, Sugars, Alpine Water.One 250ml can of Red Bull Energy Drinks contains 80 mg of caffeine, about the same amount as in a cup of home-brewed coffee.The amount of sugars in a can of Red Bull Energy Drink is comparable to the level of sugars in an equivalent amount of apple or orange juice – 11 g per 100ml.Red Bull cans are made of 100% recyclable aluminium.Pack of four 250ml Red Bull Energy Drink cansVitalizes Body and Mind.®RED BULL GIVES YOU WINGSInspired by functional drinks from the Far East, Dietrich Mateschitz founded Red Bull in the mid-1980s. He developed a new product and a unique marketing concept and launched Red Bull Energy Drink on April 1, 1987 in Austria. A brand new product category - Energy Drinks - was born.",
            "volume": "250mL",
            "multipack": {
                "quantity": "4"
            }
        },
        "priceData": {
            "bestPrice": "8.29",
            "price": "8.29",
            "pricePerLitre": 8.299999999999999,
            "bestPricePerLitre": 8.299999999999999
        },
        "store": {
            "id": "c3a42e9d-ac58-4abf-be43-17920c720540",
            "name": "New World Stonefields"
        }
    },
    {
        "productData": {
            "name": "Lucozade Orange Energy Drink 380ml",
            "productId": "5009239_ea_000",
            "productShopPage": "https://www.newworld.co.nz/shop/product/5009239_ea_000nw",
            "productImageURL": "https://a.fsimg.co.nz/product/retail/fan/image/master/5009239.png",
            "productDescription": "Powered by Glucose.\n\nProduct of New Zealand",
            "volume": "380mL",
            "multipack": {
                "quantity": "1"
            }
        },
        "priceData": {
            "bestPrice": "2.69",
            "price": "2.69",
            "pricePerLitre": 7.08,
            "bestPricePerLitre": 7.08
        },
        "store": {
            "id": "c3a42e9d-ac58-4abf-be43-17920c720540",
            "name": "New World Stonefields"
        }
    },
    {
        "productData": {
            "name": "V Pure Natural Energy Drink Glass Bottle 330ml",
            "productId": "5237753_ea_000",
            "productShopPage": "https://www.newworld.co.nz/shop/product/5237753_ea_000nw",
            "productImageURL": "https://a.fsimg.co.nz/product/retail/fan/image/master/5237753.png",
            "productDescription": "Buy 2 for $5.00.\n\n\nNothing artificial\n\nProduct of New Zealand",
            "volume": "330mL",
            "multipack": {
                "quantity": "1"
            }
        },
        "priceData": {
            "bestPrice": 2.5,
            "price": 2.0,
            "pricePerLitre": 6.0606060606060606,
            "bestPricePerLitre": 7.575757575757575,
            "multiBuy": {
                "quantity": 2.0,
                "value": 5.0,
                "perUnit": 2.5
            }
        },
        "store": {
            "id": "c3a42e9d-ac58-4abf-be43-17920c720540",
            "name": "New World Stonefields"
        }
    },
    {
        "productData": {
            "name": "Lucozade Original Energy Drink 380ml",
            "productId": "5009240_ea_000",
            "productShopPage": "https://www.newworld.co.nz/shop/product/5009240_ea_000nw",
            "productImageURL": "https://a.fsimg.co.nz/product/retail/fan/image/master/5009240.png",
            "productDescription": "Energy from Glucose.\n\nProduct of New Zealand",
            "volume": "380mL",
            "multipack": {
                "quantity": "1"
            }
        },
        "priceData": {
            "bestPrice": "2.69",
            "price": "2.69",
            "pricePerLitre": 7.08,
            "bestPricePerLitre": 7.08
        },
        "store": {
            "id": "c3a42e9d-ac58-4abf-be43-17920c720540",
            "name": "New World Stonefields"
        }
    },
    {
        "productData": {
            "name": "V Raspberry Lemonade Can 500ml",
            "productId": "5264523_ea_000",
            "productShopPage": "https://www.newworld.co.nz/shop/product/5264523_ea_000nw",
            "productImageURL": "https://a.fsimg.co.nz/product/retail/fan/image/master/5264523.png",
            "productDescription": "Product of New Zealand",
            "volume": "500mL",
            "multipack": {
                "quantity": "1"
            }
        },
        "priceData": {
            "bestPrice": "3.49",
            "price": "3.49",
            "pricePerLitre": 7.0,
            "bestPricePerLitre": 7.0
        },
        "store": {
            "id": "c3a42e9d-ac58-4abf-be43-17920c720540",
            "name": "New World Stonefields"
        }
    },
    {
        "productData": {
            "name": "V Energy Drink Sugarfree Cans 4pk",
            "productId": "5004117_ea_000",
            "productShopPage": "https://www.newworld.co.nz/shop/product/5004117_ea_000nw",
            "productImageURL": "https://a.fsimg.co.nz/product/retail/fan/image/master/5004117.png",
            "productDescription": "Limit 12 assorted.\n\n\nSugar Free. Contains Caffeine.\n\nProduct of New Zealand",
            "volume": "250mL",
            "multipack": {
                "quantity": "4"
            }
        },
        "priceData": {
            "bestPrice": "5.99",
            "price": "5.99",
            "pricePerLitre": 5.99,
            "bestPricePerLitre": 5.99
        },
        "store": {
            "id": "c3a42e9d-ac58-4abf-be43-17920c720540",
            "name": "New World Stonefields"
        }
    },
    {
        "productData": {
            "name": "Monster Mango Loco Energy Drink 500ml",
            "productId": "5242374_ea_000",
            "productShopPage": "https://www.newworld.co.nz/shop/product/5242374_ea_000nw",
            "productImageURL": "https://a.fsimg.co.nz/product/retail/fan/image/master/5242374.png",
            "productDescription": "Product of Imported",
            "volume": "500mL",
            "multipack": {
                "quantity": "1"
            }
        },
        "priceData": {
            "bestPrice": "2.99",
            "price": "2.99",
            "pricePerLitre": 6.0,
            "bestPricePerLitre": 6.0
        },
        "store": {
            "id": "c3a42e9d-ac58-4abf-be43-17920c720540",
            "name": "New World Stonefields"
        }
    },
    {
        "productData": {
            "name": "Monster Ultra Paradise Energy Drink 500ml",
            "productId": "5261257_ea_000",
            "productShopPage": "https://www.newworld.co.nz/shop/product/5261257_ea_000nw",
            "productImageURL": "https://a.fsimg.co.nz/product/retail/fan/image/master/5261257.png",
            "productDescription": "Product of Imported",
            "volume": "500mL",
            "multipack": {
                "quantity": "1"
            }
        },
        "priceData": {
            "bestPrice": "2.99",
            "price": "2.99",
            "pricePerLitre": 6.0,
            "bestPricePerLitre": 6.0
        },
        "store": {
            "id": "c3a42e9d-ac58-4abf-be43-17920c720540",
            "name": "New World Stonefields"
        }
    },
    {
        "productData": {
            "name": "V Energy Drink Green Cans 4pk",
            "productId": "5002893_ea_000",
            "productShopPage": "https://www.newworld.co.nz/shop/product/5002893_ea_000nw",
            "productImageURL": "https://a.fsimg.co.nz/product/retail/fan/image/master/5002893.png",
            "productDescription": "Limit 12 assorted.\n\n\nContains Caffeine.\n\nProduct of New Zealand",
            "volume": "250mL",
            "multipack": {
                "quantity": "4"
            }
        },
        "priceData": {
            "bestPrice": "5.99",
            "price": "5.99",
            "pricePerLitre": 5.99,
            "bestPricePerLitre": 5.99
        },
        "store": {
            "id": "c3a42e9d-ac58-4abf-be43-17920c720540",
            "name": "New World Stonefields"
        }
    },
    {
        "productData": {
            "name": "Monster Ultra Zero Drink 500ml",
            "productId": "5090618_ea_000",
            "productShopPage": "https://www.newworld.co.nz/shop/product/5090618_ea_000nw",
            "productImageURL": "https://a.fsimg.co.nz/product/retail/fan/image/master/5090618.png",
            "productDescription": "A little less sweet, lighter-tasting, zero calories, but with a full load of our Monster energy blend. Sure, white is the new black. Monster Energy Zero Ultra. Unleash the Ultra Beast!\n\nProduct of Imported",
            "volume": "500mL",
            "multipack": {
                "quantity": "1"
            }
        },
        "priceData": {
            "bestPrice": "2.99",
            "price": "2.99",
            "pricePerLitre": 6.0,
            "bestPricePerLitre": 6.0
        },
        "store": {
            "id": "c3a42e9d-ac58-4abf-be43-17920c720540",
            "name": "New World Stonefields"
        }
    },
    {
        "productData": {
            "name": "Monster Super Fuel Zero Sugar Energy Drink 550ml",
            "productId": "5284331_ea_000",
            "productShopPage": "https://www.newworld.co.nz/shop/product/5284331_ea_000nw",
            "productImageURL": "https://a.fsimg.co.nz/product/retail/fan/image/master/5284331.png",
            "productDescription": "Product of Imported",
            "volume": "550mL",
            "multipack": {
                "quantity": "1"
            }
        },
        "priceData": {
            "bestPrice": "3.49",
            "price": "3.49",
            "pricePerLitre": 6.345454545454546,
            "bestPricePerLitre": 6.345454545454546
        },
        "store": {
            "id": "c3a42e9d-ac58-4abf-be43-17920c720540",
            "name": "New World Stonefields"
        }
    },
    {
        "productData": {
            "name": "Mother Energy Drink Can 500ml",
            "productId": "5011153_ea_000",
            "productShopPage": "https://www.newworld.co.nz/shop/product/5011153_ea_000nw",
            "productImageURL": "https://a.fsimg.co.nz/product/retail/fan/image/master/5011153.png",
            "productDescription": "Contains Caffeine.\n\nProduct of New Zealand",
            "volume": "500mL",
            "multipack": {
                "quantity": "1"
            }
        },
        "priceData": {
            "bestPrice": "1.99",
            "price": "1.99",
            "pricePerLitre": 4.0,
            "bestPricePerLitre": 4.0
        },
        "store": {
            "id": "c3a42e9d-ac58-4abf-be43-17920c720540",
            "name": "New World Stonefields"
        }
    },
    {
        "productData": {
            "name": "Monster Super Fuel Purple Passion Energy Drink 550ml",
            "productId": "5284332_ea_000",
            "productShopPage": "https://www.newworld.co.nz/shop/product/5284332_ea_000nw",
            "productImageURL": "https://a.fsimg.co.nz/product/retail/fan/image/master/5284332.png",
            "productDescription": "Product of Imported",
            "volume": "550mL",
            "multipack": {
                "quantity": "1"
            }
        },
        "priceData": {
            "bestPrice": "3.49",
            "price": "3.49",
            "pricePerLitre": 6.345454545454546,
            "bestPricePerLitre": 6.345454545454546
        },
        "store": {
            "id": "c3a42e9d-ac58-4abf-be43-17920c720540",
            "name": "New World Stonefields"
        }
    },
    {
        "productData": {
            "name": "Monster Pipeline Punch Energy Drink 500ml",
            "productId": "5242373_ea_000",
            "productShopPage": "https://www.newworld.co.nz/shop/product/5242373_ea_000nw",
            "productImageURL": "https://a.fsimg.co.nz/product/retail/fan/image/master/5242373.png",
            "productDescription": "Product of Imported",
            "volume": "500mL",
            "multipack": {
                "quantity": "1"
            }
        },
        "priceData": {
            "bestPrice": "2.99",
            "price": "2.99",
            "pricePerLitre": 6.0,
            "bestPricePerLitre": 6.0
        },
        "store": {
            "id": "c3a42e9d-ac58-4abf-be43-17920c720540",
            "name": "New World Stonefields"
        }
    },
    {
        "productData": {
            "name": "Monster Energy Drink 500ml",
            "productId": "5007647_ea_000",
            "productShopPage": "https://www.newworld.co.nz/shop/product/5007647_ea_000nw",
            "productImageURL": "https://a.fsimg.co.nz/product/retail/fan/image/master/5007647.png",
            "productDescription": "Contains Caffeine.\n\nProduct of Imported",
            "volume": "500mL",
            "multipack": {
                "quantity": "1"
            }
        },
        "priceData": {
            "bestPrice": "2.99",
            "price": "2.99",
            "pricePerLitre": 6.0,
            "bestPricePerLitre": 6.0
        },
        "store": {
            "id": "c3a42e9d-ac58-4abf-be43-17920c720540",
            "name": "New World Stonefields"
        }
    },
    {
        "productData": {
            "name": "Monster Ultra Zero Drink 4pk",
            "productId": "5213974_ea_000",
            "productShopPage": "https://www.newworld.co.nz/shop/product/5213974_ea_000nw",
            "productImageURL": "https://a.fsimg.co.nz/product/retail/fan/image/master/5213974.png",
            "productDescription": "Product of Imported",
            "volume": "500mL",
            "multipack": {
                "quantity": "4"
            }
        },
        "priceData": {
            "bestPrice": "11.99",
            "price": "11.99",
            "pricePerLitre": 6.0,
            "bestPricePerLitre": 6.0
        },
        "store": {
            "id": "c3a42e9d-ac58-4abf-be43-17920c720540",
            "name": "New World Stonefields"
        }
    },
    {
        "productData": {
            "name": "V Sugarfree Guarana Energy Drink 500ml",
            "productId": "5007644_ea_000",
            "productShopPage": "https://www.newworld.co.nz/shop/product/5007644_ea_000nw",
            "productImageURL": "https://a.fsimg.co.nz/product/retail/fan/image/master/5007644.png",
            "productDescription": "Sugar Free.\n\nProduct of New Zealand",
            "volume": "500mL",
            "multipack": {
                "quantity": "1"
            }
        },
        "priceData": {
            "bestPrice": "3.49",
            "price": "3.49",
            "pricePerLitre": 7.0,
            "bestPricePerLitre": 7.0
        },
        "store": {
            "id": "c3a42e9d-ac58-4abf-be43-17920c720540",
            "name": "New World Stonefields"
        }
    },
    {
        "productData": {
            "name": "V Original Guarana Energy Drink 500ml",
            "productId": "5004703_ea_000",
            "productShopPage": "https://www.newworld.co.nz/shop/product/5004703_ea_000nw",
            "productImageURL": "https://a.fsimg.co.nz/product/retail/fan/image/master/5004703.png",
            "productDescription": "Contains Caffeine.\n\nProduct of New Zealand",
            "volume": "500mL",
            "multipack": {
                "quantity": "1"
            }
        },
        "priceData": {
            "bestPrice": "3.49",
            "price": "3.49",
            "pricePerLitre": 7.0,
            "bestPricePerLitre": 7.0
        },
        "store": {
            "id": "c3a42e9d-ac58-4abf-be43-17920c720540",
            "name": "New World Stonefields"
        }
    },
    {
        "productData": {
            "name": "V Original Guarana Energy Drink 500ml",
            "productId": "5007441_ea_000",
            "productShopPage": "https://www.newworld.co.nz/shop/product/5007441_ea_000nw",
            "productImageURL": "https://a.fsimg.co.nz/product/retail/fan/image/master/5007441.png",
            "productDescription": "Buy 2 for $5.00.\n\n\nContains Wheat Derivatives, Caffeine.\n\nProduct of New Zealand",
            "volume": "500mL",
            "multipack": {
                "quantity": "1"
            }
        },
        "priceData": {
            "bestPrice": 2.5,
            "price": 2.0,
            "pricePerLitre": 4.0,
            "bestPricePerLitre": 5.0,
            "multiBuy": {
                "quantity": 2.0,
                "value": 5.0,
                "perUnit": 2.5
            }
        },
        "store": {
            "id": "c3a42e9d-ac58-4abf-be43-17920c720540",
            "name": "New World Stonefields"
        }
    },
    {
        "productData": {
            "name": "V Blue Guarana Energy Drink 250ml",
            "productId": "5007495_ea_000",
            "productShopPage": "https://www.newworld.co.nz/shop/product/5007495_ea_000nw",
            "productImageURL": "https://a.fsimg.co.nz/product/retail/fan/image/master/5007495.png",
            "productDescription": "Contains Caffeine, Wheat Derivatives.\n\nProduct of New Zealand",
            "volume": "250mL",
            "multipack": {
                "quantity": "1"
            }
        },
        "priceData": {
            "bestPrice": "1.99",
            "price": "1.99",
            "pricePerLitre": 8.0,
            "bestPricePerLitre": 8.0
        },
        "store": {
            "id": "04de234b-9f3e-4388-9662-7a4c8d7180c8",
            "name": "New World Merrilands"
        }
    },
    {
        "productData": {
            "name": "V Sugarfree Blue Guarana Energy Drink 4pk",
            "productId": "5289891_ea_000",
            "productShopPage": "https://www.newworld.co.nz/shop/product/5289891_ea_000nw",
            "productImageURL": "https://a.fsimg.co.nz/product/retail/fan/image/master/5289891.png",
            "productDescription": "Limit 12 assorted.\n\n\n\n\nProduct of New Zealand",
            "volume": "250mL",
            "multipack": {
                "quantity": "4"
            }
        },
        "priceData": {
            "bestPrice": "5.99",
            "price": "5.99",
            "pricePerLitre": 5.99,
            "bestPricePerLitre": 5.99
        },
        "store": {
            "id": "04de234b-9f3e-4388-9662-7a4c8d7180c8",
            "name": "New World Merrilands"
        }
    },
    {
        "productData": {
            "name": "V Sugarfree Guarana Energy Drink 250ml",
            "productId": "5001639_ea_000",
            "productShopPage": "https://www.newworld.co.nz/shop/product/5001639_ea_000nw",
            "productImageURL": "https://a.fsimg.co.nz/product/retail/fan/image/master/5001639.png",
            "productDescription": "Sugar Free. Contains Caffeine.\n\nProduct of New Zealand",
            "volume": "250mL",
            "multipack": {
                "quantity": "1"
            }
        },
        "priceData": {
            "bestPrice": "1.99",
            "price": "1.99",
            "pricePerLitre": 8.0,
            "bestPricePerLitre": 8.0
        },
        "store": {
            "id": "04de234b-9f3e-4388-9662-7a4c8d7180c8",
            "name": "New World Merrilands"
        }
    },
    {
        "productData": {
            "name": "V Green Guarana Energy Drink 10pk",
            "productId": "5289889_ea_000",
            "productShopPage": "https://www.newworld.co.nz/shop/product/5289889_ea_000nw",
            "productImageURL": "https://a.fsimg.co.nz/product/retail/fan/image/master/5289889.png",
            "productDescription": "Product of New Zealand",
            "volume": "250mL",
            "multipack": {
                "quantity": "10"
            }
        },
        "priceData": {
            "bestPrice": "17.99",
            "price": "17.99",
            "pricePerLitre": 7.2,
            "bestPricePerLitre": 7.2
        },
        "store": {
            "id": "04de234b-9f3e-4388-9662-7a4c8d7180c8",
            "name": "New World Merrilands"
        }
    },
    {
        "productData": {
            "name": "V Sugarfree Blue Guarana Energy Drink 500ml",
            "productId": "5283362_ea_000",
            "productShopPage": "https://www.newworld.co.nz/shop/product/5283362_ea_000nw",
            "productImageURL": "https://a.fsimg.co.nz/product/retail/fan/image/master/5283362.png",
            "productDescription": "Sugar free\n\nProduct of New Zealand",
            "volume": "500mL",
            "multipack": {
                "quantity": "1"
            }
        },
        "priceData": {
            "bestPrice": "3.49",
            "price": "3.49",
            "pricePerLitre": 7.0,
            "bestPricePerLitre": 7.0
        },
        "store": {
            "id": "04de234b-9f3e-4388-9662-7a4c8d7180c8",
            "name": "New World Merrilands"
        }
    },
    {
        "productData": {
            "name": "V Blue Guarana Energy Drink 4pk",
            "productId": "5210055_ea_000",
            "productShopPage": "https://www.newworld.co.nz/shop/product/5210055_ea_000nw",
            "productImageURL": "https://a.fsimg.co.nz/product/retail/fan/image/master/5210055.png",
            "productDescription": "Product of New Zealand",
            "volume": "275mL",
            "multipack": {
                "quantity": "4"
            }
        },
        "priceData": {
            "bestPrice": "9.59",
            "price": "9.59",
            "pricePerLitre": 8.7,
            "bestPricePerLitre": 8.7
        },
        "store": {
            "id": "04de234b-9f3e-4388-9662-7a4c8d7180c8",
            "name": "New World Merrilands"
        }
    },
    {
        "productData": {
            "name": "V Blue Guarana Energy Drink 500ml",
            "productId": "5007494_ea_000",
            "productShopPage": "https://www.newworld.co.nz/shop/product/5007494_ea_000nw",
            "productImageURL": "https://a.fsimg.co.nz/product/retail/fan/image/master/5007494.png",
            "productDescription": "Contains Wheat Derivatives, Caffeine.\n\nProduct of New Zealand",
            "volume": "500mL",
            "multipack": {
                "quantity": "1"
            }
        },
        "priceData": {
            "bestPrice": "3.49",
            "price": "3.49",
            "pricePerLitre": 7.0,
            "bestPricePerLitre": 7.0
        },
        "store": {
            "id": "04de234b-9f3e-4388-9662-7a4c8d7180c8",
            "name": "New World Merrilands"
        }
    },
    {
        "productData": {
            "name": "Red Bull Energy Drink 473ml",
            "productId": "5005255_ea_000",
            "productShopPage": "https://www.newworld.co.nz/shop/product/5005255_ea_000nw",
            "productImageURL": "https://a.fsimg.co.nz/product/retail/fan/image/master/5005255.png",
            "productDescription": "Red Bull Energy Drink's special formula contains ingredients of high quality: Caffeine, Taurine, B-Group Vitamins, Sugars, Alpine Water.One 250ml can of Red Bull Energy Drinks contains 80 mg of caffeine, about the same amount as in a cup of home-brewed coffee.The amount of sugars in a can of Red Bull Energy Drink is comparable to the level of sugars in an equivalent amount of apple or orange juice – 11 g per 100ml.Red Bull cans are made of 100% recyclable aluminium.Red Bull Energy Drink 473ml canVitalizes Body and Mind.®RED BULL GIVES YOU WINGSInspired by functional drinks from the Far East, Dietrich Mateschitz founded Red Bull in the mid-1980s. He developed a new product and a unique marketing concept and launched Red Bull Energy Drink on April 1, 1987 in Austria. A brand new product category - Energy Drinks - was born.\n\nProduct of Imported",
            "volume": "473mL",
            "multipack": {
                "quantity": "1"
            }
        },
        "priceData": {
            "bestPrice": "3.79",
            "price": "3.79",
            "pricePerLitre": 8.0,
            "bestPricePerLitre": 8.0
        },
        "store": {
            "id": "04de234b-9f3e-4388-9662-7a4c8d7180c8",
            "name": "New World Merrilands"
        }
    },
    {
        "productData": {
            "name": "V Original Guarana Energy Drink 250ml",
            "productId": "5003151_ea_000",
            "productShopPage": "https://www.newworld.co.nz/shop/product/5003151_ea_000nw",
            "productImageURL": "https://a.fsimg.co.nz/product/retail/fan/image/master/5003151.png",
            "productDescription": "Contains Caffeine.\n\nProduct of New Zealand",
            "volume": "250mL",
            "multipack": {
                "quantity": "1"
            }
        },
        "priceData": {
            "bestPrice": "1.99",
            "price": "1.99",
            "pricePerLitre": 8.0,
            "bestPricePerLitre": 8.0
        },
        "store": {
            "id": "04de234b-9f3e-4388-9662-7a4c8d7180c8",
            "name": "New World Merrilands"
        }
    },
    {
        "productData": {
            "name": "Red Bull Energy Drink 250ml Cans 4pk",
            "productId": "5001443_ea_000",
            "productShopPage": "https://www.newworld.co.nz/shop/product/5001443_ea_000nw",
            "productImageURL": "https://a.fsimg.co.nz/product/retail/fan/image/master/5001443.png",
            "productDescription": "Red Bull Energy Drink's special formula contains ingredients of high quality: Caffeine, Taurine, B-Group Vitamins, Sugars, Alpine Water.One 250ml can of Red Bull Energy Drinks contains 80 mg of caffeine, about the same amount as in a cup of home-brewed coffee.The amount of sugars in a can of Red Bull Energy Drink is comparable to the level of sugars in an equivalent amount of apple or orange juice – 11 g per 100ml.Red Bull cans are made of 100% recyclable aluminium.Pack of four 250ml Red Bull Energy Drink cansVitalizes Body and Mind.®RED BULL GIVES YOU WINGSInspired by functional drinks from the Far East, Dietrich Mateschitz founded Red Bull in the mid-1980s. He developed a new product and a unique marketing concept and launched Red Bull Energy Drink on April 1, 1987 in Austria. A brand new product category - Energy Drinks - was born.",
            "volume": "250mL",
            "multipack": {
                "quantity": "4"
            }
        },
        "priceData": {
            "bestPrice": "8.59",
            "price": "8.59",
            "pricePerLitre": 8.6,
            "bestPricePerLitre": 8.6
        },
        "store": {
            "id": "04de234b-9f3e-4388-9662-7a4c8d7180c8",
            "name": "New World Merrilands"
        }
    },
    {
        "productData": {
            "name": "Lucozade Orange Energy Drink 380ml",
            "productId": "5009239_ea_000",
            "productShopPage": "https://www.newworld.co.nz/shop/product/5009239_ea_000nw",
            "productImageURL": "https://a.fsimg.co.nz/product/retail/fan/image/master/5009239.png",
            "productDescription": "Powered by Glucose.\n\nProduct of New Zealand",
            "volume": "380mL",
            "multipack": {
                "quantity": "1"
            }
        },
        "priceData": {
            "bestPrice": "2.69",
            "price": "2.69",
            "pricePerLitre": 7.08,
            "bestPricePerLitre": 7.08
        },
        "store": {
            "id": "04de234b-9f3e-4388-9662-7a4c8d7180c8",
            "name": "New World Merrilands"
        }
    },
    {
        "productData": {
            "name": "Rockstar Watermelon Freeze Energy Drink 500ml",
            "productId": "5257298_ea_000",
            "productShopPage": "https://www.newworld.co.nz/shop/product/5257298_ea_000nw",
            "productImageURL": "https://a.fsimg.co.nz/product/retail/fan/image/master/5257298.png",
            "productDescription": "Buy 3 for $5.00.\n\n\n\n\nProduct of New Zealand",
            "volume": "500mL",
            "multipack": {
                "quantity": "1"
            }
        },
        "priceData": {
            "bestPrice": 1.6666666666666667,
            "price": 1.0,
            "pricePerLitre": 2.0,
            "bestPricePerLitre": 3.3333333333333335,
            "multiBuy": {
                "quantity": 3.0,
                "value": 5.0,
                "perUnit": 1.6666666666666667
            }
        },
        "store": {
            "id": "04de234b-9f3e-4388-9662-7a4c8d7180c8",
            "name": "New World Merrilands"
        }
    },
    {
        "productData": {
            "name": "Rockstar Original Energy Drink 500ml",
            "productId": "5215383_ea_000",
            "productShopPage": "https://www.newworld.co.nz/shop/product/5215383_ea_000nw",
            "productImageURL": "https://a.fsimg.co.nz/product/retail/fan/image/master/5215383.png",
            "productDescription": "Buy 3 for $5.00.\n\n\nCaffeine; B vitamins; Vitamin C; Taurine; Ginseng\n\nProduct of New Zealand",
            "volume": "500mL",
            "multipack": {
                "quantity": "1"
            }
        },
        "priceData": {
            "bestPrice": 1.6666666666666667,
            "price": 1.0,
            "pricePerLitre": 2.0,
            "bestPricePerLitre": 3.3333333333333335,
            "multiBuy": {
                "quantity": 3.0,
                "value": 5.0,
                "perUnit": 1.6666666666666667
            }
        },
        "store": {
            "id": "04de234b-9f3e-4388-9662-7a4c8d7180c8",
            "name": "New World Merrilands"
        }
    },
    {
        "productData": {
            "name": "V Raspberry Lemonade Can 500ml",
            "productId": "5264523_ea_000",
            "productShopPage": "https://www.newworld.co.nz/shop/product/5264523_ea_000nw",
            "productImageURL": "https://a.fsimg.co.nz/product/retail/fan/image/master/5264523.png",
            "productDescription": "Product of New Zealand",
            "volume": "500mL",
            "multipack": {
                "quantity": "1"
            }
        },
        "priceData": {
            "bestPrice": "3.49",
            "price": "3.49",
            "pricePerLitre": 7.0,
            "bestPricePerLitre": 7.0
        },
        "store": {
            "id": "04de234b-9f3e-4388-9662-7a4c8d7180c8",
            "name": "New World Merrilands"
        }
    },
    {
        "productData": {
            "name": "V Blue Can 4pk",
            "productId": "5030249_ea_000",
            "productShopPage": "https://www.newworld.co.nz/shop/product/5030249_ea_000nw",
            "productImageURL": "https://a.fsimg.co.nz/product/retail/fan/image/master/5030249.png",
            "productDescription": "Limit 12 assorted.\n\n\nContains Wheat Derivatives, Caffeine.\n\nProduct of New Zealand",
            "volume": "250mL",
            "multipack": {
                "quantity": "4"
            }
        },
        "priceData": {
            "bestPrice": "5.99",
            "price": "5.99",
            "pricePerLitre": 5.99,
            "bestPricePerLitre": 5.99
        },
        "store": {
            "id": "04de234b-9f3e-4388-9662-7a4c8d7180c8",
            "name": "New World Merrilands"
        }
    },
    {
        "productData": {
            "name": "Monster Mule Energy Drink 500ml",
            "productId": "5269459_ea_000",
            "productShopPage": "https://www.newworld.co.nz/shop/product/5269459_ea_000nw",
            "productImageURL": "https://a.fsimg.co.nz/product/retail/fan/image/master/5269459.png",
            "productDescription": "Product of Imported",
            "volume": "500mL",
            "multipack": {
                "quantity": "1"
            }
        },
        "priceData": {
            "bestPrice": "2.99",
            "price": "2.99",
            "pricePerLitre": 6.0,
            "bestPricePerLitre": 6.0
        },
        "store": {
            "id": "04de234b-9f3e-4388-9662-7a4c8d7180c8",
            "name": "New World Merrilands"
        }
    },
    {
        "productData": {
            "name": "Monster Ultra Paradise Energy Drink 500ml",
            "productId": "5261257_ea_000",
            "productShopPage": "https://www.newworld.co.nz/shop/product/5261257_ea_000nw",
            "productImageURL": "https://a.fsimg.co.nz/product/retail/fan/image/master/5261257.png",
            "productDescription": "Product of Imported",
            "volume": "500mL",
            "multipack": {
                "quantity": "1"
            }
        },
        "priceData": {
            "bestPrice": "2.99",
            "price": "2.99",
            "pricePerLitre": 6.0,
            "bestPricePerLitre": 6.0
        },
        "store": {
            "id": "04de234b-9f3e-4388-9662-7a4c8d7180c8",
            "name": "New World Merrilands"
        }
    },
    {
        "productData": {
            "name": "V Energy Drink Green Cans 4pk",
            "productId": "5002893_ea_000",
            "productShopPage": "https://www.newworld.co.nz/shop/product/5002893_ea_000nw",
            "productImageURL": "https://a.fsimg.co.nz/product/retail/fan/image/master/5002893.png",
            "productDescription": "Limit 12 assorted.\n\n\nContains Caffeine.\n\nProduct of New Zealand",
            "volume": "250mL",
            "multipack": {
                "quantity": "4"
            }
        },
        "priceData": {
            "bestPrice": "5.99",
            "price": "5.99",
            "pricePerLitre": 5.99,
            "bestPricePerLitre": 5.99
        },
        "store": {
            "id": "04de234b-9f3e-4388-9662-7a4c8d7180c8",
            "name": "New World Merrilands"
        }
    },
    {
        "productData": {
            "name": "Monster Ultra Zero Drink 500ml",
            "productId": "5090618_ea_000",
            "productShopPage": "https://www.newworld.co.nz/shop/product/5090618_ea_000nw",
            "productImageURL": "https://a.fsimg.co.nz/product/retail/fan/image/master/5090618.png",
            "productDescription": "A little less sweet, lighter-tasting, zero calories, but with a full load of our Monster energy blend. Sure, white is the new black. Monster Energy Zero Ultra. Unleash the Ultra Beast!\n\nProduct of Imported",
            "volume": "500mL",
            "multipack": {
                "quantity": "1"
            }
        },
        "priceData": {
            "bestPrice": "2.99",
            "price": "2.99",
            "pricePerLitre": 6.0,
            "bestPricePerLitre": 6.0
        },
        "store": {
            "id": "04de234b-9f3e-4388-9662-7a4c8d7180c8",
            "name": "New World Merrilands"
        }
    },
    {
        "productData": {
            "name": "Monster Super Fuel Zero Sugar Energy Drink 550ml",
            "productId": "5284331_ea_000",
            "productShopPage": "https://www.newworld.co.nz/shop/product/5284331_ea_000nw",
            "productImageURL": "https://a.fsimg.co.nz/product/retail/fan/image/master/5284331.png",
            "productDescription": "Product of Imported",
            "volume": "550mL",
            "multipack": {
                "quantity": "1"
            }
        },
        "priceData": {
            "bestPrice": "3.49",
            "price": "3.49",
            "pricePerLitre": 6.345454545454546,
            "bestPricePerLitre": 6.345454545454546
        },
        "store": {
            "id": "04de234b-9f3e-4388-9662-7a4c8d7180c8",
            "name": "New World Merrilands"
        }
    },
    {
        "productData": {
            "name": "Mother Energy Drink Can 500ml",
            "productId": "5011153_ea_000",
            "productShopPage": "https://www.newworld.co.nz/shop/product/5011153_ea_000nw",
            "productImageURL": "https://a.fsimg.co.nz/product/retail/fan/image/master/5011153.png",
            "productDescription": "Contains Caffeine.\n\nProduct of New Zealand",
            "volume": "500mL",
            "multipack": {
                "quantity": "1"
            }
        },
        "priceData": {
            "bestPrice": "1.99",
            "price": "1.99",
            "pricePerLitre": 4.0,
            "bestPricePerLitre": 4.0
        },
        "store": {
            "id": "04de234b-9f3e-4388-9662-7a4c8d7180c8",
            "name": "New World Merrilands"
        }
    },
    {
        "productData": {
            "name": "Monster Energy Drink 500ml",
            "productId": "5007647_ea_000",
            "productShopPage": "https://www.newworld.co.nz/shop/product/5007647_ea_000nw",
            "productImageURL": "https://a.fsimg.co.nz/product/retail/fan/image/master/5007647.png",
            "productDescription": "Contains Caffeine.\n\nProduct of Imported",
            "volume": "500mL",
            "multipack": {
                "quantity": "1"
            }
        },
        "priceData": {
            "bestPrice": "2.99",
            "price": "2.99",
            "pricePerLitre": 6.0,
            "bestPricePerLitre": 6.0
        },
        "store": {
            "id": "04de234b-9f3e-4388-9662-7a4c8d7180c8",
            "name": "New World Merrilands"
        }
    },
    {
        "productData": {
            "name": "V Sugarfree Guarana Energy Drink 500ml",
            "productId": "5007644_ea_000",
            "productShopPage": "https://www.newworld.co.nz/shop/product/5007644_ea_000nw",
            "productImageURL": "https://a.fsimg.co.nz/product/retail/fan/image/master/5007644.png",
            "productDescription": "Sugar Free.\n\nProduct of New Zealand",
            "volume": "500mL",
            "multipack": {
                "quantity": "1"
            }
        },
        "priceData": {
            "bestPrice": "3.49",
            "price": "3.49",
            "pricePerLitre": 7.0,
            "bestPricePerLitre": 7.0
        },
        "store": {
            "id": "04de234b-9f3e-4388-9662-7a4c8d7180c8",
            "name": "New World Merrilands"
        }
    },
    {
        "productData": {
            "name": "V Original Guarana Energy Drink 500ml",
            "productId": "5004703_ea_000",
            "productShopPage": "https://www.newworld.co.nz/shop/product/5004703_ea_000nw",
            "productImageURL": "https://a.fsimg.co.nz/product/retail/fan/image/master/5004703.png",
            "productDescription": "Contains Caffeine.\n\nProduct of New Zealand",
            "volume": "500mL",
            "multipack": {
                "quantity": "1"
            }
        },
        "priceData": {
            "bestPrice": "3.49",
            "price": "3.49",
            "pricePerLitre": 7.0,
            "bestPricePerLitre": 7.0
        },
        "store": {
            "id": "04de234b-9f3e-4388-9662-7a4c8d7180c8",
            "name": "New World Merrilands"
        }
    },
    {
        "productData": {
            "name": "V Original Guarana Energy Drink 4pk",
            "productId": "5210048_ea_000",
            "productShopPage": "https://www.newworld.co.nz/shop/product/5210048_ea_000nw",
            "productImageURL": "https://a.fsimg.co.nz/product/retail/fan/image/master/5210048.png",
            "productDescription": "Product of New Zealand",
            "volume": "275mL",
            "multipack": {
                "quantity": "4"
            }
        },
        "priceData": {
            "bestPrice": "9.59",
            "price": "9.59",
            "pricePerLitre": 8.7,
            "bestPricePerLitre": 8.7
        },
        "store": {
            "id": "04de234b-9f3e-4388-9662-7a4c8d7180c8",
            "name": "New World Merrilands"
        }
    },
    {
        "productData": {
            "name": "V Green Guarana Energy Drink Cans 10pk",
            "productId": "5210061_ea_000",
            "productShopPage": "https://www.newworld.co.nz/shop/product/5210061_ea_000nw",
            "productImageURL": "https://a.fsimg.co.nz/product/retail/fan/image/master/5210061.png",
            "productDescription": "Product of New Zealand",
            "volume": "200mL",
            "multipack": {
                "quantity": "10"
            }
        },
        "priceData": {
            "bestPrice": "15.89",
            "price": "15.89",
            "pricePerLitre": 7.9,
            "bestPricePerLitre": 7.9
        },
        "store": {
            "id": "04de234b-9f3e-4388-9662-7a4c8d7180c8",
            "name": "New World Merrilands"
        }
    },
    {
        "productData": {
            "name": "V Blue Guarana Energy Drink 10pk",
            "productId": "5290181_ea_000",
            "productShopPage": "https://www.newworld.co.nz/shop/product/5290181_ea_000nw",
            "productImageURL": "https://a.fsimg.co.nz/product/retail/fan/image/master/5290181.png",
            "productDescription": "Product of New Zealand",
            "volume": "250mL",
            "multipack": {
                "quantity": "10"
            }
        },
        "priceData": {
            "bestPrice": "17.99",
            "price": "17.99",
            "pricePerLitre": 7.2,
            "bestPricePerLitre": 7.2
        },
        "store": {
            "id": "c4d78c33-1f9c-4039-8cd5-82ddb43fbe16",
            "name": "New World Whangamata"
        }
    },
    {
        "productData": {
            "name": "V Sugarfree Blue Guarana Energy Drink 4pk",
            "productId": "5289891_ea_000",
            "productShopPage": "https://www.newworld.co.nz/shop/product/5289891_ea_000nw",
            "productImageURL": "https://a.fsimg.co.nz/product/retail/fan/image/master/5289891.png",
            "productDescription": "Limit 12 assorted.\n\n\n\n\nProduct of New Zealand",
            "volume": "250mL",
            "multipack": {
                "quantity": "4"
            }
        },
        "priceData": {
            "bestPrice": "5.99",
            "price": "5.99",
            "pricePerLitre": 5.99,
            "bestPricePerLitre": 5.99
        },
        "store": {
            "id": "c4d78c33-1f9c-4039-8cd5-82ddb43fbe16",
            "name": "New World Whangamata"
        }
    },
    {
        "productData": {
            "name": "V Sugarfree Guarana Energy Drink 10pk",
            "productId": "5289890_ea_000",
            "productShopPage": "https://www.newworld.co.nz/shop/product/5289890_ea_000nw",
            "productImageURL": "https://a.fsimg.co.nz/product/retail/fan/image/master/5289890.png",
            "productDescription": "Product of New Zealand",
            "volume": "",
            "multipack": {
                "quantity": ""
            }
        },
        "priceData": {
            "bestPrice": "17.99",
            "price": "17.99",
            "pricePerLitre": 72.0,
            "bestPricePerLitre": 72.0
        },
        "store": {
            "id": "c4d78c33-1f9c-4039-8cd5-82ddb43fbe16",
            "name": "New World Whangamata"
        }
    },
    {
        "productData": {
            "name": "V Green Guarana Energy Drink 6pk",
            "productId": "5272987_ea_000",
            "productShopPage": "https://www.newworld.co.nz/shop/product/5272987_ea_000nw",
            "productImageURL": "https://a.fsimg.co.nz/product/retail/fan/image/master/5272987.png",
            "productDescription": "Product of New Zealand",
            "volume": "330mL",
            "multipack": {
                "quantity": "6"
            }
        },
        "priceData": {
            "bestPrice": "11.99",
            "price": "11.99",
            "pricePerLitre": 6.05,
            "bestPricePerLitre": 6.05
        },
        "store": {
            "id": "c4d78c33-1f9c-4039-8cd5-82ddb43fbe16",
            "name": "New World Whangamata"
        }
    },
    {
        "productData": {
            "name": "Live Plus Persist Energy Drink 250ml",
            "productId": "5236678_ea_000",
            "productShopPage": "https://www.newworld.co.nz/shop/product/5236678_ea_000nw",
            "productImageURL": "https://a.fsimg.co.nz/product/retail/fan/image/master/5236678.png",
            "productDescription": "Limit 12 assorted.\n\n\n\n\nProduct of New Zealand",
            "volume": "",
            "multipack": {
                "quantity": ""
            }
        },
        "priceData": {
            "bestPrice": "0.99",
            "price": "0.99"
        },
        "store": {
            "id": "c4d78c33-1f9c-4039-8cd5-82ddb43fbe16",
            "name": "New World Whangamata"
        }
    },
    {
        "productData": {
            "name": "V Green Guarana Energy Drink 10pk",
            "productId": "5289889_ea_000",
            "productShopPage": "https://www.newworld.co.nz/shop/product/5289889_ea_000nw",
            "productImageURL": "https://a.fsimg.co.nz/product/retail/fan/image/master/5289889.png",
            "productDescription": "Product of New Zealand",
            "volume": "250mL",
            "multipack": {
                "quantity": "10"
            }
        },
        "priceData": {
            "bestPrice": "17.99",
            "price": "17.99",
            "pricePerLitre": 7.2,
            "bestPricePerLitre": 7.2
        },
        "store": {
            "id": "c4d78c33-1f9c-4039-8cd5-82ddb43fbe16",
            "name": "New World Whangamata"
        }
    },
    {
        "productData": {
            "name": "V Sugarfree Blue Guarana Energy Drink 500ml",
            "productId": "5283362_ea_000",
            "productShopPage": "https://www.newworld.co.nz/shop/product/5283362_ea_000nw",
            "productImageURL": "https://a.fsimg.co.nz/product/retail/fan/image/master/5283362.png",
            "productDescription": "Sugar free\n\nProduct of New Zealand",
            "volume": "500mL",
            "multipack": {
                "quantity": "1"
            }
        },
        "priceData": {
            "bestPrice": "3.49",
            "price": "3.49",
            "pricePerLitre": 7.0,
            "bestPricePerLitre": 7.0
        },
        "store": {
            "id": "c4d78c33-1f9c-4039-8cd5-82ddb43fbe16",
            "name": "New World Whangamata"
        }
    },
    {
        "productData": {
            "name": "V Original Guarana Energy Drink 350ml",
            "productId": "5003156_ea_000",
            "productShopPage": "https://www.newworld.co.nz/shop/product/5003156_ea_000nw",
            "productImageURL": "https://a.fsimg.co.nz/product/retail/fan/image/master/5003156.png",
            "productDescription": "Buy 2 for $5.00.\n\n\nContains Caffeine.\n\nProduct of New Zealand",
            "volume": "350mL",
            "multipack": {
                "quantity": "1"
            }
        },
        "priceData": {
            "bestPrice": 2.5,
            "price": 2.0,
            "pricePerLitre": 5.714285714285714,
            "bestPricePerLitre": 7.142857142857143,
            "multiBuy": {
                "quantity": 2.0,
                "value": 5.0,
                "perUnit": 2.5
            }
        },
        "store": {
            "id": "c4d78c33-1f9c-4039-8cd5-82ddb43fbe16",
            "name": "New World Whangamata"
        }
    },
    {
        "productData": {
            "name": "V Blue Guarana Energy Drink 350ml",
            "productId": "5007492_ea_000",
            "productShopPage": "https://www.newworld.co.nz/shop/product/5007492_ea_000nw",
            "productImageURL": "https://a.fsimg.co.nz/product/retail/fan/image/master/5007492.png",
            "productDescription": "Buy 2 for $5.00.\n\n\nContains Caffeine, Wheat Derivatives.\n\nProduct of New Zealand",
            "volume": "350mL",
            "multipack": {
                "quantity": "1"
            }
        },
        "priceData": {
            "bestPrice": 2.5,
            "price": 2.0,
            "pricePerLitre": 5.714285714285714,
            "bestPricePerLitre": 7.142857142857143,
            "multiBuy": {
                "quantity": 2.0,
                "value": 5.0,
                "perUnit": 2.5
            }
        },
        "store": {
            "id": "c4d78c33-1f9c-4039-8cd5-82ddb43fbe16",
            "name": "New World Whangamata"
        }
    },
    {
        "productData": {
            "name": "V Blue Energy Drink 500ml",
            "productId": "5020662_ea_000",
            "productShopPage": "https://www.newworld.co.nz/shop/product/5020662_ea_000nw",
            "productImageURL": "https://a.fsimg.co.nz/product/retail/fan/image/master/5020662.png",
            "productDescription": "Buy 2 for $5.00.\n\n\n\n\nProduct of New Zealand",
            "volume": "500mL",
            "multipack": {
                "quantity": "1"
            }
        },
        "priceData": {
            "bestPrice": 2.5,
            "price": 2.0,
            "pricePerLitre": 4.0,
            "bestPricePerLitre": 5.0,
            "multiBuy": {
                "quantity": 2.0,
                "value": 5.0,
                "perUnit": 2.5
            }
        },
        "store": {
            "id": "c4d78c33-1f9c-4039-8cd5-82ddb43fbe16",
            "name": "New World Whangamata"
        }
    },
    {
        "productData": {
            "name": "Red Bull Energy Drink 473ml",
            "productId": "5005255_ea_000",
            "productShopPage": "https://www.newworld.co.nz/shop/product/5005255_ea_000nw",
            "productImageURL": "https://a.fsimg.co.nz/product/retail/fan/image/master/5005255.png",
            "productDescription": "Red Bull Energy Drink's special formula contains ingredients of high quality: Caffeine, Taurine, B-Group Vitamins, Sugars, Alpine Water.One 250ml can of Red Bull Energy Drinks contains 80 mg of caffeine, about the same amount as in a cup of home-brewed coffee.The amount of sugars in a can of Red Bull Energy Drink is comparable to the level of sugars in an equivalent amount of apple or orange juice – 11 g per 100ml.Red Bull cans are made of 100% recyclable aluminium.Red Bull Energy Drink 473ml canVitalizes Body and Mind.®RED BULL GIVES YOU WINGSInspired by functional drinks from the Far East, Dietrich Mateschitz founded Red Bull in the mid-1980s. He developed a new product and a unique marketing concept and launched Red Bull Energy Drink on April 1, 1987 in Austria. A brand new product category - Energy Drinks - was born.\n\nProduct of Imported",
            "volume": "473mL",
            "multipack": {
                "quantity": "1"
            }
        },
        "priceData": {
            "bestPrice": "3.79",
            "price": "3.79",
            "pricePerLitre": 8.0,
            "bestPricePerLitre": 8.0
        },
        "store": {
            "id": "c4d78c33-1f9c-4039-8cd5-82ddb43fbe16",
            "name": "New World Whangamata"
        }
    },
    {
        "productData": {
            "name": "V Original Guarana Energy Drink 250ml",
            "productId": "5003151_ea_000",
            "productShopPage": "https://www.newworld.co.nz/shop/product/5003151_ea_000nw",
            "productImageURL": "https://a.fsimg.co.nz/product/retail/fan/image/master/5003151.png",
            "productDescription": "Contains Caffeine.\n\nProduct of New Zealand",
            "volume": "250mL",
            "multipack": {
                "quantity": "1"
            }
        },
        "priceData": {
            "bestPrice": "1.99",
            "price": "1.99",
            "pricePerLitre": 8.0,
            "bestPricePerLitre": 8.0
        },
        "store": {
            "id": "c4d78c33-1f9c-4039-8cd5-82ddb43fbe16",
            "name": "New World Whangamata"
        }
    },
    {
        "productData": {
            "name": "Red Bull Energy Drink 250ml Cans 4pk",
            "productId": "5001443_ea_000",
            "productShopPage": "https://www.newworld.co.nz/shop/product/5001443_ea_000nw",
            "productImageURL": "https://a.fsimg.co.nz/product/retail/fan/image/master/5001443.png",
            "productDescription": "Red Bull Energy Drink's special formula contains ingredients of high quality: Caffeine, Taurine, B-Group Vitamins, Sugars, Alpine Water.One 250ml can of Red Bull Energy Drinks contains 80 mg of caffeine, about the same amount as in a cup of home-brewed coffee.The amount of sugars in a can of Red Bull Energy Drink is comparable to the level of sugars in an equivalent amount of apple or orange juice – 11 g per 100ml.Red Bull cans are made of 100% recyclable aluminium.Pack of four 250ml Red Bull Energy Drink cansVitalizes Body and Mind.®RED BULL GIVES YOU WINGSInspired by functional drinks from the Far East, Dietrich Mateschitz founded Red Bull in the mid-1980s. He developed a new product and a unique marketing concept and launched Red Bull Energy Drink on April 1, 1987 in Austria. A brand new product category - Energy Drinks - was born.",
            "volume": "250mL",
            "multipack": {
                "quantity": "4"
            }
        },
        "priceData": {
            "bestPrice": "8.59",
            "price": "8.59",
            "pricePerLitre": 8.6,
            "bestPricePerLitre": 8.6
        },
        "store": {
            "id": "c4d78c33-1f9c-4039-8cd5-82ddb43fbe16",
            "name": "New World Whangamata"
        }
    },
    {
        "productData": {
            "name": "V Green Guarana Energy Drink 710ml",
            "productId": "5030250_ea_000",
            "productShopPage": "https://www.newworld.co.nz/shop/product/5030250_ea_000nw",
            "productImageURL": "https://a.fsimg.co.nz/product/retail/fan/image/master/5030250.png",
            "productDescription": "Contains Wheat Derivatives\n\nProduct of Imported",
            "volume": "250mL",
            "multipack": {
                "quantity": "3"
            }
        },
        "priceData": {
            "bestPrice": "3.49",
            "price": "3.49",
            "pricePerLitre": 4.9,
            "bestPricePerLitre": 4.9
        },
        "store": {
            "id": "c4d78c33-1f9c-4039-8cd5-82ddb43fbe16",
            "name": "New World Whangamata"
        }
    },
    {
        "productData": {
            "name": "V Pure Natural Energy Drink Glass Bottle 330ml",
            "productId": "5237753_ea_000",
            "productShopPage": "https://www.newworld.co.nz/shop/product/5237753_ea_000nw",
            "productImageURL": "https://a.fsimg.co.nz/product/retail/fan/image/master/5237753.png",
            "productDescription": "Buy 2 for $5.00.\n\n\nNothing artificial\n\nProduct of New Zealand",
            "volume": "330mL",
            "multipack": {
                "quantity": "1"
            }
        },
        "priceData": {
            "bestPrice": 2.5,
            "price": 2.0,
            "pricePerLitre": 6.0606060606060606,
            "bestPricePerLitre": 7.575757575757575,
            "multiBuy": {
                "quantity": 2.0,
                "value": 5.0,
                "perUnit": 2.5
            }
        },
        "store": {
            "id": "c4d78c33-1f9c-4039-8cd5-82ddb43fbe16",
            "name": "New World Whangamata"
        }
    },
    {
        "productData": {
            "name": "Lucozade Original Energy Drink 380ml",
            "productId": "5009240_ea_000",
            "productShopPage": "https://www.newworld.co.nz/shop/product/5009240_ea_000nw",
            "productImageURL": "https://a.fsimg.co.nz/product/retail/fan/image/master/5009240.png",
            "productDescription": "Energy from Glucose.\n\nProduct of New Zealand",
            "volume": "380mL",
            "multipack": {
                "quantity": "1"
            }
        },
        "priceData": {
            "bestPrice": "2.69",
            "price": "2.69",
            "pricePerLitre": 7.08,
            "bestPricePerLitre": 7.08
        },
        "store": {
            "id": "c4d78c33-1f9c-4039-8cd5-82ddb43fbe16",
            "name": "New World Whangamata"
        }
    },
    {
        "productData": {
            "name": "V Berry Twist Sugar Free Can 500ml",
            "productId": "5254654_ea_000",
            "productShopPage": "https://www.newworld.co.nz/shop/product/5254654_ea_000nw",
            "productImageURL": "https://a.fsimg.co.nz/product/retail/fan/image/master/5254654.png",
            "productDescription": "Sugarfree\n\nProduct of New Zealand",
            "volume": "500mL",
            "multipack": {
                "quantity": "1"
            }
        },
        "priceData": {
            "bestPrice": "3.49",
            "price": "3.49",
            "pricePerLitre": 7.0,
            "bestPricePerLitre": 7.0
        },
        "store": {
            "id": "c4d78c33-1f9c-4039-8cd5-82ddb43fbe16",
            "name": "New World Whangamata"
        }
    },
    {
        "productData": {
            "name": "V Raspberry Lemonade Guarana Energy Drink 4pk",
            "productId": "5289907_ea_000",
            "productShopPage": "https://www.newworld.co.nz/shop/product/5289907_ea_000nw",
            "productImageURL": "https://a.fsimg.co.nz/product/retail/fan/image/master/5289907.png",
            "productDescription": "Limit 12 assorted.\n\n\n\n\nProduct of New Zealand",
            "volume": "250mL",
            "multipack": {
                "quantity": "4"
            }
        },
        "priceData": {
            "bestPrice": "5.99",
            "price": "5.99",
            "pricePerLitre": 5.99,
            "bestPricePerLitre": 5.99
        },
        "store": {
            "id": "c4d78c33-1f9c-4039-8cd5-82ddb43fbe16",
            "name": "New World Whangamata"
        }
    },
    {
        "productData": {
            "name": "V Raspberry Lemonade Can 500ml",
            "productId": "5264523_ea_000",
            "productShopPage": "https://www.newworld.co.nz/shop/product/5264523_ea_000nw",
            "productImageURL": "https://a.fsimg.co.nz/product/retail/fan/image/master/5264523.png",
            "productDescription": "Product of New Zealand",
            "volume": "500mL",
            "multipack": {
                "quantity": "1"
            }
        },
        "priceData": {
            "bestPrice": "3.49",
            "price": "3.49",
            "pricePerLitre": 7.0,
            "bestPricePerLitre": 7.0
        },
        "store": {
            "id": "c4d78c33-1f9c-4039-8cd5-82ddb43fbe16",
            "name": "New World Whangamata"
        }
    },
    {
        "productData": {
            "name": "V Blue Guarana Energy Drink 6pk",
            "productId": "5272988_ea_000",
            "productShopPage": "https://www.newworld.co.nz/shop/product/5272988_ea_000nw",
            "productImageURL": "https://a.fsimg.co.nz/product/retail/fan/image/master/5272988.png",
            "productDescription": "Product of New Zealand",
            "volume": "330mL",
            "multipack": {
                "quantity": "6"
            }
        },
        "priceData": {
            "bestPrice": "11.99",
            "price": "11.99",
            "pricePerLitre": 6.05,
            "bestPricePerLitre": 6.05
        },
        "store": {
            "id": "c4d78c33-1f9c-4039-8cd5-82ddb43fbe16",
            "name": "New World Whangamata"
        }
    },
    {
        "productData": {
            "name": "V Blue Can 4pk",
            "productId": "5030249_ea_000",
            "productShopPage": "https://www.newworld.co.nz/shop/product/5030249_ea_000nw",
            "productImageURL": "https://a.fsimg.co.nz/product/retail/fan/image/master/5030249.png",
            "productDescription": "Limit 12 assorted.\n\n\nContains Wheat Derivatives, Caffeine.\n\nProduct of New Zealand",
            "volume": "250mL",
            "multipack": {
                "quantity": "4"
            }
        },
        "priceData": {
            "bestPrice": "5.99",
            "price": "5.99",
            "pricePerLitre": 5.99,
            "bestPricePerLitre": 5.99
        },
        "store": {
            "id": "c4d78c33-1f9c-4039-8cd5-82ddb43fbe16",
            "name": "New World Whangamata"
        }
    },
    {
        "productData": {
            "name": "V Energy Drink Sugarfree Cans 4pk",
            "productId": "5004117_ea_000",
            "productShopPage": "https://www.newworld.co.nz/shop/product/5004117_ea_000nw",
            "productImageURL": "https://a.fsimg.co.nz/product/retail/fan/image/master/5004117.png",
            "productDescription": "Limit 12 assorted.\n\n\nSugar Free. Contains Caffeine.\n\nProduct of New Zealand",
            "volume": "250mL",
            "multipack": {
                "quantity": "4"
            }
        },
        "priceData": {
            "bestPrice": "5.99",
            "price": "5.99",
            "pricePerLitre": 5.99,
            "bestPricePerLitre": 5.99
        },
        "store": {
            "id": "c4d78c33-1f9c-4039-8cd5-82ddb43fbe16",
            "name": "New World Whangamata"
        }
    },
    {
        "productData": {
            "name": "Monster Zero Sugar Ultra Rosa Energy Drink 500ml",
            "productId": "5278094_ea_000",
            "productShopPage": "https://www.newworld.co.nz/shop/product/5278094_ea_000nw",
            "productImageURL": "https://a.fsimg.co.nz/product/retail/fan/image/master/5278094.png",
            "productDescription": "Product of Imported",
            "volume": "500mL",
            "multipack": {
                "quantity": "1"
            }
        },
        "priceData": {
            "bestPrice": "2.99",
            "price": "2.99",
            "pricePerLitre": 6.0,
            "bestPricePerLitre": 6.0
        },
        "store": {
            "id": "c4d78c33-1f9c-4039-8cd5-82ddb43fbe16",
            "name": "New World Whangamata"
        }
    },
    {
        "productData": {
            "name": "V Energy Drink Green Cans 4pk",
            "productId": "5002893_ea_000",
            "productShopPage": "https://www.newworld.co.nz/shop/product/5002893_ea_000nw",
            "productImageURL": "https://a.fsimg.co.nz/product/retail/fan/image/master/5002893.png",
            "productDescription": "Limit 12 assorted.\n\n\nContains Caffeine.\n\nProduct of New Zealand",
            "volume": "250mL",
            "multipack": {
                "quantity": "4"
            }
        },
        "priceData": {
            "bestPrice": "5.99",
            "price": "5.99",
            "pricePerLitre": 5.99,
            "bestPricePerLitre": 5.99
        },
        "store": {
            "id": "c4d78c33-1f9c-4039-8cd5-82ddb43fbe16",
            "name": "New World Whangamata"
        }
    },
    {
        "productData": {
            "name": "Monster Super Fuel Zero Sugar Energy Drink 550ml",
            "productId": "5284331_ea_000",
            "productShopPage": "https://www.newworld.co.nz/shop/product/5284331_ea_000nw",
            "productImageURL": "https://a.fsimg.co.nz/product/retail/fan/image/master/5284331.png",
            "productDescription": "Product of Imported",
            "volume": "550mL",
            "multipack": {
                "quantity": "1"
            }
        },
        "priceData": {
            "bestPrice": "3.49",
            "price": "3.49",
            "pricePerLitre": 6.345454545454546,
            "bestPricePerLitre": 6.345454545454546
        },
        "store": {
            "id": "c4d78c33-1f9c-4039-8cd5-82ddb43fbe16",
            "name": "New World Whangamata"
        }
    },
    {
        "productData": {
            "name": "Mother Energy Drink Can 500ml",
            "productId": "5011153_ea_000",
            "productShopPage": "https://www.newworld.co.nz/shop/product/5011153_ea_000nw",
            "productImageURL": "https://a.fsimg.co.nz/product/retail/fan/image/master/5011153.png",
            "productDescription": "Contains Caffeine.\n\nProduct of New Zealand",
            "volume": "500mL",
            "multipack": {
                "quantity": "1"
            }
        },
        "priceData": {
            "bestPrice": "1.99",
            "price": "1.99",
            "pricePerLitre": 4.0,
            "bestPricePerLitre": 4.0
        },
        "store": {
            "id": "c4d78c33-1f9c-4039-8cd5-82ddb43fbe16",
            "name": "New World Whangamata"
        }
    },
    {
        "productData": {
            "name": "Monster Super Fuel Purple Passion Energy Drink 550ml",
            "productId": "5284332_ea_000",
            "productShopPage": "https://www.newworld.co.nz/shop/product/5284332_ea_000nw",
            "productImageURL": "https://a.fsimg.co.nz/product/retail/fan/image/master/5284332.png",
            "productDescription": "Product of Imported",
            "volume": "550mL",
            "multipack": {
                "quantity": "1"
            }
        },
        "priceData": {
            "bestPrice": "3.49",
            "price": "3.49",
            "pricePerLitre": 6.345454545454546,
            "bestPricePerLitre": 6.345454545454546
        },
        "store": {
            "id": "c4d78c33-1f9c-4039-8cd5-82ddb43fbe16",
            "name": "New World Whangamata"
        }
    },
    {
        "productData": {
            "name": "Mother Energy Drink Can 6pk",
            "productId": "5009490_ea_000",
            "productShopPage": "https://www.newworld.co.nz/shop/product/5009490_ea_000nw",
            "productImageURL": "https://a.fsimg.co.nz/product/retail/fan/image/master/5009490.png",
            "productDescription": "Contains Caffeine.\n\nProduct of New Zealand",
            "volume": "250mL",
            "multipack": {
                "quantity": "6"
            }
        },
        "priceData": {
            "bestPrice": "7.49",
            "price": "7.49",
            "pricePerLitre": 5.0,
            "bestPricePerLitre": 5.0
        },
        "store": {
            "id": "c4d78c33-1f9c-4039-8cd5-82ddb43fbe16",
            "name": "New World Whangamata"
        }
    },
    {
        "productData": {
            "name": "Monster Pipeline Punch Energy Drink 500ml",
            "productId": "5242373_ea_000",
            "productShopPage": "https://www.newworld.co.nz/shop/product/5242373_ea_000nw",
            "productImageURL": "https://a.fsimg.co.nz/product/retail/fan/image/master/5242373.png",
            "productDescription": "Product of Imported",
            "volume": "500mL",
            "multipack": {
                "quantity": "1"
            }
        },
        "priceData": {
            "bestPrice": "2.99",
            "price": "2.99",
            "pricePerLitre": 6.0,
            "bestPricePerLitre": 6.0
        },
        "store": {
            "id": "c4d78c33-1f9c-4039-8cd5-82ddb43fbe16",
            "name": "New World Whangamata"
        }
    },
    {
        "productData": {
            "name": "Monster Energy Drink 500ml",
            "productId": "5007647_ea_000",
            "productShopPage": "https://www.newworld.co.nz/shop/product/5007647_ea_000nw",
            "productImageURL": "https://a.fsimg.co.nz/product/retail/fan/image/master/5007647.png",
            "productDescription": "Contains Caffeine.\n\nProduct of Imported",
            "volume": "500mL",
            "multipack": {
                "quantity": "1"
            }
        },
        "priceData": {
            "bestPrice": "2.99",
            "price": "2.99",
            "pricePerLitre": 6.0,
            "bestPricePerLitre": 6.0
        },
        "store": {
            "id": "c4d78c33-1f9c-4039-8cd5-82ddb43fbe16",
            "name": "New World Whangamata"
        }
    },
    {
        "productData": {
            "name": "V Sugarfree Guarana Energy Drink 500ml",
            "productId": "5007644_ea_000",
            "productShopPage": "https://www.newworld.co.nz/shop/product/5007644_ea_000nw",
            "productImageURL": "https://a.fsimg.co.nz/product/retail/fan/image/master/5007644.png",
            "productDescription": "Sugar Free.\n\nProduct of New Zealand",
            "volume": "500mL",
            "multipack": {
                "quantity": "1"
            }
        },
        "priceData": {
            "bestPrice": "3.49",
            "price": "3.49",
            "pricePerLitre": 7.0,
            "bestPricePerLitre": 7.0
        },
        "store": {
            "id": "c4d78c33-1f9c-4039-8cd5-82ddb43fbe16",
            "name": "New World Whangamata"
        }
    },
    {
        "productData": {
            "name": "V Original Guarana Energy Drink 500ml",
            "productId": "5004703_ea_000",
            "productShopPage": "https://www.newworld.co.nz/shop/product/5004703_ea_000nw",
            "productImageURL": "https://a.fsimg.co.nz/product/retail/fan/image/master/5004703.png",
            "productDescription": "Contains Caffeine.\n\nProduct of New Zealand",
            "volume": "500mL",
            "multipack": {
                "quantity": "1"
            }
        },
        "priceData": {
            "bestPrice": "3.49",
            "price": "3.49",
            "pricePerLitre": 7.0,
            "bestPricePerLitre": 7.0
        },
        "store": {
            "id": "c4d78c33-1f9c-4039-8cd5-82ddb43fbe16",
            "name": "New World Whangamata"
        }
    },
    {
        "productData": {
            "name": "V Original Guarana Energy Drink 500ml",
            "productId": "5007441_ea_000",
            "productShopPage": "https://www.newworld.co.nz/shop/product/5007441_ea_000nw",
            "productImageURL": "https://a.fsimg.co.nz/product/retail/fan/image/master/5007441.png",
            "productDescription": "Buy 2 for $5.00.\n\n\nContains Wheat Derivatives, Caffeine.\n\nProduct of New Zealand",
            "volume": "500mL",
            "multipack": {
                "quantity": "1"
            }
        },
        "priceData": {
            "bestPrice": 2.5,
            "price": 2.0,
            "pricePerLitre": 4.0,
            "bestPricePerLitre": 5.0,
            "multiBuy": {
                "quantity": 2.0,
                "value": 5.0,
                "perUnit": 2.5
            }
        },
        "store": {
            "id": "c4d78c33-1f9c-4039-8cd5-82ddb43fbe16",
            "name": "New World Whangamata"
        }
    },
    {
        "productData": {
            "name": "V Blue Guarana Energy Drink 10pk",
            "productId": "5290181_ea_000",
            "productShopPage": "https://www.newworld.co.nz/shop/product/5290181_ea_000nw",
            "productImageURL": "https://a.fsimg.co.nz/product/retail/fan/image/master/5290181.png",
            "productDescription": "Product of New Zealand",
            "volume": "250mL",
            "multipack": {
                "quantity": "10"
            }
        },
        "priceData": {
            "bestPrice": "17.99",
            "price": "17.99",
            "pricePerLitre": 7.2,
            "bestPricePerLitre": 7.2
        },
        "store": {
            "id": "c387ac97-5e0a-43ed-9c93-f1edccda298d",
            "name": "New World Botany"
        }
    },
    {
        "productData": {
            "name": "V Blue Guarana Energy Drink 250ml",
            "productId": "5007495_ea_000",
            "productShopPage": "https://www.newworld.co.nz/shop/product/5007495_ea_000nw",
            "productImageURL": "https://a.fsimg.co.nz/product/retail/fan/image/master/5007495.png",
            "productDescription": "Contains Caffeine, Wheat Derivatives.\n\nProduct of New Zealand",
            "volume": "250mL",
            "multipack": {
                "quantity": "1"
            }
        },
        "priceData": {
            "bestPrice": "1.99",
            "price": "1.99",
            "pricePerLitre": 8.0,
            "bestPricePerLitre": 8.0
        },
        "store": {
            "id": "c387ac97-5e0a-43ed-9c93-f1edccda298d",
            "name": "New World Botany"
        }
    },
    {
        "productData": {
            "name": "V Sugarfree Blue Guarana Energy Drink 4pk",
            "productId": "5289891_ea_000",
            "productShopPage": "https://www.newworld.co.nz/shop/product/5289891_ea_000nw",
            "productImageURL": "https://a.fsimg.co.nz/product/retail/fan/image/master/5289891.png",
            "productDescription": "Limit 12 assorted.\n\n\n\n\nProduct of New Zealand",
            "volume": "250mL",
            "multipack": {
                "quantity": "4"
            }
        },
        "priceData": {
            "bestPrice": "5.99",
            "price": "5.99",
            "pricePerLitre": 5.99,
            "bestPricePerLitre": 5.99
        },
        "store": {
            "id": "c387ac97-5e0a-43ed-9c93-f1edccda298d",
            "name": "New World Botany"
        }
    },
    {
        "productData": {
            "name": "V Sugarfree Guarana Energy Drink 250ml",
            "productId": "5001639_ea_000",
            "productShopPage": "https://www.newworld.co.nz/shop/product/5001639_ea_000nw",
            "productImageURL": "https://a.fsimg.co.nz/product/retail/fan/image/master/5001639.png",
            "productDescription": "Sugar Free. Contains Caffeine.\n\nProduct of New Zealand",
            "volume": "250mL",
            "multipack": {
                "quantity": "1"
            }
        },
        "priceData": {
            "bestPrice": "1.99",
            "price": "1.99",
            "pricePerLitre": 8.0,
            "bestPricePerLitre": 8.0
        },
        "store": {
            "id": "c387ac97-5e0a-43ed-9c93-f1edccda298d",
            "name": "New World Botany"
        }
    },
    {
        "productData": {
            "name": "V Sugarfree Guarana Energy Drink 10pk",
            "productId": "5289890_ea_000",
            "productShopPage": "https://www.newworld.co.nz/shop/product/5289890_ea_000nw",
            "productImageURL": "https://a.fsimg.co.nz/product/retail/fan/image/master/5289890.png",
            "productDescription": "Product of New Zealand",
            "volume": "",
            "multipack": {
                "quantity": ""
            }
        },
        "priceData": {
            "bestPrice": "17.99",
            "price": "17.99",
            "pricePerLitre": 72.0,
            "bestPricePerLitre": 72.0
        },
        "store": {
            "id": "c387ac97-5e0a-43ed-9c93-f1edccda298d",
            "name": "New World Botany"
        }
    },
    {
        "productData": {
            "name": "V Green Guarana Energy Drink 6pk",
            "productId": "5272987_ea_000",
            "productShopPage": "https://www.newworld.co.nz/shop/product/5272987_ea_000nw",
            "productImageURL": "https://a.fsimg.co.nz/product/retail/fan/image/master/5272987.png",
            "productDescription": "Product of New Zealand",
            "volume": "330mL",
            "multipack": {
                "quantity": "6"
            }
        },
        "priceData": {
            "bestPrice": "11.99",
            "price": "11.99",
            "pricePerLitre": 6.05,
            "bestPricePerLitre": 6.05
        },
        "store": {
            "id": "c387ac97-5e0a-43ed-9c93-f1edccda298d",
            "name": "New World Botany"
        }
    },
    {
        "productData": {
            "name": "Live Plus Persist Energy Drink 250ml",
            "productId": "5236678_ea_000",
            "productShopPage": "https://www.newworld.co.nz/shop/product/5236678_ea_000nw",
            "productImageURL": "https://a.fsimg.co.nz/product/retail/fan/image/master/5236678.png",
            "productDescription": "Limit 12 assorted.\n\n\n\n\nProduct of New Zealand",
            "volume": "",
            "multipack": {
                "quantity": ""
            }
        },
        "priceData": {
            "bestPrice": "0.99",
            "price": "0.99"
        },
        "store": {
            "id": "c387ac97-5e0a-43ed-9c93-f1edccda298d",
            "name": "New World Botany"
        }
    },
    {
        "productData": {
            "name": "V Green Guarana Energy Drink 10pk",
            "productId": "5289889_ea_000",
            "productShopPage": "https://www.newworld.co.nz/shop/product/5289889_ea_000nw",
            "productImageURL": "https://a.fsimg.co.nz/product/retail/fan/image/master/5289889.png",
            "productDescription": "Product of New Zealand",
            "volume": "250mL",
            "multipack": {
                "quantity": "10"
            }
        },
        "priceData": {
            "bestPrice": "17.99",
            "price": "17.99",
            "pricePerLitre": 7.2,
            "bestPricePerLitre": 7.2
        },
        "store": {
            "id": "c387ac97-5e0a-43ed-9c93-f1edccda298d",
            "name": "New World Botany"
        }
    },
    {
        "productData": {
            "name": "V Sugarfree Blue Guarana Energy Drink 500ml",
            "productId": "5283362_ea_000",
            "productShopPage": "https://www.newworld.co.nz/shop/product/5283362_ea_000nw",
            "productImageURL": "https://a.fsimg.co.nz/product/retail/fan/image/master/5283362.png",
            "productDescription": "Sugar free\n\nProduct of New Zealand",
            "volume": "500mL",
            "multipack": {
                "quantity": "1"
            }
        },
        "priceData": {
            "bestPrice": "3.49",
            "price": "3.49",
            "pricePerLitre": 7.0,
            "bestPricePerLitre": 7.0
        },
        "store": {
            "id": "c387ac97-5e0a-43ed-9c93-f1edccda298d",
            "name": "New World Botany"
        }
    },
    {
        "productData": {
            "name": "V Original Guarana Energy Drink 350ml",
            "productId": "5003156_ea_000",
            "productShopPage": "https://www.newworld.co.nz/shop/product/5003156_ea_000nw",
            "productImageURL": "https://a.fsimg.co.nz/product/retail/fan/image/master/5003156.png",
            "productDescription": "Buy 2 for $5.00.\n\n\nContains Caffeine.\n\nProduct of New Zealand",
            "volume": "350mL",
            "multipack": {
                "quantity": "1"
            }
        },
        "priceData": {
            "bestPrice": 2.5,
            "price": 2.0,
            "pricePerLitre": 5.714285714285714,
            "bestPricePerLitre": 7.142857142857143,
            "multiBuy": {
                "quantity": 2.0,
                "value": 5.0,
                "perUnit": 2.5
            }
        },
        "store": {
            "id": "c387ac97-5e0a-43ed-9c93-f1edccda298d",
            "name": "New World Botany"
        }
    },
    {
        "productData": {
            "name": "V Blue Guarana Energy Drink 350ml",
            "productId": "5007492_ea_000",
            "productShopPage": "https://www.newworld.co.nz/shop/product/5007492_ea_000nw",
            "productImageURL": "https://a.fsimg.co.nz/product/retail/fan/image/master/5007492.png",
            "productDescription": "Buy 2 for $5.00.\n\n\nContains Caffeine, Wheat Derivatives.\n\nProduct of New Zealand",
            "volume": "350mL",
            "multipack": {
                "quantity": "1"
            }
        },
        "priceData": {
            "bestPrice": 2.5,
            "price": 2.0,
            "pricePerLitre": 5.714285714285714,
            "bestPricePerLitre": 7.142857142857143,
            "multiBuy": {
                "quantity": 2.0,
                "value": 5.0,
                "perUnit": 2.5
            }
        },
        "store": {
            "id": "c387ac97-5e0a-43ed-9c93-f1edccda298d",
            "name": "New World Botany"
        }
    },
    {
        "productData": {
            "name": "V Blue Energy Drink 500ml",
            "productId": "5020662_ea_000",
            "productShopPage": "https://www.newworld.co.nz/shop/product/5020662_ea_000nw",
            "productImageURL": "https://a.fsimg.co.nz/product/retail/fan/image/master/5020662.png",
            "productDescription": "Buy 2 for $5.00.\n\n\n\n\nProduct of New Zealand",
            "volume": "500mL",
            "multipack": {
                "quantity": "1"
            }
        },
        "priceData": {
            "bestPrice": 2.5,
            "price": 2.0,
            "pricePerLitre": 4.0,
            "bestPricePerLitre": 5.0,
            "multiBuy": {
                "quantity": 2.0,
                "value": 5.0,
                "perUnit": 2.5
            }
        },
        "store": {
            "id": "c387ac97-5e0a-43ed-9c93-f1edccda298d",
            "name": "New World Botany"
        }
    },
    {
        "productData": {
            "name": "V Blue Guarana Energy Drink 500ml",
            "productId": "5007494_ea_000",
            "productShopPage": "https://www.newworld.co.nz/shop/product/5007494_ea_000nw",
            "productImageURL": "https://a.fsimg.co.nz/product/retail/fan/image/master/5007494.png",
            "productDescription": "Contains Wheat Derivatives, Caffeine.\n\nProduct of New Zealand",
            "volume": "500mL",
            "multipack": {
                "quantity": "1"
            }
        },
        "priceData": {
            "bestPrice": "3.49",
            "price": "3.49",
            "pricePerLitre": 7.0,
            "bestPricePerLitre": 7.0
        },
        "store": {
            "id": "c387ac97-5e0a-43ed-9c93-f1edccda298d",
            "name": "New World Botany"
        }
    },
    {
        "productData": {
            "name": "Red Bull Energy Drink 473ml",
            "productId": "5005255_ea_000",
            "productShopPage": "https://www.newworld.co.nz/shop/product/5005255_ea_000nw",
            "productImageURL": "https://a.fsimg.co.nz/product/retail/fan/image/master/5005255.png",
            "productDescription": "Red Bull Energy Drink's special formula contains ingredients of high quality: Caffeine, Taurine, B-Group Vitamins, Sugars, Alpine Water.One 250ml can of Red Bull Energy Drinks contains 80 mg of caffeine, about the same amount as in a cup of home-brewed coffee.The amount of sugars in a can of Red Bull Energy Drink is comparable to the level of sugars in an equivalent amount of apple or orange juice – 11 g per 100ml.Red Bull cans are made of 100% recyclable aluminium.Red Bull Energy Drink 473ml canVitalizes Body and Mind.®RED BULL GIVES YOU WINGSInspired by functional drinks from the Far East, Dietrich Mateschitz founded Red Bull in the mid-1980s. He developed a new product and a unique marketing concept and launched Red Bull Energy Drink on April 1, 1987 in Austria. A brand new product category - Energy Drinks - was born.\n\nProduct of Imported",
            "volume": "473mL",
            "multipack": {
                "quantity": "1"
            }
        },
        "priceData": {
            "bestPrice": "3.59",
            "price": "3.59",
            "pricePerLitre": 7.6,
            "bestPricePerLitre": 7.6
        },
        "store": {
            "id": "c387ac97-5e0a-43ed-9c93-f1edccda298d",
            "name": "New World Botany"
        }
    },
    {
        "productData": {
            "name": "V Original Guarana Energy Drink 250ml",
            "productId": "5003151_ea_000",
            "productShopPage": "https://www.newworld.co.nz/shop/product/5003151_ea_000nw",
            "productImageURL": "https://a.fsimg.co.nz/product/retail/fan/image/master/5003151.png",
            "productDescription": "Contains Caffeine.\n\nProduct of New Zealand",
            "volume": "250mL",
            "multipack": {
                "quantity": "1"
            }
        },
        "priceData": {
            "bestPrice": "1.99",
            "price": "1.99",
            "pricePerLitre": 8.0,
            "bestPricePerLitre": 8.0
        },
        "store": {
            "id": "c387ac97-5e0a-43ed-9c93-f1edccda298d",
            "name": "New World Botany"
        }
    },
    {
        "productData": {
            "name": "Red Bull Energy Drink 250ml Cans 4pk",
            "productId": "5001443_ea_000",
            "productShopPage": "https://www.newworld.co.nz/shop/product/5001443_ea_000nw",
            "productImageURL": "https://a.fsimg.co.nz/product/retail/fan/image/master/5001443.png",
            "productDescription": "Red Bull Energy Drink's special formula contains ingredients of high quality: Caffeine, Taurine, B-Group Vitamins, Sugars, Alpine Water.One 250ml can of Red Bull Energy Drinks contains 80 mg of caffeine, about the same amount as in a cup of home-brewed coffee.The amount of sugars in a can of Red Bull Energy Drink is comparable to the level of sugars in an equivalent amount of apple or orange juice – 11 g per 100ml.Red Bull cans are made of 100% recyclable aluminium.Pack of four 250ml Red Bull Energy Drink cansVitalizes Body and Mind.®RED BULL GIVES YOU WINGSInspired by functional drinks from the Far East, Dietrich Mateschitz founded Red Bull in the mid-1980s. He developed a new product and a unique marketing concept and launched Red Bull Energy Drink on April 1, 1987 in Austria. A brand new product category - Energy Drinks - was born.",
            "volume": "250mL",
            "multipack": {
                "quantity": "4"
            }
        },
        "priceData": {
            "bestPrice": "8.29",
            "price": "8.29",
            "pricePerLitre": 8.299999999999999,
            "bestPricePerLitre": 8.299999999999999
        },
        "store": {
            "id": "c387ac97-5e0a-43ed-9c93-f1edccda298d",
            "name": "New World Botany"
        }
    },
    {
        "productData": {
            "name": "Lucozade Orange Energy Drink 380ml",
            "productId": "5009239_ea_000",
            "productShopPage": "https://www.newworld.co.nz/shop/product/5009239_ea_000nw",
            "productImageURL": "https://a.fsimg.co.nz/product/retail/fan/image/master/5009239.png",
            "productDescription": "Powered by Glucose.\n\nProduct of New Zealand",
            "volume": "380mL",
            "multipack": {
                "quantity": "1"
            }
        },
        "priceData": {
            "bestPrice": "2.69",
            "price": "2.69",
            "pricePerLitre": 7.08,
            "bestPricePerLitre": 7.08
        },
        "store": {
            "id": "c387ac97-5e0a-43ed-9c93-f1edccda298d",
            "name": "New World Botany"
        }
    },
    {
        "productData": {
            "name": "V Pure Natural Energy Drink Glass Bottle 330ml",
            "productId": "5237753_ea_000",
            "productShopPage": "https://www.newworld.co.nz/shop/product/5237753_ea_000nw",
            "productImageURL": "https://a.fsimg.co.nz/product/retail/fan/image/master/5237753.png",
            "productDescription": "Buy 2 for $5.00.\n\n\nNothing artificial\n\nProduct of New Zealand",
            "volume": "330mL",
            "multipack": {
                "quantity": "1"
            }
        },
        "priceData": {
            "bestPrice": 2.5,
            "price": 2.0,
            "pricePerLitre": 6.0606060606060606,
            "bestPricePerLitre": 7.575757575757575,
            "multiBuy": {
                "quantity": 2.0,
                "value": 5.0,
                "perUnit": 2.5
            }
        },
        "store": {
            "id": "c387ac97-5e0a-43ed-9c93-f1edccda298d",
            "name": "New World Botany"
        }
    },
    {
        "productData": {
            "name": "Rockstar Watermelon Freeze Energy Drink 500ml",
            "productId": "5257298_ea_000",
            "productShopPage": "https://www.newworld.co.nz/shop/product/5257298_ea_000nw",
            "productImageURL": "https://a.fsimg.co.nz/product/retail/fan/image/master/5257298.png",
            "productDescription": "Buy 3 for $5.00.\n\n\n\n\nProduct of New Zealand",
            "volume": "500mL",
            "multipack": {
                "quantity": "1"
            }
        },
        "priceData": {
            "bestPrice": 1.6666666666666667,
            "price": 1.0,
            "pricePerLitre": 2.0,
            "bestPricePerLitre": 3.3333333333333335,
            "multiBuy": {
                "quantity": 3.0,
                "value": 5.0,
                "perUnit": 1.6666666666666667
            }
        },
        "store": {
            "id": "c387ac97-5e0a-43ed-9c93-f1edccda298d",
            "name": "New World Botany"
        }
    },
    {
        "productData": {
            "name": "V Pure Natural Energy Drink Can 250ml",
            "productId": "5237735_ea_000",
            "productShopPage": "https://www.newworld.co.nz/shop/product/5237735_ea_000nw",
            "productImageURL": "https://a.fsimg.co.nz/product/retail/fan/image/master/5237735.png",
            "productDescription": "6 natural ingredients; Nothing artificial; Apple juice - Apple and lemon juice is reconstituted; Lemon juice - Apple and lemon juice is reconstituted\n\nProduct of New Zealand",
            "volume": "250mL",
            "multipack": {
                "quantity": "1"
            }
        },
        "priceData": {
            "bestPrice": "1.99",
            "price": "1.99",
            "pricePerLitre": 8.0,
            "bestPricePerLitre": 8.0
        },
        "store": {
            "id": "c387ac97-5e0a-43ed-9c93-f1edccda298d",
            "name": "New World Botany"
        }
    },
    {
        "productData": {
            "name": "Rockstar Original Energy Drink 500ml",
            "productId": "5215383_ea_000",
            "productShopPage": "https://www.newworld.co.nz/shop/product/5215383_ea_000nw",
            "productImageURL": "https://a.fsimg.co.nz/product/retail/fan/image/master/5215383.png",
            "productDescription": "Buy 3 for $5.00.\n\n\nCaffeine; B vitamins; Vitamin C; Taurine; Ginseng\n\nProduct of New Zealand",
            "volume": "500mL",
            "multipack": {
                "quantity": "1"
            }
        },
        "priceData": {
            "bestPrice": 1.6666666666666667,
            "price": 1.0,
            "pricePerLitre": 2.0,
            "bestPricePerLitre": 3.3333333333333335,
            "multiBuy": {
                "quantity": 3.0,
                "value": 5.0,
                "perUnit": 1.6666666666666667
            }
        },
        "store": {
            "id": "c387ac97-5e0a-43ed-9c93-f1edccda298d",
            "name": "New World Botany"
        }
    },
    {
        "productData": {
            "name": "V Raspberry Lemonade Can 500ml",
            "productId": "5264523_ea_000",
            "productShopPage": "https://www.newworld.co.nz/shop/product/5264523_ea_000nw",
            "productImageURL": "https://a.fsimg.co.nz/product/retail/fan/image/master/5264523.png",
            "productDescription": "Product of New Zealand",
            "volume": "500mL",
            "multipack": {
                "quantity": "1"
            }
        },
        "priceData": {
            "bestPrice": "3.49",
            "price": "3.49",
            "pricePerLitre": 7.0,
            "bestPricePerLitre": 7.0
        },
        "store": {
            "id": "c387ac97-5e0a-43ed-9c93-f1edccda298d",
            "name": "New World Botany"
        }
    },
    {
        "productData": {
            "name": "V Blue Guarana Energy Drink 6pk",
            "productId": "5272988_ea_000",
            "productShopPage": "https://www.newworld.co.nz/shop/product/5272988_ea_000nw",
            "productImageURL": "https://a.fsimg.co.nz/product/retail/fan/image/master/5272988.png",
            "productDescription": "Product of New Zealand",
            "volume": "330mL",
            "multipack": {
                "quantity": "6"
            }
        },
        "priceData": {
            "bestPrice": "11.99",
            "price": "11.99",
            "pricePerLitre": 6.05,
            "bestPricePerLitre": 6.05
        },
        "store": {
            "id": "c387ac97-5e0a-43ed-9c93-f1edccda298d",
            "name": "New World Botany"
        }
    },
    {
        "productData": {
            "name": "V Blue Can 4pk",
            "productId": "5030249_ea_000",
            "productShopPage": "https://www.newworld.co.nz/shop/product/5030249_ea_000nw",
            "productImageURL": "https://a.fsimg.co.nz/product/retail/fan/image/master/5030249.png",
            "productDescription": "Limit 12 assorted.\n\n\nContains Wheat Derivatives, Caffeine.\n\nProduct of New Zealand",
            "volume": "250mL",
            "multipack": {
                "quantity": "4"
            }
        },
        "priceData": {
            "bestPrice": "5.99",
            "price": "5.99",
            "pricePerLitre": 5.99,
            "bestPricePerLitre": 5.99
        },
        "store": {
            "id": "c387ac97-5e0a-43ed-9c93-f1edccda298d",
            "name": "New World Botany"
        }
    },
    {
        "productData": {
            "name": "V Energy Drink Sugarfree Cans 4pk",
            "productId": "5004117_ea_000",
            "productShopPage": "https://www.newworld.co.nz/shop/product/5004117_ea_000nw",
            "productImageURL": "https://a.fsimg.co.nz/product/retail/fan/image/master/5004117.png",
            "productDescription": "Limit 12 assorted.\n\n\nSugar Free. Contains Caffeine.\n\nProduct of New Zealand",
            "volume": "250mL",
            "multipack": {
                "quantity": "4"
            }
        },
        "priceData": {
            "bestPrice": "5.99",
            "price": "5.99",
            "pricePerLitre": 5.99,
            "bestPricePerLitre": 5.99
        },
        "store": {
            "id": "c387ac97-5e0a-43ed-9c93-f1edccda298d",
            "name": "New World Botany"
        }
    },
    {
        "productData": {
            "name": "Monster Mango Loco Energy Drink 500ml",
            "productId": "5242374_ea_000",
            "productShopPage": "https://www.newworld.co.nz/shop/product/5242374_ea_000nw",
            "productImageURL": "https://a.fsimg.co.nz/product/retail/fan/image/master/5242374.png",
            "productDescription": "Product of Imported",
            "volume": "500mL",
            "multipack": {
                "quantity": "1"
            }
        },
        "priceData": {
            "bestPrice": "2.99",
            "price": "2.99",
            "pricePerLitre": 6.0,
            "bestPricePerLitre": 6.0
        },
        "store": {
            "id": "c387ac97-5e0a-43ed-9c93-f1edccda298d",
            "name": "New World Botany"
        }
    },
    {
        "productData": {
            "name": "Monster Ultra Paradise Energy Drink 500ml",
            "productId": "5261257_ea_000",
            "productShopPage": "https://www.newworld.co.nz/shop/product/5261257_ea_000nw",
            "productImageURL": "https://a.fsimg.co.nz/product/retail/fan/image/master/5261257.png",
            "productDescription": "Product of Imported",
            "volume": "500mL",
            "multipack": {
                "quantity": "1"
            }
        },
        "priceData": {
            "bestPrice": "2.99",
            "price": "2.99",
            "pricePerLitre": 6.0,
            "bestPricePerLitre": 6.0
        },
        "store": {
            "id": "c387ac97-5e0a-43ed-9c93-f1edccda298d",
            "name": "New World Botany"
        }
    },
    {
        "productData": {
            "name": "V Energy Drink Green Cans 4pk",
            "productId": "5002893_ea_000",
            "productShopPage": "https://www.newworld.co.nz/shop/product/5002893_ea_000nw",
            "productImageURL": "https://a.fsimg.co.nz/product/retail/fan/image/master/5002893.png",
            "productDescription": "Limit 12 assorted.\n\n\nContains Caffeine.\n\nProduct of New Zealand",
            "volume": "250mL",
            "multipack": {
                "quantity": "4"
            }
        },
        "priceData": {
            "bestPrice": "5.99",
            "price": "5.99",
            "pricePerLitre": 5.99,
            "bestPricePerLitre": 5.99
        },
        "store": {
            "id": "c387ac97-5e0a-43ed-9c93-f1edccda298d",
            "name": "New World Botany"
        }
    },
    {
        "productData": {
            "name": "Monster Ultra Zero Drink 500ml",
            "productId": "5090618_ea_000",
            "productShopPage": "https://www.newworld.co.nz/shop/product/5090618_ea_000nw",
            "productImageURL": "https://a.fsimg.co.nz/product/retail/fan/image/master/5090618.png",
            "productDescription": "A little less sweet, lighter-tasting, zero calories, but with a full load of our Monster energy blend. Sure, white is the new black. Monster Energy Zero Ultra. Unleash the Ultra Beast!\n\nProduct of Imported",
            "volume": "500mL",
            "multipack": {
                "quantity": "1"
            }
        },
        "priceData": {
            "bestPrice": "2.99",
            "price": "2.99",
            "pricePerLitre": 6.0,
            "bestPricePerLitre": 6.0
        },
        "store": {
            "id": "c387ac97-5e0a-43ed-9c93-f1edccda298d",
            "name": "New World Botany"
        }
    },
    {
        "productData": {
            "name": "Monster Super Fuel Zero Sugar Energy Drink 550ml",
            "productId": "5284331_ea_000",
            "productShopPage": "https://www.newworld.co.nz/shop/product/5284331_ea_000nw",
            "productImageURL": "https://a.fsimg.co.nz/product/retail/fan/image/master/5284331.png",
            "productDescription": "Product of Imported",
            "volume": "550mL",
            "multipack": {
                "quantity": "1"
            }
        },
        "priceData": {
            "bestPrice": "3.49",
            "price": "3.49",
            "pricePerLitre": 6.345454545454546,
            "bestPricePerLitre": 6.345454545454546
        },
        "store": {
            "id": "c387ac97-5e0a-43ed-9c93-f1edccda298d",
            "name": "New World Botany"
        }
    },
    {
        "productData": {
            "name": "Mother Energy Drink Can 500ml",
            "productId": "5011153_ea_000",
            "productShopPage": "https://www.newworld.co.nz/shop/product/5011153_ea_000nw",
            "productImageURL": "https://a.fsimg.co.nz/product/retail/fan/image/master/5011153.png",
            "productDescription": "Contains Caffeine.\n\nProduct of New Zealand",
            "volume": "500mL",
            "multipack": {
                "quantity": "1"
            }
        },
        "priceData": {
            "bestPrice": "1.99",
            "price": "1.99",
            "pricePerLitre": 4.0,
            "bestPricePerLitre": 4.0
        },
        "store": {
            "id": "c387ac97-5e0a-43ed-9c93-f1edccda298d",
            "name": "New World Botany"
        }
    },
    {
        "productData": {
            "name": "Monster Super Fuel Purple Passion Energy Drink 550ml",
            "productId": "5284332_ea_000",
            "productShopPage": "https://www.newworld.co.nz/shop/product/5284332_ea_000nw",
            "productImageURL": "https://a.fsimg.co.nz/product/retail/fan/image/master/5284332.png",
            "productDescription": "Product of Imported",
            "volume": "550mL",
            "multipack": {
                "quantity": "1"
            }
        },
        "priceData": {
            "bestPrice": "3.49",
            "price": "3.49",
            "pricePerLitre": 6.345454545454546,
            "bestPricePerLitre": 6.345454545454546
        },
        "store": {
            "id": "c387ac97-5e0a-43ed-9c93-f1edccda298d",
            "name": "New World Botany"
        }
    },
    {
        "productData": {
            "name": "Monster Pipeline Punch Energy Drink 500ml",
            "productId": "5242373_ea_000",
            "productShopPage": "https://www.newworld.co.nz/shop/product/5242373_ea_000nw",
            "productImageURL": "https://a.fsimg.co.nz/product/retail/fan/image/master/5242373.png",
            "productDescription": "Product of Imported",
            "volume": "500mL",
            "multipack": {
                "quantity": "1"
            }
        },
        "priceData": {
            "bestPrice": "2.99",
            "price": "2.99",
            "pricePerLitre": 6.0,
            "bestPricePerLitre": 6.0
        },
        "store": {
            "id": "c387ac97-5e0a-43ed-9c93-f1edccda298d",
            "name": "New World Botany"
        }
    },
    {
        "productData": {
            "name": "Monster Energy Drink 500ml",
            "productId": "5007647_ea_000",
            "productShopPage": "https://www.newworld.co.nz/shop/product/5007647_ea_000nw",
            "productImageURL": "https://a.fsimg.co.nz/product/retail/fan/image/master/5007647.png",
            "productDescription": "Contains Caffeine.\n\nProduct of Imported",
            "volume": "500mL",
            "multipack": {
                "quantity": "1"
            }
        },
        "priceData": {
            "bestPrice": "2.99",
            "price": "2.99",
            "pricePerLitre": 6.0,
            "bestPricePerLitre": 6.0
        },
        "store": {
            "id": "c387ac97-5e0a-43ed-9c93-f1edccda298d",
            "name": "New World Botany"
        }
    },
    {
        "productData": {
            "name": "V Sugarfree Guarana Energy Drink 500ml",
            "productId": "5007644_ea_000",
            "productShopPage": "https://www.newworld.co.nz/shop/product/5007644_ea_000nw",
            "productImageURL": "https://a.fsimg.co.nz/product/retail/fan/image/master/5007644.png",
            "productDescription": "Sugar Free.\n\nProduct of New Zealand",
            "volume": "500mL",
            "multipack": {
                "quantity": "1"
            }
        },
        "priceData": {
            "bestPrice": "3.49",
            "price": "3.49",
            "pricePerLitre": 7.0,
            "bestPricePerLitre": 7.0
        },
        "store": {
            "id": "c387ac97-5e0a-43ed-9c93-f1edccda298d",
            "name": "New World Botany"
        }
    },
    {
        "productData": {
            "name": "V Original Guarana Energy Drink 500ml",
            "productId": "5004703_ea_000",
            "productShopPage": "https://www.newworld.co.nz/shop/product/5004703_ea_000nw",
            "productImageURL": "https://a.fsimg.co.nz/product/retail/fan/image/master/5004703.png",
            "productDescription": "Contains Caffeine.\n\nProduct of New Zealand",
            "volume": "500mL",
            "multipack": {
                "quantity": "1"
            }
        },
        "priceData": {
            "bestPrice": "3.49",
            "price": "3.49",
            "pricePerLitre": 7.0,
            "bestPricePerLitre": 7.0
        },
        "store": {
            "id": "c387ac97-5e0a-43ed-9c93-f1edccda298d",
            "name": "New World Botany"
        }
    },
    {
        "productData": {
            "name": "V Original Guarana Energy Drink 500ml",
            "productId": "5007441_ea_000",
            "productShopPage": "https://www.newworld.co.nz/shop/product/5007441_ea_000nw",
            "productImageURL": "https://a.fsimg.co.nz/product/retail/fan/image/master/5007441.png",
            "productDescription": "Buy 2 for $5.00.\n\n\nContains Wheat Derivatives, Caffeine.\n\nProduct of New Zealand",
            "volume": "500mL",
            "multipack": {
                "quantity": "1"
            }
        },
        "priceData": {
            "bestPrice": 2.5,
            "price": 2.0,
            "pricePerLitre": 4.0,
            "bestPricePerLitre": 5.0,
            "multiBuy": {
                "quantity": 2.0,
                "value": 5.0,
                "perUnit": 2.5
            }
        },
        "store": {
            "id": "c387ac97-5e0a-43ed-9c93-f1edccda298d",
            "name": "New World Botany"
        }
    },
    {
        "productData": {
            "name": "V Blue Guarana Energy Drink 10pk",
            "productId": "5290181_ea_000",
            "productShopPage": "https://www.newworld.co.nz/shop/product/5290181_ea_000nw",
            "productImageURL": "https://a.fsimg.co.nz/product/retail/fan/image/master/5290181.png",
            "productDescription": "Product of New Zealand",
            "volume": "250mL",
            "multipack": {
                "quantity": "10"
            }
        },
        "priceData": {
            "bestPrice": "17.99",
            "price": "17.99",
            "pricePerLitre": 7.2,
            "bestPricePerLitre": 7.2
        },
        "store": {
            "id": "686c8e35-aa87-40e9-b46e-8ffbad4713aa",
            "name": "New World Kumeu"
        }
    },
    {
        "productData": {
            "name": "V Blue Guarana Energy Drink 250ml",
            "productId": "5007495_ea_000",
            "productShopPage": "https://www.newworld.co.nz/shop/product/5007495_ea_000nw",
            "productImageURL": "https://a.fsimg.co.nz/product/retail/fan/image/master/5007495.png",
            "productDescription": "Contains Caffeine, Wheat Derivatives.\n\nProduct of New Zealand",
            "volume": "250mL",
            "multipack": {
                "quantity": "1"
            }
        },
        "priceData": {
            "bestPrice": "1.99",
            "price": "1.99",
            "pricePerLitre": 8.0,
            "bestPricePerLitre": 8.0
        },
        "store": {
            "id": "686c8e35-aa87-40e9-b46e-8ffbad4713aa",
            "name": "New World Kumeu"
        }
    },
    {
        "productData": {
            "name": "V Sugarfree Blue Guarana Energy Drink 4pk",
            "productId": "5289891_ea_000",
            "productShopPage": "https://www.newworld.co.nz/shop/product/5289891_ea_000nw",
            "productImageURL": "https://a.fsimg.co.nz/product/retail/fan/image/master/5289891.png",
            "productDescription": "Limit 12 assorted.\n\n\n\n\nProduct of New Zealand",
            "volume": "250mL",
            "multipack": {
                "quantity": "4"
            }
        },
        "priceData": {
            "bestPrice": "5.99",
            "price": "5.99",
            "pricePerLitre": 5.99,
            "bestPricePerLitre": 5.99
        },
        "store": {
            "id": "686c8e35-aa87-40e9-b46e-8ffbad4713aa",
            "name": "New World Kumeu"
        }
    },
    {
        "productData": {
            "name": "V Sugarfree Guarana Energy Drink 250ml",
            "productId": "5001639_ea_000",
            "productShopPage": "https://www.newworld.co.nz/shop/product/5001639_ea_000nw",
            "productImageURL": "https://a.fsimg.co.nz/product/retail/fan/image/master/5001639.png",
            "productDescription": "Sugar Free. Contains Caffeine.\n\nProduct of New Zealand",
            "volume": "250mL",
            "multipack": {
                "quantity": "1"
            }
        },
        "priceData": {
            "bestPrice": "1.99",
            "price": "1.99",
            "pricePerLitre": 8.0,
            "bestPricePerLitre": 8.0
        },
        "store": {
            "id": "686c8e35-aa87-40e9-b46e-8ffbad4713aa",
            "name": "New World Kumeu"
        }
    },
    {
        "productData": {
            "name": "Live Plus Tart Apple Energy Drink 250ml",
            "productId": "5236676_ea_000",
            "productShopPage": "https://www.newworld.co.nz/shop/product/5236676_ea_000nw",
            "productImageURL": "https://a.fsimg.co.nz/product/retail/fan/image/master/5236676.png",
            "productDescription": "Limit 12 assorted.\n\n\n\n\nProduct of New Zealand",
            "volume": "250mL",
            "multipack": {
                "quantity": "1"
            }
        },
        "priceData": {
            "bestPrice": "0.99",
            "price": "0.99",
            "pricePerLitre": 3.96,
            "bestPricePerLitre": 3.96
        },
        "store": {
            "id": "686c8e35-aa87-40e9-b46e-8ffbad4713aa",
            "name": "New World Kumeu"
        }
    },
    {
        "productData": {
            "name": "Live Plus Persist Energy Drink 250ml",
            "productId": "5236678_ea_000",
            "productShopPage": "https://www.newworld.co.nz/shop/product/5236678_ea_000nw",
            "productImageURL": "https://a.fsimg.co.nz/product/retail/fan/image/master/5236678.png",
            "productDescription": "Limit 12 assorted.\n\n\n\n\nProduct of New Zealand",
            "volume": "",
            "multipack": {
                "quantity": ""
            }
        },
        "priceData": {
            "bestPrice": "0.99",
            "price": "0.99"
        },
        "store": {
            "id": "686c8e35-aa87-40e9-b46e-8ffbad4713aa",
            "name": "New World Kumeu"
        }
    },
    {
        "productData": {
            "name": "V Green Guarana Energy Drink 10pk",
            "productId": "5289889_ea_000",
            "productShopPage": "https://www.newworld.co.nz/shop/product/5289889_ea_000nw",
            "productImageURL": "https://a.fsimg.co.nz/product/retail/fan/image/master/5289889.png",
            "productDescription": "Product of New Zealand",
            "volume": "250mL",
            "multipack": {
                "quantity": "10"
            }
        },
        "priceData": {
            "bestPrice": "17.99",
            "price": "17.99",
            "pricePerLitre": 7.2,
            "bestPricePerLitre": 7.2
        },
        "store": {
            "id": "686c8e35-aa87-40e9-b46e-8ffbad4713aa",
            "name": "New World Kumeu"
        }
    },
    {
        "productData": {
            "name": "V Sugarfree Blue Guarana Energy Drink 500ml",
            "productId": "5283362_ea_000",
            "productShopPage": "https://www.newworld.co.nz/shop/product/5283362_ea_000nw",
            "productImageURL": "https://a.fsimg.co.nz/product/retail/fan/image/master/5283362.png",
            "productDescription": "Sugar free\n\nProduct of New Zealand",
            "volume": "500mL",
            "multipack": {
                "quantity": "1"
            }
        },
        "priceData": {
            "bestPrice": "3.49",
            "price": "3.49",
            "pricePerLitre": 7.0,
            "bestPricePerLitre": 7.0
        },
        "store": {
            "id": "686c8e35-aa87-40e9-b46e-8ffbad4713aa",
            "name": "New World Kumeu"
        }
    },
    {
        "productData": {
            "name": "V Original Guarana Energy Drink 350ml",
            "productId": "5003156_ea_000",
            "productShopPage": "https://www.newworld.co.nz/shop/product/5003156_ea_000nw",
            "productImageURL": "https://a.fsimg.co.nz/product/retail/fan/image/master/5003156.png",
            "productDescription": "Buy 2 for $5.00.\n\n\nContains Caffeine.\n\nProduct of New Zealand",
            "volume": "350mL",
            "multipack": {
                "quantity": "1"
            }
        },
        "priceData": {
            "bestPrice": 2.5,
            "price": 2.0,
            "pricePerLitre": 5.714285714285714,
            "bestPricePerLitre": 7.142857142857143,
            "multiBuy": {
                "quantity": 2.0,
                "value": 5.0,
                "perUnit": 2.5
            }
        },
        "store": {
            "id": "686c8e35-aa87-40e9-b46e-8ffbad4713aa",
            "name": "New World Kumeu"
        }
    },
    {
        "productData": {
            "name": "V Blue Guarana Energy Drink 350ml",
            "productId": "5007492_ea_000",
            "productShopPage": "https://www.newworld.co.nz/shop/product/5007492_ea_000nw",
            "productImageURL": "https://a.fsimg.co.nz/product/retail/fan/image/master/5007492.png",
            "productDescription": "Buy 2 for $5.00.\n\n\nContains Caffeine, Wheat Derivatives.\n\nProduct of New Zealand",
            "volume": "350mL",
            "multipack": {
                "quantity": "1"
            }
        },
        "priceData": {
            "bestPrice": 2.5,
            "price": 2.0,
            "pricePerLitre": 5.714285714285714,
            "bestPricePerLitre": 7.142857142857143,
            "multiBuy": {
                "quantity": 2.0,
                "value": 5.0,
                "perUnit": 2.5
            }
        },
        "store": {
            "id": "686c8e35-aa87-40e9-b46e-8ffbad4713aa",
            "name": "New World Kumeu"
        }
    },
    {
        "productData": {
            "name": "V Blue Energy Drink 500ml",
            "productId": "5020662_ea_000",
            "productShopPage": "https://www.newworld.co.nz/shop/product/5020662_ea_000nw",
            "productImageURL": "https://a.fsimg.co.nz/product/retail/fan/image/master/5020662.png",
            "productDescription": "Buy 2 for $5.00.\n\n\n\n\nProduct of New Zealand",
            "volume": "500mL",
            "multipack": {
                "quantity": "1"
            }
        },
        "priceData": {
            "bestPrice": 2.5,
            "price": 2.0,
            "pricePerLitre": 4.0,
            "bestPricePerLitre": 5.0,
            "multiBuy": {
                "quantity": 2.0,
                "value": 5.0,
                "perUnit": 2.5
            }
        },
        "store": {
            "id": "686c8e35-aa87-40e9-b46e-8ffbad4713aa",
            "name": "New World Kumeu"
        }
    },
    {
        "productData": {
            "name": "V Blue Guarana Energy Drink 500ml",
            "productId": "5007494_ea_000",
            "productShopPage": "https://www.newworld.co.nz/shop/product/5007494_ea_000nw",
            "productImageURL": "https://a.fsimg.co.nz/product/retail/fan/image/master/5007494.png",
            "productDescription": "Contains Wheat Derivatives, Caffeine.\n\nProduct of New Zealand",
            "volume": "500mL",
            "multipack": {
                "quantity": "1"
            }
        },
        "priceData": {
            "bestPrice": "3.49",
            "price": "3.49",
            "pricePerLitre": 7.0,
            "bestPricePerLitre": 7.0
        },
        "store": {
            "id": "686c8e35-aa87-40e9-b46e-8ffbad4713aa",
            "name": "New World Kumeu"
        }
    },
    {
        "productData": {
            "name": "Red Bull Energy Drink 473ml",
            "productId": "5005255_ea_000",
            "productShopPage": "https://www.newworld.co.nz/shop/product/5005255_ea_000nw",
            "productImageURL": "https://a.fsimg.co.nz/product/retail/fan/image/master/5005255.png",
            "productDescription": "Red Bull Energy Drink's special formula contains ingredients of high quality: Caffeine, Taurine, B-Group Vitamins, Sugars, Alpine Water.One 250ml can of Red Bull Energy Drinks contains 80 mg of caffeine, about the same amount as in a cup of home-brewed coffee.The amount of sugars in a can of Red Bull Energy Drink is comparable to the level of sugars in an equivalent amount of apple or orange juice – 11 g per 100ml.Red Bull cans are made of 100% recyclable aluminium.Red Bull Energy Drink 473ml canVitalizes Body and Mind.®RED BULL GIVES YOU WINGSInspired by functional drinks from the Far East, Dietrich Mateschitz founded Red Bull in the mid-1980s. He developed a new product and a unique marketing concept and launched Red Bull Energy Drink on April 1, 1987 in Austria. A brand new product category - Energy Drinks - was born.\n\nProduct of Imported",
            "volume": "473mL",
            "multipack": {
                "quantity": "1"
            }
        },
        "priceData": {
            "bestPrice": "3.59",
            "price": "3.59",
            "pricePerLitre": 7.6,
            "bestPricePerLitre": 7.6
        },
        "store": {
            "id": "686c8e35-aa87-40e9-b46e-8ffbad4713aa",
            "name": "New World Kumeu"
        }
    },
    {
        "productData": {
            "name": "V Original Guarana Energy Drink 250ml",
            "productId": "5003151_ea_000",
            "productShopPage": "https://www.newworld.co.nz/shop/product/5003151_ea_000nw",
            "productImageURL": "https://a.fsimg.co.nz/product/retail/fan/image/master/5003151.png",
            "productDescription": "Contains Caffeine.\n\nProduct of New Zealand",
            "volume": "250mL",
            "multipack": {
                "quantity": "1"
            }
        },
        "priceData": {
            "bestPrice": "1.99",
            "price": "1.99",
            "pricePerLitre": 8.0,
            "bestPricePerLitre": 8.0
        },
        "store": {
            "id": "686c8e35-aa87-40e9-b46e-8ffbad4713aa",
            "name": "New World Kumeu"
        }
    },
    {
        "productData": {
            "name": "Red Bull Energy Drink 250ml Cans 4pk",
            "productId": "5001443_ea_000",
            "productShopPage": "https://www.newworld.co.nz/shop/product/5001443_ea_000nw",
            "productImageURL": "https://a.fsimg.co.nz/product/retail/fan/image/master/5001443.png",
            "productDescription": "Red Bull Energy Drink's special formula contains ingredients of high quality: Caffeine, Taurine, B-Group Vitamins, Sugars, Alpine Water.One 250ml can of Red Bull Energy Drinks contains 80 mg of caffeine, about the same amount as in a cup of home-brewed coffee.The amount of sugars in a can of Red Bull Energy Drink is comparable to the level of sugars in an equivalent amount of apple or orange juice – 11 g per 100ml.Red Bull cans are made of 100% recyclable aluminium.Pack of four 250ml Red Bull Energy Drink cansVitalizes Body and Mind.®RED BULL GIVES YOU WINGSInspired by functional drinks from the Far East, Dietrich Mateschitz founded Red Bull in the mid-1980s. He developed a new product and a unique marketing concept and launched Red Bull Energy Drink on April 1, 1987 in Austria. A brand new product category - Energy Drinks - was born.",
            "volume": "250mL",
            "multipack": {
                "quantity": "4"
            }
        },
        "priceData": {
            "bestPrice": "8.29",
            "price": "8.29",
            "pricePerLitre": 8.299999999999999,
            "bestPricePerLitre": 8.299999999999999
        },
        "store": {
            "id": "686c8e35-aa87-40e9-b46e-8ffbad4713aa",
            "name": "New World Kumeu"
        }
    },
    {
        "productData": {
            "name": "Lucozade Orange Energy Drink 380ml",
            "productId": "5009239_ea_000",
            "productShopPage": "https://www.newworld.co.nz/shop/product/5009239_ea_000nw",
            "productImageURL": "https://a.fsimg.co.nz/product/retail/fan/image/master/5009239.png",
            "productDescription": "Powered by Glucose.\n\nProduct of New Zealand",
            "volume": "380mL",
            "multipack": {
                "quantity": "1"
            }
        },
        "priceData": {
            "bestPrice": "2.69",
            "price": "2.69",
            "pricePerLitre": 7.08,
            "bestPricePerLitre": 7.08
        },
        "store": {
            "id": "686c8e35-aa87-40e9-b46e-8ffbad4713aa",
            "name": "New World Kumeu"
        }
    },
    {
        "productData": {
            "name": "Rockstar Watermelon Freeze Energy Drink 500ml",
            "productId": "5257298_ea_000",
            "productShopPage": "https://www.newworld.co.nz/shop/product/5257298_ea_000nw",
            "productImageURL": "https://a.fsimg.co.nz/product/retail/fan/image/master/5257298.png",
            "productDescription": "Buy 3 for $5.00.\n\n\n\n\nProduct of New Zealand",
            "volume": "500mL",
            "multipack": {
                "quantity": "1"
            }
        },
        "priceData": {
            "bestPrice": 1.6666666666666667,
            "price": 1.0,
            "pricePerLitre": 2.0,
            "bestPricePerLitre": 3.3333333333333335,
            "multiBuy": {
                "quantity": 3.0,
                "value": 5.0,
                "perUnit": 1.6666666666666667
            }
        },
        "store": {
            "id": "686c8e35-aa87-40e9-b46e-8ffbad4713aa",
            "name": "New World Kumeu"
        }
    },
    {
        "productData": {
            "name": "Rockstar Original Energy Drink 500ml",
            "productId": "5215383_ea_000",
            "productShopPage": "https://www.newworld.co.nz/shop/product/5215383_ea_000nw",
            "productImageURL": "https://a.fsimg.co.nz/product/retail/fan/image/master/5215383.png",
            "productDescription": "Buy 3 for $5.00.\n\n\nCaffeine; B vitamins; Vitamin C; Taurine; Ginseng\n\nProduct of New Zealand",
            "volume": "500mL",
            "multipack": {
                "quantity": "1"
            }
        },
        "priceData": {
            "bestPrice": 1.6666666666666667,
            "price": 1.0,
            "pricePerLitre": 2.0,
            "bestPricePerLitre": 3.3333333333333335,
            "multiBuy": {
                "quantity": 3.0,
                "value": 5.0,
                "perUnit": 1.6666666666666667
            }
        },
        "store": {
            "id": "686c8e35-aa87-40e9-b46e-8ffbad4713aa",
            "name": "New World Kumeu"
        }
    },
    {
        "productData": {
            "name": "V Berry Twist Sugar Free Can 500ml",
            "productId": "5254654_ea_000",
            "productShopPage": "https://www.newworld.co.nz/shop/product/5254654_ea_000nw",
            "productImageURL": "https://a.fsimg.co.nz/product/retail/fan/image/master/5254654.png",
            "productDescription": "Sugarfree\n\nProduct of New Zealand",
            "volume": "500mL",
            "multipack": {
                "quantity": "1"
            }
        },
        "priceData": {
            "bestPrice": "3.49",
            "price": "3.49",
            "pricePerLitre": 7.0,
            "bestPricePerLitre": 7.0
        },
        "store": {
            "id": "686c8e35-aa87-40e9-b46e-8ffbad4713aa",
            "name": "New World Kumeu"
        }
    },
    {
        "productData": {
            "name": "V Raspberry Lemonade Guarana Energy Drink 4pk",
            "productId": "5289907_ea_000",
            "productShopPage": "https://www.newworld.co.nz/shop/product/5289907_ea_000nw",
            "productImageURL": "https://a.fsimg.co.nz/product/retail/fan/image/master/5289907.png",
            "productDescription": "Limit 12 assorted.\n\n\n\n\nProduct of New Zealand",
            "volume": "250mL",
            "multipack": {
                "quantity": "4"
            }
        },
        "priceData": {
            "bestPrice": "5.99",
            "price": "5.99",
            "pricePerLitre": 5.99,
            "bestPricePerLitre": 5.99
        },
        "store": {
            "id": "686c8e35-aa87-40e9-b46e-8ffbad4713aa",
            "name": "New World Kumeu"
        }
    },
    {
        "productData": {
            "name": "V Raspberry Lemonade Can 500ml",
            "productId": "5264523_ea_000",
            "productShopPage": "https://www.newworld.co.nz/shop/product/5264523_ea_000nw",
            "productImageURL": "https://a.fsimg.co.nz/product/retail/fan/image/master/5264523.png",
            "productDescription": "Product of New Zealand",
            "volume": "500mL",
            "multipack": {
                "quantity": "1"
            }
        },
        "priceData": {
            "bestPrice": "3.49",
            "price": "3.49",
            "pricePerLitre": 7.0,
            "bestPricePerLitre": 7.0
        },
        "store": {
            "id": "686c8e35-aa87-40e9-b46e-8ffbad4713aa",
            "name": "New World Kumeu"
        }
    },
    {
        "productData": {
            "name": "V Energy Drink Sugarfree Cans 4pk",
            "productId": "5004117_ea_000",
            "productShopPage": "https://www.newworld.co.nz/shop/product/5004117_ea_000nw",
            "productImageURL": "https://a.fsimg.co.nz/product/retail/fan/image/master/5004117.png",
            "productDescription": "Limit 12 assorted.\n\n\nSugar Free. Contains Caffeine.\n\nProduct of New Zealand",
            "volume": "250mL",
            "multipack": {
                "quantity": "4"
            }
        },
        "priceData": {
            "bestPrice": "5.99",
            "price": "5.99",
            "pricePerLitre": 5.99,
            "bestPricePerLitre": 5.99
        },
        "store": {
            "id": "686c8e35-aa87-40e9-b46e-8ffbad4713aa",
            "name": "New World Kumeu"
        }
    },
    {
        "productData": {
            "name": "Monster Mango Loco Energy Drink 500ml",
            "productId": "5242374_ea_000",
            "productShopPage": "https://www.newworld.co.nz/shop/product/5242374_ea_000nw",
            "productImageURL": "https://a.fsimg.co.nz/product/retail/fan/image/master/5242374.png",
            "productDescription": "Product of Imported",
            "volume": "500mL",
            "multipack": {
                "quantity": "1"
            }
        },
        "priceData": {
            "bestPrice": "2.99",
            "price": "2.99",
            "pricePerLitre": 6.0,
            "bestPricePerLitre": 6.0
        },
        "store": {
            "id": "686c8e35-aa87-40e9-b46e-8ffbad4713aa",
            "name": "New World Kumeu"
        }
    },
    {
        "productData": {
            "name": "Monster Zero Sugar Ultra Rosa Energy Drink 500ml",
            "productId": "5278094_ea_000",
            "productShopPage": "https://www.newworld.co.nz/shop/product/5278094_ea_000nw",
            "productImageURL": "https://a.fsimg.co.nz/product/retail/fan/image/master/5278094.png",
            "productDescription": "Product of Imported",
            "volume": "500mL",
            "multipack": {
                "quantity": "1"
            }
        },
        "priceData": {
            "bestPrice": "2.99",
            "price": "2.99",
            "pricePerLitre": 6.0,
            "bestPricePerLitre": 6.0
        },
        "store": {
            "id": "686c8e35-aa87-40e9-b46e-8ffbad4713aa",
            "name": "New World Kumeu"
        }
    },
    {
        "productData": {
            "name": "Monster Mule Energy Drink 500ml",
            "productId": "5269459_ea_000",
            "productShopPage": "https://www.newworld.co.nz/shop/product/5269459_ea_000nw",
            "productImageURL": "https://a.fsimg.co.nz/product/retail/fan/image/master/5269459.png",
            "productDescription": "Product of Imported",
            "volume": "500mL",
            "multipack": {
                "quantity": "1"
            }
        },
        "priceData": {
            "bestPrice": "2.99",
            "price": "2.99",
            "pricePerLitre": 6.0,
            "bestPricePerLitre": 6.0
        },
        "store": {
            "id": "686c8e35-aa87-40e9-b46e-8ffbad4713aa",
            "name": "New World Kumeu"
        }
    },
    {
        "productData": {
            "name": "Monster Ultra Paradise Energy Drink 500ml",
            "productId": "5261257_ea_000",
            "productShopPage": "https://www.newworld.co.nz/shop/product/5261257_ea_000nw",
            "productImageURL": "https://a.fsimg.co.nz/product/retail/fan/image/master/5261257.png",
            "productDescription": "Product of Imported",
            "volume": "500mL",
            "multipack": {
                "quantity": "1"
            }
        },
        "priceData": {
            "bestPrice": "2.99",
            "price": "2.99",
            "pricePerLitre": 6.0,
            "bestPricePerLitre": 6.0
        },
        "store": {
            "id": "686c8e35-aa87-40e9-b46e-8ffbad4713aa",
            "name": "New World Kumeu"
        }
    },
    {
        "productData": {
            "name": "V Energy Drink Green Cans 4pk",
            "productId": "5002893_ea_000",
            "productShopPage": "https://www.newworld.co.nz/shop/product/5002893_ea_000nw",
            "productImageURL": "https://a.fsimg.co.nz/product/retail/fan/image/master/5002893.png",
            "productDescription": "Limit 12 assorted.\n\n\nContains Caffeine.\n\nProduct of New Zealand",
            "volume": "250mL",
            "multipack": {
                "quantity": "4"
            }
        },
        "priceData": {
            "bestPrice": "5.99",
            "price": "5.99",
            "pricePerLitre": 5.99,
            "bestPricePerLitre": 5.99
        },
        "store": {
            "id": "686c8e35-aa87-40e9-b46e-8ffbad4713aa",
            "name": "New World Kumeu"
        }
    },
    {
        "productData": {
            "name": "Monster Ultra Zero Drink 500ml",
            "productId": "5090618_ea_000",
            "productShopPage": "https://www.newworld.co.nz/shop/product/5090618_ea_000nw",
            "productImageURL": "https://a.fsimg.co.nz/product/retail/fan/image/master/5090618.png",
            "productDescription": "A little less sweet, lighter-tasting, zero calories, but with a full load of our Monster energy blend. Sure, white is the new black. Monster Energy Zero Ultra. Unleash the Ultra Beast!\n\nProduct of Imported",
            "volume": "500mL",
            "multipack": {
                "quantity": "1"
            }
        },
        "priceData": {
            "bestPrice": "2.99",
            "price": "2.99",
            "pricePerLitre": 6.0,
            "bestPricePerLitre": 6.0
        },
        "store": {
            "id": "686c8e35-aa87-40e9-b46e-8ffbad4713aa",
            "name": "New World Kumeu"
        }
    },
    {
        "productData": {
            "name": "Monster Super Fuel Zero Sugar Energy Drink 550ml",
            "productId": "5284331_ea_000",
            "productShopPage": "https://www.newworld.co.nz/shop/product/5284331_ea_000nw",
            "productImageURL": "https://a.fsimg.co.nz/product/retail/fan/image/master/5284331.png",
            "productDescription": "Product of Imported",
            "volume": "550mL",
            "multipack": {
                "quantity": "1"
            }
        },
        "priceData": {
            "bestPrice": "3.49",
            "price": "3.49",
            "pricePerLitre": 6.345454545454546,
            "bestPricePerLitre": 6.345454545454546
        },
        "store": {
            "id": "686c8e35-aa87-40e9-b46e-8ffbad4713aa",
            "name": "New World Kumeu"
        }
    },
    {
        "productData": {
            "name": "Mother Energy Drink Can 500ml",
            "productId": "5011153_ea_000",
            "productShopPage": "https://www.newworld.co.nz/shop/product/5011153_ea_000nw",
            "productImageURL": "https://a.fsimg.co.nz/product/retail/fan/image/master/5011153.png",
            "productDescription": "Contains Caffeine.\n\nProduct of New Zealand",
            "volume": "500mL",
            "multipack": {
                "quantity": "1"
            }
        },
        "priceData": {
            "bestPrice": "1.99",
            "price": "1.99",
            "pricePerLitre": 4.0,
            "bestPricePerLitre": 4.0
        },
        "store": {
            "id": "686c8e35-aa87-40e9-b46e-8ffbad4713aa",
            "name": "New World Kumeu"
        }
    },
    {
        "productData": {
            "name": "Monster Super Fuel Purple Passion Energy Drink 550ml",
            "productId": "5284332_ea_000",
            "productShopPage": "https://www.newworld.co.nz/shop/product/5284332_ea_000nw",
            "productImageURL": "https://a.fsimg.co.nz/product/retail/fan/image/master/5284332.png",
            "productDescription": "Product of Imported",
            "volume": "550mL",
            "multipack": {
                "quantity": "1"
            }
        },
        "priceData": {
            "bestPrice": "3.49",
            "price": "3.49",
            "pricePerLitre": 6.345454545454546,
            "bestPricePerLitre": 6.345454545454546
        },
        "store": {
            "id": "686c8e35-aa87-40e9-b46e-8ffbad4713aa",
            "name": "New World Kumeu"
        }
    },
    {
        "productData": {
            "name": "Mother Energy Drink Can 6pk",
            "productId": "5009490_ea_000",
            "productShopPage": "https://www.newworld.co.nz/shop/product/5009490_ea_000nw",
            "productImageURL": "https://a.fsimg.co.nz/product/retail/fan/image/master/5009490.png",
            "productDescription": "Contains Caffeine.\n\nProduct of New Zealand",
            "volume": "250mL",
            "multipack": {
                "quantity": "6"
            }
        },
        "priceData": {
            "bestPrice": "7.49",
            "price": "7.49",
            "pricePerLitre": 5.0,
            "bestPricePerLitre": 5.0
        },
        "store": {
            "id": "686c8e35-aa87-40e9-b46e-8ffbad4713aa",
            "name": "New World Kumeu"
        }
    },
    {
        "productData": {
            "name": "Monster Pipeline Punch Energy Drink 500ml",
            "productId": "5242373_ea_000",
            "productShopPage": "https://www.newworld.co.nz/shop/product/5242373_ea_000nw",
            "productImageURL": "https://a.fsimg.co.nz/product/retail/fan/image/master/5242373.png",
            "productDescription": "Product of Imported",
            "volume": "500mL",
            "multipack": {
                "quantity": "1"
            }
        },
        "priceData": {
            "bestPrice": "2.99",
            "price": "2.99",
            "pricePerLitre": 6.0,
            "bestPricePerLitre": 6.0
        },
        "store": {
            "id": "686c8e35-aa87-40e9-b46e-8ffbad4713aa",
            "name": "New World Kumeu"
        }
    },
    {
        "productData": {
            "name": "Monster Energy Drink 500ml",
            "productId": "5007647_ea_000",
            "productShopPage": "https://www.newworld.co.nz/shop/product/5007647_ea_000nw",
            "productImageURL": "https://a.fsimg.co.nz/product/retail/fan/image/master/5007647.png",
            "productDescription": "Contains Caffeine.\n\nProduct of Imported",
            "volume": "500mL",
            "multipack": {
                "quantity": "1"
            }
        },
        "priceData": {
            "bestPrice": "2.99",
            "price": "2.99",
            "pricePerLitre": 6.0,
            "bestPricePerLitre": 6.0
        },
        "store": {
            "id": "686c8e35-aa87-40e9-b46e-8ffbad4713aa",
            "name": "New World Kumeu"
        }
    },
    {
        "productData": {
            "name": "Monster Energy Drink 4pk",
            "productId": "5107264_ea_000",
            "productShopPage": "https://www.newworld.co.nz/shop/product/5107264_ea_000nw",
            "productImageURL": "https://a.fsimg.co.nz/product/retail/fan/image/master/5107264.png",
            "productDescription": "Product of Imported",
            "volume": "",
            "multipack": {
                "quantity": ""
            }
        },
        "priceData": {
            "bestPrice": "11.99",
            "price": "11.99",
            "pricePerLitre": 6.0,
            "bestPricePerLitre": 6.0
        },
        "store": {
            "id": "686c8e35-aa87-40e9-b46e-8ffbad4713aa",
            "name": "New World Kumeu"
        }
    },
    {
        "productData": {
            "name": "V Sugarfree Guarana Energy Drink 500ml",
            "productId": "5007644_ea_000",
            "productShopPage": "https://www.newworld.co.nz/shop/product/5007644_ea_000nw",
            "productImageURL": "https://a.fsimg.co.nz/product/retail/fan/image/master/5007644.png",
            "productDescription": "Sugar Free.\n\nProduct of New Zealand",
            "volume": "500mL",
            "multipack": {
                "quantity": "1"
            }
        },
        "priceData": {
            "bestPrice": "3.49",
            "price": "3.49",
            "pricePerLitre": 7.0,
            "bestPricePerLitre": 7.0
        },
        "store": {
            "id": "686c8e35-aa87-40e9-b46e-8ffbad4713aa",
            "name": "New World Kumeu"
        }
    },
    {
        "productData": {
            "name": "V Original Guarana Energy Drink 500ml",
            "productId": "5004703_ea_000",
            "productShopPage": "https://www.newworld.co.nz/shop/product/5004703_ea_000nw",
            "productImageURL": "https://a.fsimg.co.nz/product/retail/fan/image/master/5004703.png",
            "productDescription": "Contains Caffeine.\n\nProduct of New Zealand",
            "volume": "500mL",
            "multipack": {
                "quantity": "1"
            }
        },
        "priceData": {
            "bestPrice": "3.49",
            "price": "3.49",
            "pricePerLitre": 7.0,
            "bestPricePerLitre": 7.0
        },
        "store": {
            "id": "686c8e35-aa87-40e9-b46e-8ffbad4713aa",
            "name": "New World Kumeu"
        }
    },
    {
        "productData": {
            "name": "V Green Guarana Energy Drink Cans 10pk",
            "productId": "5210061_ea_000",
            "productShopPage": "https://www.newworld.co.nz/shop/product/5210061_ea_000nw",
            "productImageURL": "https://a.fsimg.co.nz/product/retail/fan/image/master/5210061.png",
            "productDescription": "Product of New Zealand",
            "volume": "200mL",
            "multipack": {
                "quantity": "10"
            }
        },
        "priceData": {
            "bestPrice": "15.29",
            "price": "15.29",
            "pricePerLitre": 7.6,
            "bestPricePerLitre": 7.6
        },
        "store": {
            "id": "686c8e35-aa87-40e9-b46e-8ffbad4713aa",
            "name": "New World Kumeu"
        }
    },
    {
        "productData": {
            "name": "V Original Guarana Energy Drink 500ml",
            "productId": "5007441_ea_000",
            "productShopPage": "https://www.newworld.co.nz/shop/product/5007441_ea_000nw",
            "productImageURL": "https://a.fsimg.co.nz/product/retail/fan/image/master/5007441.png",
            "productDescription": "Buy 2 for $5.00.\n\n\nContains Wheat Derivatives, Caffeine.\n\nProduct of New Zealand",
            "volume": "500mL",
            "multipack": {
                "quantity": "1"
            }
        },
        "priceData": {
            "bestPrice": 2.5,
            "price": 2.0,
            "pricePerLitre": 4.0,
            "bestPricePerLitre": 5.0,
            "multiBuy": {
                "quantity": 2.0,
                "value": 5.0,
                "perUnit": 2.5
            }
        },
        "store": {
            "id": "686c8e35-aa87-40e9-b46e-8ffbad4713aa",
            "name": "New World Kumeu"
        }
    },
    {
        "productData": {
            "name": "V Blue Guarana Energy Drink 10pk",
            "productId": "5290181_ea_000",
            "productShopPage": "https://www.newworld.co.nz/shop/product/5290181_ea_000nw",
            "productImageURL": "https://a.fsimg.co.nz/product/retail/fan/image/master/5290181.png",
            "productDescription": "Product of New Zealand",
            "volume": "250mL",
            "multipack": {
                "quantity": "10"
            }
        },
        "priceData": {
            "bestPrice": "17.99",
            "price": "17.99",
            "pricePerLitre": 7.2,
            "bestPricePerLitre": 7.2
        },
        "store": {
            "id": "be37802e-1355-466e-9a1b-1ede5a099705",
            "name": "New World Hastings"
        }
    },
    {
        "productData": {
            "name": "V Blue Guarana Energy Drink 250ml",
            "productId": "5007495_ea_000",
            "productShopPage": "https://www.newworld.co.nz/shop/product/5007495_ea_000nw",
            "productImageURL": "https://a.fsimg.co.nz/product/retail/fan/image/master/5007495.png",
            "productDescription": "Contains Caffeine, Wheat Derivatives.\n\nProduct of New Zealand",
            "volume": "250mL",
            "multipack": {
                "quantity": "1"
            }
        },
        "priceData": {
            "bestPrice": "1.99",
            "price": "1.99",
            "pricePerLitre": 8.0,
            "bestPricePerLitre": 8.0
        },
        "store": {
            "id": "be37802e-1355-466e-9a1b-1ede5a099705",
            "name": "New World Hastings"
        }
    },
    {
        "productData": {
            "name": "V Sugarfree Blue Guarana Energy Drink 4pk",
            "productId": "5289891_ea_000",
            "productShopPage": "https://www.newworld.co.nz/shop/product/5289891_ea_000nw",
            "productImageURL": "https://a.fsimg.co.nz/product/retail/fan/image/master/5289891.png",
            "productDescription": "Limit 12 assorted.\n\n\n\n\nProduct of New Zealand",
            "volume": "250mL",
            "multipack": {
                "quantity": "4"
            }
        },
        "priceData": {
            "bestPrice": "5.99",
            "price": "5.99",
            "pricePerLitre": 5.99,
            "bestPricePerLitre": 5.99
        },
        "store": {
            "id": "be37802e-1355-466e-9a1b-1ede5a099705",
            "name": "New World Hastings"
        }
    },
    {
        "productData": {
            "name": "V Sugarfree Guarana Energy Drink 250ml",
            "productId": "5001639_ea_000",
            "productShopPage": "https://www.newworld.co.nz/shop/product/5001639_ea_000nw",
            "productImageURL": "https://a.fsimg.co.nz/product/retail/fan/image/master/5001639.png",
            "productDescription": "Sugar Free. Contains Caffeine.\n\nProduct of New Zealand",
            "volume": "250mL",
            "multipack": {
                "quantity": "1"
            }
        },
        "priceData": {
            "bestPrice": "1.99",
            "price": "1.99",
            "pricePerLitre": 8.0,
            "bestPricePerLitre": 8.0
        },
        "store": {
            "id": "be37802e-1355-466e-9a1b-1ede5a099705",
            "name": "New World Hastings"
        }
    },
    {
        "productData": {
            "name": "V Sugarfree Guarana Energy Drink 10pk",
            "productId": "5289890_ea_000",
            "productShopPage": "https://www.newworld.co.nz/shop/product/5289890_ea_000nw",
            "productImageURL": "https://a.fsimg.co.nz/product/retail/fan/image/master/5289890.png",
            "productDescription": "Product of New Zealand",
            "volume": "",
            "multipack": {
                "quantity": ""
            }
        },
        "priceData": {
            "bestPrice": "17.99",
            "price": "17.99",
            "pricePerLitre": 72.0,
            "bestPricePerLitre": 72.0
        },
        "store": {
            "id": "be37802e-1355-466e-9a1b-1ede5a099705",
            "name": "New World Hastings"
        }
    },
    {
        "productData": {
            "name": "Live Plus Ascend Energy Drink 250ml",
            "productId": "5236675_ea_000",
            "productShopPage": "https://www.newworld.co.nz/shop/product/5236675_ea_000nw",
            "productImageURL": "https://a.fsimg.co.nz/product/retail/fan/image/master/5236675.png",
            "productDescription": "Limit 12 assorted.\n\n\n\n\nProduct of New Zealand",
            "volume": "",
            "multipack": {
                "quantity": ""
            }
        },
        "priceData": {
            "bestPrice": "0.99",
            "price": "0.99"
        },
        "store": {
            "id": "be37802e-1355-466e-9a1b-1ede5a099705",
            "name": "New World Hastings"
        }
    },
    {
        "productData": {
            "name": "Live Plus Tart Apple Energy Drink 250ml",
            "productId": "5236676_ea_000",
            "productShopPage": "https://www.newworld.co.nz/shop/product/5236676_ea_000nw",
            "productImageURL": "https://a.fsimg.co.nz/product/retail/fan/image/master/5236676.png",
            "productDescription": "Limit 12 assorted.\n\n\n\n\nProduct of New Zealand",
            "volume": "250mL",
            "multipack": {
                "quantity": "1"
            }
        },
        "priceData": {
            "bestPrice": "0.99",
            "price": "0.99",
            "pricePerLitre": 3.96,
            "bestPricePerLitre": 3.96
        },
        "store": {
            "id": "be37802e-1355-466e-9a1b-1ede5a099705",
            "name": "New World Hastings"
        }
    },
    {
        "productData": {
            "name": "Live Plus Persist Energy Drink 250ml",
            "productId": "5236678_ea_000",
            "productShopPage": "https://www.newworld.co.nz/shop/product/5236678_ea_000nw",
            "productImageURL": "https://a.fsimg.co.nz/product/retail/fan/image/master/5236678.png",
            "productDescription": "Limit 12 assorted.\n\n\n\n\nProduct of New Zealand",
            "volume": "",
            "multipack": {
                "quantity": ""
            }
        },
        "priceData": {
            "bestPrice": "0.99",
            "price": "0.99"
        },
        "store": {
            "id": "be37802e-1355-466e-9a1b-1ede5a099705",
            "name": "New World Hastings"
        }
    },
    {
        "productData": {
            "name": "V Green Guarana Energy Drink 10pk",
            "productId": "5289889_ea_000",
            "productShopPage": "https://www.newworld.co.nz/shop/product/5289889_ea_000nw",
            "productImageURL": "https://a.fsimg.co.nz/product/retail/fan/image/master/5289889.png",
            "productDescription": "Product of New Zealand",
            "volume": "250mL",
            "multipack": {
                "quantity": "10"
            }
        },
        "priceData": {
            "bestPrice": "17.99",
            "price": "17.99",
            "pricePerLitre": 7.2,
            "bestPricePerLitre": 7.2
        },
        "store": {
            "id": "be37802e-1355-466e-9a1b-1ede5a099705",
            "name": "New World Hastings"
        }
    },
    {
        "productData": {
            "name": "V Sugarfree Blue Guarana Energy Drink 500ml",
            "productId": "5283362_ea_000",
            "productShopPage": "https://www.newworld.co.nz/shop/product/5283362_ea_000nw",
            "productImageURL": "https://a.fsimg.co.nz/product/retail/fan/image/master/5283362.png",
            "productDescription": "Sugar free\n\nProduct of New Zealand",
            "volume": "500mL",
            "multipack": {
                "quantity": "1"
            }
        },
        "priceData": {
            "bestPrice": "3.49",
            "price": "3.49",
            "pricePerLitre": 7.0,
            "bestPricePerLitre": 7.0
        },
        "store": {
            "id": "be37802e-1355-466e-9a1b-1ede5a099705",
            "name": "New World Hastings"
        }
    },
    {
        "productData": {
            "name": "V Original Guarana Energy Drink 350ml",
            "productId": "5003156_ea_000",
            "productShopPage": "https://www.newworld.co.nz/shop/product/5003156_ea_000nw",
            "productImageURL": "https://a.fsimg.co.nz/product/retail/fan/image/master/5003156.png",
            "productDescription": "Buy 2 for $5.00.\n\n\nContains Caffeine.\n\nProduct of New Zealand",
            "volume": "350mL",
            "multipack": {
                "quantity": "1"
            }
        },
        "priceData": {
            "bestPrice": 2.5,
            "price": 2.0,
            "pricePerLitre": 5.714285714285714,
            "bestPricePerLitre": 7.142857142857143,
            "multiBuy": {
                "quantity": 2.0,
                "value": 5.0,
                "perUnit": 2.5
            }
        },
        "store": {
            "id": "be37802e-1355-466e-9a1b-1ede5a099705",
            "name": "New World Hastings"
        }
    },
    {
        "productData": {
            "name": "V Blue Guarana Energy Drink 350ml",
            "productId": "5007492_ea_000",
            "productShopPage": "https://www.newworld.co.nz/shop/product/5007492_ea_000nw",
            "productImageURL": "https://a.fsimg.co.nz/product/retail/fan/image/master/5007492.png",
            "productDescription": "Buy 2 for $5.00.\n\n\nContains Caffeine, Wheat Derivatives.\n\nProduct of New Zealand",
            "volume": "350mL",
            "multipack": {
                "quantity": "1"
            }
        },
        "priceData": {
            "bestPrice": 2.5,
            "price": 2.0,
            "pricePerLitre": 5.714285714285714,
            "bestPricePerLitre": 7.142857142857143,
            "multiBuy": {
                "quantity": 2.0,
                "value": 5.0,
                "perUnit": 2.5
            }
        },
        "store": {
            "id": "be37802e-1355-466e-9a1b-1ede5a099705",
            "name": "New World Hastings"
        }
    },
    {
        "productData": {
            "name": "V Blue Energy Drink 500ml",
            "productId": "5020662_ea_000",
            "productShopPage": "https://www.newworld.co.nz/shop/product/5020662_ea_000nw",
            "productImageURL": "https://a.fsimg.co.nz/product/retail/fan/image/master/5020662.png",
            "productDescription": "Buy 2 for $5.00.\n\n\n\n\nProduct of New Zealand",
            "volume": "500mL",
            "multipack": {
                "quantity": "1"
            }
        },
        "priceData": {
            "bestPrice": 2.5,
            "price": 2.0,
            "pricePerLitre": 4.0,
            "bestPricePerLitre": 5.0,
            "multiBuy": {
                "quantity": 2.0,
                "value": 5.0,
                "perUnit": 2.5
            }
        },
        "store": {
            "id": "be37802e-1355-466e-9a1b-1ede5a099705",
            "name": "New World Hastings"
        }
    },
    {
        "productData": {
            "name": "V Blue Guarana Energy Drink 500ml",
            "productId": "5007494_ea_000",
            "productShopPage": "https://www.newworld.co.nz/shop/product/5007494_ea_000nw",
            "productImageURL": "https://a.fsimg.co.nz/product/retail/fan/image/master/5007494.png",
            "productDescription": "Contains Wheat Derivatives, Caffeine.\n\nProduct of New Zealand",
            "volume": "500mL",
            "multipack": {
                "quantity": "1"
            }
        },
        "priceData": {
            "bestPrice": "3.49",
            "price": "3.49",
            "pricePerLitre": 7.0,
            "bestPricePerLitre": 7.0
        },
        "store": {
            "id": "be37802e-1355-466e-9a1b-1ede5a099705",
            "name": "New World Hastings"
        }
    },
    {
        "productData": {
            "name": "Red Bull Energy Drink 473ml",
            "productId": "5005255_ea_000",
            "productShopPage": "https://www.newworld.co.nz/shop/product/5005255_ea_000nw",
            "productImageURL": "https://a.fsimg.co.nz/product/retail/fan/image/master/5005255.png",
            "productDescription": "Red Bull Energy Drink's special formula contains ingredients of high quality: Caffeine, Taurine, B-Group Vitamins, Sugars, Alpine Water.One 250ml can of Red Bull Energy Drinks contains 80 mg of caffeine, about the same amount as in a cup of home-brewed coffee.The amount of sugars in a can of Red Bull Energy Drink is comparable to the level of sugars in an equivalent amount of apple or orange juice – 11 g per 100ml.Red Bull cans are made of 100% recyclable aluminium.Red Bull Energy Drink 473ml canVitalizes Body and Mind.®RED BULL GIVES YOU WINGSInspired by functional drinks from the Far East, Dietrich Mateschitz founded Red Bull in the mid-1980s. He developed a new product and a unique marketing concept and launched Red Bull Energy Drink on April 1, 1987 in Austria. A brand new product category - Energy Drinks - was born.\n\nProduct of Imported",
            "volume": "473mL",
            "multipack": {
                "quantity": "1"
            }
        },
        "priceData": {
            "bestPrice": "3.59",
            "price": "3.59",
            "pricePerLitre": 7.6,
            "bestPricePerLitre": 7.6
        },
        "store": {
            "id": "be37802e-1355-466e-9a1b-1ede5a099705",
            "name": "New World Hastings"
        }
    },
    {
        "productData": {
            "name": "V Original Guarana Energy Drink 250ml",
            "productId": "5003151_ea_000",
            "productShopPage": "https://www.newworld.co.nz/shop/product/5003151_ea_000nw",
            "productImageURL": "https://a.fsimg.co.nz/product/retail/fan/image/master/5003151.png",
            "productDescription": "Contains Caffeine.\n\nProduct of New Zealand",
            "volume": "250mL",
            "multipack": {
                "quantity": "1"
            }
        },
        "priceData": {
            "bestPrice": "1.99",
            "price": "1.99",
            "pricePerLitre": 8.0,
            "bestPricePerLitre": 8.0
        },
        "store": {
            "id": "be37802e-1355-466e-9a1b-1ede5a099705",
            "name": "New World Hastings"
        }
    },
    {
        "productData": {
            "name": "Red Bull Energy Drink 250ml Cans 4pk",
            "productId": "5001443_ea_000",
            "productShopPage": "https://www.newworld.co.nz/shop/product/5001443_ea_000nw",
            "productImageURL": "https://a.fsimg.co.nz/product/retail/fan/image/master/5001443.png",
            "productDescription": "Red Bull Energy Drink's special formula contains ingredients of high quality: Caffeine, Taurine, B-Group Vitamins, Sugars, Alpine Water.One 250ml can of Red Bull Energy Drinks contains 80 mg of caffeine, about the same amount as in a cup of home-brewed coffee.The amount of sugars in a can of Red Bull Energy Drink is comparable to the level of sugars in an equivalent amount of apple or orange juice – 11 g per 100ml.Red Bull cans are made of 100% recyclable aluminium.Pack of four 250ml Red Bull Energy Drink cansVitalizes Body and Mind.®RED BULL GIVES YOU WINGSInspired by functional drinks from the Far East, Dietrich Mateschitz founded Red Bull in the mid-1980s. He developed a new product and a unique marketing concept and launched Red Bull Energy Drink on April 1, 1987 in Austria. A brand new product category - Energy Drinks - was born.",
            "volume": "250mL",
            "multipack": {
                "quantity": "4"
            }
        },
        "priceData": {
            "bestPrice": "8.29",
            "price": "8.29",
            "pricePerLitre": 8.299999999999999,
            "bestPricePerLitre": 8.299999999999999
        },
        "store": {
            "id": "be37802e-1355-466e-9a1b-1ede5a099705",
            "name": "New World Hastings"
        }
    },
    {
        "productData": {
            "name": "Lucozade Orange Energy Drink 380ml",
            "productId": "5009239_ea_000",
            "productShopPage": "https://www.newworld.co.nz/shop/product/5009239_ea_000nw",
            "productImageURL": "https://a.fsimg.co.nz/product/retail/fan/image/master/5009239.png",
            "productDescription": "Powered by Glucose.\n\nProduct of New Zealand",
            "volume": "380mL",
            "multipack": {
                "quantity": "1"
            }
        },
        "priceData": {
            "bestPrice": "2.69",
            "price": "2.69",
            "pricePerLitre": 7.08,
            "bestPricePerLitre": 7.08
        },
        "store": {
            "id": "be37802e-1355-466e-9a1b-1ede5a099705",
            "name": "New World Hastings"
        }
    },
    {
        "productData": {
            "name": "Lucozade Original Energy Drink 380ml",
            "productId": "5009240_ea_000",
            "productShopPage": "https://www.newworld.co.nz/shop/product/5009240_ea_000nw",
            "productImageURL": "https://a.fsimg.co.nz/product/retail/fan/image/master/5009240.png",
            "productDescription": "Energy from Glucose.\n\nProduct of New Zealand",
            "volume": "380mL",
            "multipack": {
                "quantity": "1"
            }
        },
        "priceData": {
            "bestPrice": "2.69",
            "price": "2.69",
            "pricePerLitre": 7.08,
            "bestPricePerLitre": 7.08
        },
        "store": {
            "id": "be37802e-1355-466e-9a1b-1ede5a099705",
            "name": "New World Hastings"
        }
    },
    {
        "productData": {
            "name": "Rockstar Watermelon Freeze Energy Drink 500ml",
            "productId": "5257298_ea_000",
            "productShopPage": "https://www.newworld.co.nz/shop/product/5257298_ea_000nw",
            "productImageURL": "https://a.fsimg.co.nz/product/retail/fan/image/master/5257298.png",
            "productDescription": "Buy 3 for $5.00.\n\n\n\n\nProduct of New Zealand",
            "volume": "500mL",
            "multipack": {
                "quantity": "1"
            }
        },
        "priceData": {
            "bestPrice": 1.6666666666666667,
            "price": 1.0,
            "pricePerLitre": 2.0,
            "bestPricePerLitre": 3.3333333333333335,
            "multiBuy": {
                "quantity": 3.0,
                "value": 5.0,
                "perUnit": 1.6666666666666667
            }
        },
        "store": {
            "id": "be37802e-1355-466e-9a1b-1ede5a099705",
            "name": "New World Hastings"
        }
    },
    {
        "productData": {
            "name": "Rockstar Original Energy Drink 500ml",
            "productId": "5215383_ea_000",
            "productShopPage": "https://www.newworld.co.nz/shop/product/5215383_ea_000nw",
            "productImageURL": "https://a.fsimg.co.nz/product/retail/fan/image/master/5215383.png",
            "productDescription": "Buy 3 for $5.00.\n\n\nCaffeine; B vitamins; Vitamin C; Taurine; Ginseng\n\nProduct of New Zealand",
            "volume": "500mL",
            "multipack": {
                "quantity": "1"
            }
        },
        "priceData": {
            "bestPrice": 1.6666666666666667,
            "price": 1.0,
            "pricePerLitre": 2.0,
            "bestPricePerLitre": 3.3333333333333335,
            "multiBuy": {
                "quantity": 3.0,
                "value": 5.0,
                "perUnit": 1.6666666666666667
            }
        },
        "store": {
            "id": "be37802e-1355-466e-9a1b-1ede5a099705",
            "name": "New World Hastings"
        }
    },
    {
        "productData": {
            "name": "V Berry Twist Sugar Free Can 500ml",
            "productId": "5254654_ea_000",
            "productShopPage": "https://www.newworld.co.nz/shop/product/5254654_ea_000nw",
            "productImageURL": "https://a.fsimg.co.nz/product/retail/fan/image/master/5254654.png",
            "productDescription": "Sugarfree\n\nProduct of New Zealand",
            "volume": "500mL",
            "multipack": {
                "quantity": "1"
            }
        },
        "priceData": {
            "bestPrice": "3.49",
            "price": "3.49",
            "pricePerLitre": 7.0,
            "bestPricePerLitre": 7.0
        },
        "store": {
            "id": "be37802e-1355-466e-9a1b-1ede5a099705",
            "name": "New World Hastings"
        }
    },
    {
        "productData": {
            "name": "V Raspberry Lemonade Guarana Energy Drink 4pk",
            "productId": "5289907_ea_000",
            "productShopPage": "https://www.newworld.co.nz/shop/product/5289907_ea_000nw",
            "productImageURL": "https://a.fsimg.co.nz/product/retail/fan/image/master/5289907.png",
            "productDescription": "Limit 12 assorted.\n\n\n\n\nProduct of New Zealand",
            "volume": "250mL",
            "multipack": {
                "quantity": "4"
            }
        },
        "priceData": {
            "bestPrice": "5.99",
            "price": "5.99",
            "pricePerLitre": 5.99,
            "bestPricePerLitre": 5.99
        },
        "store": {
            "id": "be37802e-1355-466e-9a1b-1ede5a099705",
            "name": "New World Hastings"
        }
    },
    {
        "productData": {
            "name": "V Raspberry Lemonade Can 500ml",
            "productId": "5264523_ea_000",
            "productShopPage": "https://www.newworld.co.nz/shop/product/5264523_ea_000nw",
            "productImageURL": "https://a.fsimg.co.nz/product/retail/fan/image/master/5264523.png",
            "productDescription": "Product of New Zealand",
            "volume": "500mL",
            "multipack": {
                "quantity": "1"
            }
        },
        "priceData": {
            "bestPrice": "3.49",
            "price": "3.49",
            "pricePerLitre": 7.0,
            "bestPricePerLitre": 7.0
        },
        "store": {
            "id": "be37802e-1355-466e-9a1b-1ede5a099705",
            "name": "New World Hastings"
        }
    },
    {
        "productData": {
            "name": "V Blue Can 4pk",
            "productId": "5030249_ea_000",
            "productShopPage": "https://www.newworld.co.nz/shop/product/5030249_ea_000nw",
            "productImageURL": "https://a.fsimg.co.nz/product/retail/fan/image/master/5030249.png",
            "productDescription": "Limit 12 assorted.\n\n\nContains Wheat Derivatives, Caffeine.\n\nProduct of New Zealand",
            "volume": "250mL",
            "multipack": {
                "quantity": "4"
            }
        },
        "priceData": {
            "bestPrice": "5.99",
            "price": "5.99",
            "pricePerLitre": 5.99,
            "bestPricePerLitre": 5.99
        },
        "store": {
            "id": "be37802e-1355-466e-9a1b-1ede5a099705",
            "name": "New World Hastings"
        }
    },
    {
        "productData": {
            "name": "Monster Mango Loco Energy Drink 500ml",
            "productId": "5242374_ea_000",
            "productShopPage": "https://www.newworld.co.nz/shop/product/5242374_ea_000nw",
            "productImageURL": "https://a.fsimg.co.nz/product/retail/fan/image/master/5242374.png",
            "productDescription": "Product of Imported",
            "volume": "500mL",
            "multipack": {
                "quantity": "1"
            }
        },
        "priceData": {
            "bestPrice": "2.99",
            "price": "2.99",
            "pricePerLitre": 6.0,
            "bestPricePerLitre": 6.0
        },
        "store": {
            "id": "be37802e-1355-466e-9a1b-1ede5a099705",
            "name": "New World Hastings"
        }
    },
    {
        "productData": {
            "name": "Monster Zero Sugar Ultra Rosa Energy Drink 500ml",
            "productId": "5278094_ea_000",
            "productShopPage": "https://www.newworld.co.nz/shop/product/5278094_ea_000nw",
            "productImageURL": "https://a.fsimg.co.nz/product/retail/fan/image/master/5278094.png",
            "productDescription": "Product of Imported",
            "volume": "500mL",
            "multipack": {
                "quantity": "1"
            }
        },
        "priceData": {
            "bestPrice": "2.99",
            "price": "2.99",
            "pricePerLitre": 6.0,
            "bestPricePerLitre": 6.0
        },
        "store": {
            "id": "be37802e-1355-466e-9a1b-1ede5a099705",
            "name": "New World Hastings"
        }
    },
    {
        "productData": {
            "name": "Monster Mule Energy Drink 500ml",
            "productId": "5269459_ea_000",
            "productShopPage": "https://www.newworld.co.nz/shop/product/5269459_ea_000nw",
            "productImageURL": "https://a.fsimg.co.nz/product/retail/fan/image/master/5269459.png",
            "productDescription": "Product of Imported",
            "volume": "500mL",
            "multipack": {
                "quantity": "1"
            }
        },
        "priceData": {
            "bestPrice": "2.99",
            "price": "2.99",
            "pricePerLitre": 6.0,
            "bestPricePerLitre": 6.0
        },
        "store": {
            "id": "be37802e-1355-466e-9a1b-1ede5a099705",
            "name": "New World Hastings"
        }
    },
    {
        "productData": {
            "name": "Monster Ultra Paradise Energy Drink 500ml",
            "productId": "5261257_ea_000",
            "productShopPage": "https://www.newworld.co.nz/shop/product/5261257_ea_000nw",
            "productImageURL": "https://a.fsimg.co.nz/product/retail/fan/image/master/5261257.png",
            "productDescription": "Product of Imported",
            "volume": "500mL",
            "multipack": {
                "quantity": "1"
            }
        },
        "priceData": {
            "bestPrice": "2.99",
            "price": "2.99",
            "pricePerLitre": 6.0,
            "bestPricePerLitre": 6.0
        },
        "store": {
            "id": "be37802e-1355-466e-9a1b-1ede5a099705",
            "name": "New World Hastings"
        }
    },
    {
        "productData": {
            "name": "V Energy Drink Green Cans 4pk",
            "productId": "5002893_ea_000",
            "productShopPage": "https://www.newworld.co.nz/shop/product/5002893_ea_000nw",
            "productImageURL": "https://a.fsimg.co.nz/product/retail/fan/image/master/5002893.png",
            "productDescription": "Limit 12 assorted.\n\n\nContains Caffeine.\n\nProduct of New Zealand",
            "volume": "250mL",
            "multipack": {
                "quantity": "4"
            }
        },
        "priceData": {
            "bestPrice": "5.99",
            "price": "5.99",
            "pricePerLitre": 5.99,
            "bestPricePerLitre": 5.99
        },
        "store": {
            "id": "be37802e-1355-466e-9a1b-1ede5a099705",
            "name": "New World Hastings"
        }
    },
    {
        "productData": {
            "name": "Monster Ultra Zero Drink 500ml",
            "productId": "5090618_ea_000",
            "productShopPage": "https://www.newworld.co.nz/shop/product/5090618_ea_000nw",
            "productImageURL": "https://a.fsimg.co.nz/product/retail/fan/image/master/5090618.png",
            "productDescription": "A little less sweet, lighter-tasting, zero calories, but with a full load of our Monster energy blend. Sure, white is the new black. Monster Energy Zero Ultra. Unleash the Ultra Beast!\n\nProduct of Imported",
            "volume": "500mL",
            "multipack": {
                "quantity": "1"
            }
        },
        "priceData": {
            "bestPrice": "2.99",
            "price": "2.99",
            "pricePerLitre": 6.0,
            "bestPricePerLitre": 6.0
        },
        "store": {
            "id": "be37802e-1355-466e-9a1b-1ede5a099705",
            "name": "New World Hastings"
        }
    },
    {
        "productData": {
            "name": "Monster Super Fuel Zero Sugar Energy Drink 550ml",
            "productId": "5284331_ea_000",
            "productShopPage": "https://www.newworld.co.nz/shop/product/5284331_ea_000nw",
            "productImageURL": "https://a.fsimg.co.nz/product/retail/fan/image/master/5284331.png",
            "productDescription": "Product of Imported",
            "volume": "550mL",
            "multipack": {
                "quantity": "1"
            }
        },
        "priceData": {
            "bestPrice": "3.49",
            "price": "3.49",
            "pricePerLitre": 6.345454545454546,
            "bestPricePerLitre": 6.345454545454546
        },
        "store": {
            "id": "be37802e-1355-466e-9a1b-1ede5a099705",
            "name": "New World Hastings"
        }
    },
    {
        "productData": {
            "name": "Mother Energy Drink Can 500ml",
            "productId": "5011153_ea_000",
            "productShopPage": "https://www.newworld.co.nz/shop/product/5011153_ea_000nw",
            "productImageURL": "https://a.fsimg.co.nz/product/retail/fan/image/master/5011153.png",
            "productDescription": "Contains Caffeine.\n\nProduct of New Zealand",
            "volume": "500mL",
            "multipack": {
                "quantity": "1"
            }
        },
        "priceData": {
            "bestPrice": "1.99",
            "price": "1.99",
            "pricePerLitre": 4.0,
            "bestPricePerLitre": 4.0
        },
        "store": {
            "id": "be37802e-1355-466e-9a1b-1ede5a099705",
            "name": "New World Hastings"
        }
    },
    {
        "productData": {
            "name": "Monster Super Fuel Purple Passion Energy Drink 550ml",
            "productId": "5284332_ea_000",
            "productShopPage": "https://www.newworld.co.nz/shop/product/5284332_ea_000nw",
            "productImageURL": "https://a.fsimg.co.nz/product/retail/fan/image/master/5284332.png",
            "productDescription": "Product of Imported",
            "volume": "550mL",
            "multipack": {
                "quantity": "1"
            }
        },
        "priceData": {
            "bestPrice": "3.49",
            "price": "3.49",
            "pricePerLitre": 6.345454545454546,
            "bestPricePerLitre": 6.345454545454546
        },
        "store": {
            "id": "be37802e-1355-466e-9a1b-1ede5a099705",
            "name": "New World Hastings"
        }
    },
    {
        "productData": {
            "name": "Monster Pipeline Punch Energy Drink 500ml",
            "productId": "5242373_ea_000",
            "productShopPage": "https://www.newworld.co.nz/shop/product/5242373_ea_000nw",
            "productImageURL": "https://a.fsimg.co.nz/product/retail/fan/image/master/5242373.png",
            "productDescription": "Product of Imported",
            "volume": "500mL",
            "multipack": {
                "quantity": "1"
            }
        },
        "priceData": {
            "bestPrice": "2.99",
            "price": "2.99",
            "pricePerLitre": 6.0,
            "bestPricePerLitre": 6.0
        },
        "store": {
            "id": "be37802e-1355-466e-9a1b-1ede5a099705",
            "name": "New World Hastings"
        }
    },
    {
        "productData": {
            "name": "Monster Energy Drink 500ml",
            "productId": "5007647_ea_000",
            "productShopPage": "https://www.newworld.co.nz/shop/product/5007647_ea_000nw",
            "productImageURL": "https://a.fsimg.co.nz/product/retail/fan/image/master/5007647.png",
            "productDescription": "Contains Caffeine.\n\nProduct of Imported",
            "volume": "500mL",
            "multipack": {
                "quantity": "1"
            }
        },
        "priceData": {
            "bestPrice": "2.99",
            "price": "2.99",
            "pricePerLitre": 6.0,
            "bestPricePerLitre": 6.0
        },
        "store": {
            "id": "be37802e-1355-466e-9a1b-1ede5a099705",
            "name": "New World Hastings"
        }
    },
    {
        "productData": {
            "name": "Monster Ultra Zero Drink 4pk",
            "productId": "5213974_ea_000",
            "productShopPage": "https://www.newworld.co.nz/shop/product/5213974_ea_000nw",
            "productImageURL": "https://a.fsimg.co.nz/product/retail/fan/image/master/5213974.png",
            "productDescription": "Product of Imported",
            "volume": "500mL",
            "multipack": {
                "quantity": "4"
            }
        },
        "priceData": {
            "bestPrice": "11.99",
            "price": "11.99",
            "pricePerLitre": 6.0,
            "bestPricePerLitre": 6.0
        },
        "store": {
            "id": "be37802e-1355-466e-9a1b-1ede5a099705",
            "name": "New World Hastings"
        }
    },
    {
        "productData": {
            "name": "Monster Energy Drink 4pk",
            "productId": "5107264_ea_000",
            "productShopPage": "https://www.newworld.co.nz/shop/product/5107264_ea_000nw",
            "productImageURL": "https://a.fsimg.co.nz/product/retail/fan/image/master/5107264.png",
            "productDescription": "Product of Imported",
            "volume": "",
            "multipack": {
                "quantity": ""
            }
        },
        "priceData": {
            "bestPrice": "11.99",
            "price": "11.99",
            "pricePerLitre": 6.0,
            "bestPricePerLitre": 6.0
        },
        "store": {
            "id": "be37802e-1355-466e-9a1b-1ede5a099705",
            "name": "New World Hastings"
        }
    },
    {
        "productData": {
            "name": "V Sugarfree Guarana Energy Drink 500ml",
            "productId": "5007644_ea_000",
            "productShopPage": "https://www.newworld.co.nz/shop/product/5007644_ea_000nw",
            "productImageURL": "https://a.fsimg.co.nz/product/retail/fan/image/master/5007644.png",
            "productDescription": "Sugar Free.\n\nProduct of New Zealand",
            "volume": "500mL",
            "multipack": {
                "quantity": "1"
            }
        },
        "priceData": {
            "bestPrice": "3.49",
            "price": "3.49",
            "pricePerLitre": 7.0,
            "bestPricePerLitre": 7.0
        },
        "store": {
            "id": "be37802e-1355-466e-9a1b-1ede5a099705",
            "name": "New World Hastings"
        }
    },
    {
        "productData": {
            "name": "V Original Guarana Energy Drink 500ml",
            "productId": "5004703_ea_000",
            "productShopPage": "https://www.newworld.co.nz/shop/product/5004703_ea_000nw",
            "productImageURL": "https://a.fsimg.co.nz/product/retail/fan/image/master/5004703.png",
            "productDescription": "Contains Caffeine.\n\nProduct of New Zealand",
            "volume": "500mL",
            "multipack": {
                "quantity": "1"
            }
        },
        "priceData": {
            "bestPrice": "3.49",
            "price": "3.49",
            "pricePerLitre": 7.0,
            "bestPricePerLitre": 7.0
        },
        "store": {
            "id": "be37802e-1355-466e-9a1b-1ede5a099705",
            "name": "New World Hastings"
        }
    },
    {
        "productData": {
            "name": "V Original Guarana Energy Drink 500ml",
            "productId": "5007441_ea_000",
            "productShopPage": "https://www.newworld.co.nz/shop/product/5007441_ea_000nw",
            "productImageURL": "https://a.fsimg.co.nz/product/retail/fan/image/master/5007441.png",
            "productDescription": "Buy 2 for $5.00.\n\n\nContains Wheat Derivatives, Caffeine.\n\nProduct of New Zealand",
            "volume": "500mL",
            "multipack": {
                "quantity": "1"
            }
        },
        "priceData": {
            "bestPrice": 2.5,
            "price": 2.0,
            "pricePerLitre": 4.0,
            "bestPricePerLitre": 5.0,
            "multiBuy": {
                "quantity": 2.0,
                "value": 5.0,
                "perUnit": 2.5
            }
        },
        "store": {
            "id": "be37802e-1355-466e-9a1b-1ede5a099705",
            "name": "New World Hastings"
        }
    },
    {
        "productData": {
            "name": "V Blue Guarana Energy Drink 10pk",
            "productId": "5290181_ea_000",
            "productShopPage": "https://www.newworld.co.nz/shop/product/5290181_ea_000nw",
            "productImageURL": "https://a.fsimg.co.nz/product/retail/fan/image/master/5290181.png",
            "productDescription": "Product of New Zealand",
            "volume": "250mL",
            "multipack": {
                "quantity": "10"
            }
        },
        "priceData": {
            "bestPrice": "17.99",
            "price": "17.99",
            "pricePerLitre": 7.2,
            "bestPricePerLitre": 7.2
        },
        "store": {
            "id": "5255b27a-b224-4f58-a424-144e81ecf244",
            "name": "New World Miramar"
        }
    },
    {
        "productData": {
            "name": "V Blue Guarana Energy Drink 250ml",
            "productId": "5007495_ea_000",
            "productShopPage": "https://www.newworld.co.nz/shop/product/5007495_ea_000nw",
            "productImageURL": "https://a.fsimg.co.nz/product/retail/fan/image/master/5007495.png",
            "productDescription": "Contains Caffeine, Wheat Derivatives.\n\nProduct of New Zealand",
            "volume": "250mL",
            "multipack": {
                "quantity": "1"
            }
        },
        "priceData": {
            "bestPrice": "1.99",
            "price": "1.99",
            "pricePerLitre": 8.0,
            "bestPricePerLitre": 8.0
        },
        "store": {
            "id": "5255b27a-b224-4f58-a424-144e81ecf244",
            "name": "New World Miramar"
        }
    },
    {
        "productData": {
            "name": "V Sugarfree Blue Guarana Energy Drink 4pk",
            "productId": "5289891_ea_000",
            "productShopPage": "https://www.newworld.co.nz/shop/product/5289891_ea_000nw",
            "productImageURL": "https://a.fsimg.co.nz/product/retail/fan/image/master/5289891.png",
            "productDescription": "Limit 12 assorted.\n\n\n\n\nProduct of New Zealand",
            "volume": "250mL",
            "multipack": {
                "quantity": "4"
            }
        },
        "priceData": {
            "bestPrice": "5.99",
            "price": "5.99",
            "pricePerLitre": 5.99,
            "bestPricePerLitre": 5.99
        },
        "store": {
            "id": "5255b27a-b224-4f58-a424-144e81ecf244",
            "name": "New World Miramar"
        }
    },
    {
        "productData": {
            "name": "V Sugarfree Guarana Energy Drink 250ml",
            "productId": "5001639_ea_000",
            "productShopPage": "https://www.newworld.co.nz/shop/product/5001639_ea_000nw",
            "productImageURL": "https://a.fsimg.co.nz/product/retail/fan/image/master/5001639.png",
            "productDescription": "Sugar Free. Contains Caffeine.\n\nProduct of New Zealand",
            "volume": "250mL",
            "multipack": {
                "quantity": "1"
            }
        },
        "priceData": {
            "bestPrice": "1.99",
            "price": "1.99",
            "pricePerLitre": 8.0,
            "bestPricePerLitre": 8.0
        },
        "store": {
            "id": "5255b27a-b224-4f58-a424-144e81ecf244",
            "name": "New World Miramar"
        }
    },
    {
        "productData": {
            "name": "Live Plus Persist Energy Drink 250ml",
            "productId": "5236678_ea_000",
            "productShopPage": "https://www.newworld.co.nz/shop/product/5236678_ea_000nw",
            "productImageURL": "https://a.fsimg.co.nz/product/retail/fan/image/master/5236678.png",
            "productDescription": "Limit 12 assorted.\n\n\n\n\nProduct of New Zealand",
            "volume": "",
            "multipack": {
                "quantity": ""
            }
        },
        "priceData": {
            "bestPrice": "0.99",
            "price": "0.99"
        },
        "store": {
            "id": "5255b27a-b224-4f58-a424-144e81ecf244",
            "name": "New World Miramar"
        }
    },
    {
        "productData": {
            "name": "V Green Guarana Energy Drink 10pk",
            "productId": "5289889_ea_000",
            "productShopPage": "https://www.newworld.co.nz/shop/product/5289889_ea_000nw",
            "productImageURL": "https://a.fsimg.co.nz/product/retail/fan/image/master/5289889.png",
            "productDescription": "Product of New Zealand",
            "volume": "250mL",
            "multipack": {
                "quantity": "10"
            }
        },
        "priceData": {
            "bestPrice": "17.99",
            "price": "17.99",
            "pricePerLitre": 7.2,
            "bestPricePerLitre": 7.2
        },
        "store": {
            "id": "5255b27a-b224-4f58-a424-144e81ecf244",
            "name": "New World Miramar"
        }
    },
    {
        "productData": {
            "name": "V Sugarfree Blue Guarana Energy Drink 500ml",
            "productId": "5283362_ea_000",
            "productShopPage": "https://www.newworld.co.nz/shop/product/5283362_ea_000nw",
            "productImageURL": "https://a.fsimg.co.nz/product/retail/fan/image/master/5283362.png",
            "productDescription": "Sugar free\n\nProduct of New Zealand",
            "volume": "500mL",
            "multipack": {
                "quantity": "1"
            }
        },
        "priceData": {
            "bestPrice": "3.49",
            "price": "3.49",
            "pricePerLitre": 7.0,
            "bestPricePerLitre": 7.0
        },
        "store": {
            "id": "5255b27a-b224-4f58-a424-144e81ecf244",
            "name": "New World Miramar"
        }
    },
    {
        "productData": {
            "name": "V Original Guarana Energy Drink 350ml",
            "productId": "5003156_ea_000",
            "productShopPage": "https://www.newworld.co.nz/shop/product/5003156_ea_000nw",
            "productImageURL": "https://a.fsimg.co.nz/product/retail/fan/image/master/5003156.png",
            "productDescription": "Buy 2 for $5.00.\n\n\nContains Caffeine.\n\nProduct of New Zealand",
            "volume": "350mL",
            "multipack": {
                "quantity": "1"
            }
        },
        "priceData": {
            "bestPrice": 2.5,
            "price": 2.0,
            "pricePerLitre": 5.714285714285714,
            "bestPricePerLitre": 7.142857142857143,
            "multiBuy": {
                "quantity": 2.0,
                "value": 5.0,
                "perUnit": 2.5
            }
        },
        "store": {
            "id": "5255b27a-b224-4f58-a424-144e81ecf244",
            "name": "New World Miramar"
        }
    },
    {
        "productData": {
            "name": "V Blue Guarana Energy Drink 350ml",
            "productId": "5007492_ea_000",
            "productShopPage": "https://www.newworld.co.nz/shop/product/5007492_ea_000nw",
            "productImageURL": "https://a.fsimg.co.nz/product/retail/fan/image/master/5007492.png",
            "productDescription": "Buy 2 for $5.00.\n\n\nContains Caffeine, Wheat Derivatives.\n\nProduct of New Zealand",
            "volume": "350mL",
            "multipack": {
                "quantity": "1"
            }
        },
        "priceData": {
            "bestPrice": 2.5,
            "price": 2.0,
            "pricePerLitre": 5.714285714285714,
            "bestPricePerLitre": 7.142857142857143,
            "multiBuy": {
                "quantity": 2.0,
                "value": 5.0,
                "perUnit": 2.5
            }
        },
        "store": {
            "id": "5255b27a-b224-4f58-a424-144e81ecf244",
            "name": "New World Miramar"
        }
    },
    {
        "productData": {
            "name": "V Blue Energy Drink 500ml",
            "productId": "5020662_ea_000",
            "productShopPage": "https://www.newworld.co.nz/shop/product/5020662_ea_000nw",
            "productImageURL": "https://a.fsimg.co.nz/product/retail/fan/image/master/5020662.png",
            "productDescription": "Buy 2 for $5.00.\n\n\n\n\nProduct of New Zealand",
            "volume": "500mL",
            "multipack": {
                "quantity": "1"
            }
        },
        "priceData": {
            "bestPrice": 2.5,
            "price": 2.0,
            "pricePerLitre": 4.0,
            "bestPricePerLitre": 5.0,
            "multiBuy": {
                "quantity": 2.0,
                "value": 5.0,
                "perUnit": 2.5
            }
        },
        "store": {
            "id": "5255b27a-b224-4f58-a424-144e81ecf244",
            "name": "New World Miramar"
        }
    },
    {
        "productData": {
            "name": "V Blue Guarana Energy Drink 500ml",
            "productId": "5007494_ea_000",
            "productShopPage": "https://www.newworld.co.nz/shop/product/5007494_ea_000nw",
            "productImageURL": "https://a.fsimg.co.nz/product/retail/fan/image/master/5007494.png",
            "productDescription": "Contains Wheat Derivatives, Caffeine.\n\nProduct of New Zealand",
            "volume": "500mL",
            "multipack": {
                "quantity": "1"
            }
        },
        "priceData": {
            "bestPrice": "3.49",
            "price": "3.49",
            "pricePerLitre": 7.0,
            "bestPricePerLitre": 7.0
        },
        "store": {
            "id": "5255b27a-b224-4f58-a424-144e81ecf244",
            "name": "New World Miramar"
        }
    },
    {
        "productData": {
            "name": "Red Bull Energy Drink 473ml",
            "productId": "5005255_ea_000",
            "productShopPage": "https://www.newworld.co.nz/shop/product/5005255_ea_000nw",
            "productImageURL": "https://a.fsimg.co.nz/product/retail/fan/image/master/5005255.png",
            "productDescription": "Red Bull Energy Drink's special formula contains ingredients of high quality: Caffeine, Taurine, B-Group Vitamins, Sugars, Alpine Water.One 250ml can of Red Bull Energy Drinks contains 80 mg of caffeine, about the same amount as in a cup of home-brewed coffee.The amount of sugars in a can of Red Bull Energy Drink is comparable to the level of sugars in an equivalent amount of apple or orange juice – 11 g per 100ml.Red Bull cans are made of 100% recyclable aluminium.Red Bull Energy Drink 473ml canVitalizes Body and Mind.®RED BULL GIVES YOU WINGSInspired by functional drinks from the Far East, Dietrich Mateschitz founded Red Bull in the mid-1980s. He developed a new product and a unique marketing concept and launched Red Bull Energy Drink on April 1, 1987 in Austria. A brand new product category - Energy Drinks - was born.\n\nProduct of Imported",
            "volume": "473mL",
            "multipack": {
                "quantity": "1"
            }
        },
        "priceData": {
            "bestPrice": "3.59",
            "price": "3.59",
            "pricePerLitre": 7.6,
            "bestPricePerLitre": 7.6
        },
        "store": {
            "id": "5255b27a-b224-4f58-a424-144e81ecf244",
            "name": "New World Miramar"
        }
    },
    {
        "productData": {
            "name": "V Original Guarana Energy Drink 250ml",
            "productId": "5003151_ea_000",
            "productShopPage": "https://www.newworld.co.nz/shop/product/5003151_ea_000nw",
            "productImageURL": "https://a.fsimg.co.nz/product/retail/fan/image/master/5003151.png",
            "productDescription": "Contains Caffeine.\n\nProduct of New Zealand",
            "volume": "250mL",
            "multipack": {
                "quantity": "1"
            }
        },
        "priceData": {
            "bestPrice": "1.99",
            "price": "1.99",
            "pricePerLitre": 8.0,
            "bestPricePerLitre": 8.0
        },
        "store": {
            "id": "5255b27a-b224-4f58-a424-144e81ecf244",
            "name": "New World Miramar"
        }
    },
    {
        "productData": {
            "name": "Red Bull Energy Drink 250ml Cans 4pk",
            "productId": "5001443_ea_000",
            "productShopPage": "https://www.newworld.co.nz/shop/product/5001443_ea_000nw",
            "productImageURL": "https://a.fsimg.co.nz/product/retail/fan/image/master/5001443.png",
            "productDescription": "Red Bull Energy Drink's special formula contains ingredients of high quality: Caffeine, Taurine, B-Group Vitamins, Sugars, Alpine Water.One 250ml can of Red Bull Energy Drinks contains 80 mg of caffeine, about the same amount as in a cup of home-brewed coffee.The amount of sugars in a can of Red Bull Energy Drink is comparable to the level of sugars in an equivalent amount of apple or orange juice – 11 g per 100ml.Red Bull cans are made of 100% recyclable aluminium.Pack of four 250ml Red Bull Energy Drink cansVitalizes Body and Mind.®RED BULL GIVES YOU WINGSInspired by functional drinks from the Far East, Dietrich Mateschitz founded Red Bull in the mid-1980s. He developed a new product and a unique marketing concept and launched Red Bull Energy Drink on April 1, 1987 in Austria. A brand new product category - Energy Drinks - was born.",
            "volume": "250mL",
            "multipack": {
                "quantity": "4"
            }
        },
        "priceData": {
            "bestPrice": "8.29",
            "price": "8.29",
            "pricePerLitre": 8.299999999999999,
            "bestPricePerLitre": 8.299999999999999
        },
        "store": {
            "id": "5255b27a-b224-4f58-a424-144e81ecf244",
            "name": "New World Miramar"
        }
    },
    {
        "productData": {
            "name": "Lucozade Orange Energy Drink 380ml",
            "productId": "5009239_ea_000",
            "productShopPage": "https://www.newworld.co.nz/shop/product/5009239_ea_000nw",
            "productImageURL": "https://a.fsimg.co.nz/product/retail/fan/image/master/5009239.png",
            "productDescription": "Powered by Glucose.\n\nProduct of New Zealand",
            "volume": "380mL",
            "multipack": {
                "quantity": "1"
            }
        },
        "priceData": {
            "bestPrice": "2.69",
            "price": "2.69",
            "pricePerLitre": 7.08,
            "bestPricePerLitre": 7.08
        },
        "store": {
            "id": "5255b27a-b224-4f58-a424-144e81ecf244",
            "name": "New World Miramar"
        }
    },
    {
        "productData": {
            "name": "V Pure Natural Energy Drink Glass Bottle 330ml",
            "productId": "5237753_ea_000",
            "productShopPage": "https://www.newworld.co.nz/shop/product/5237753_ea_000nw",
            "productImageURL": "https://a.fsimg.co.nz/product/retail/fan/image/master/5237753.png",
            "productDescription": "Buy 2 for $5.00.\n\n\nNothing artificial\n\nProduct of New Zealand",
            "volume": "330mL",
            "multipack": {
                "quantity": "1"
            }
        },
        "priceData": {
            "bestPrice": 2.5,
            "price": 2.0,
            "pricePerLitre": 6.0606060606060606,
            "bestPricePerLitre": 7.575757575757575,
            "multiBuy": {
                "quantity": 2.0,
                "value": 5.0,
                "perUnit": 2.5
            }
        },
        "store": {
            "id": "5255b27a-b224-4f58-a424-144e81ecf244",
            "name": "New World Miramar"
        }
    },
    {
        "productData": {
            "name": "Lucozade Original Energy Drink 380ml",
            "productId": "5009240_ea_000",
            "productShopPage": "https://www.newworld.co.nz/shop/product/5009240_ea_000nw",
            "productImageURL": "https://a.fsimg.co.nz/product/retail/fan/image/master/5009240.png",
            "productDescription": "Energy from Glucose.\n\nProduct of New Zealand",
            "volume": "380mL",
            "multipack": {
                "quantity": "1"
            }
        },
        "priceData": {
            "bestPrice": "2.69",
            "price": "2.69",
            "pricePerLitre": 7.08,
            "bestPricePerLitre": 7.08
        },
        "store": {
            "id": "5255b27a-b224-4f58-a424-144e81ecf244",
            "name": "New World Miramar"
        }
    },
    {
        "productData": {
            "name": "V Raspberry Lemonade Guarana Energy Drink 4pk",
            "productId": "5289907_ea_000",
            "productShopPage": "https://www.newworld.co.nz/shop/product/5289907_ea_000nw",
            "productImageURL": "https://a.fsimg.co.nz/product/retail/fan/image/master/5289907.png",
            "productDescription": "Limit 12 assorted.\n\n\n\n\nProduct of New Zealand",
            "volume": "250mL",
            "multipack": {
                "quantity": "4"
            }
        },
        "priceData": {
            "bestPrice": "5.99",
            "price": "5.99",
            "pricePerLitre": 5.99,
            "bestPricePerLitre": 5.99
        },
        "store": {
            "id": "5255b27a-b224-4f58-a424-144e81ecf244",
            "name": "New World Miramar"
        }
    },
    {
        "productData": {
            "name": "V Blue Can 4pk",
            "productId": "5030249_ea_000",
            "productShopPage": "https://www.newworld.co.nz/shop/product/5030249_ea_000nw",
            "productImageURL": "https://a.fsimg.co.nz/product/retail/fan/image/master/5030249.png",
            "productDescription": "Limit 12 assorted.\n\n\nContains Wheat Derivatives, Caffeine.\n\nProduct of New Zealand",
            "volume": "250mL",
            "multipack": {
                "quantity": "4"
            }
        },
        "priceData": {
            "bestPrice": "5.99",
            "price": "5.99",
            "pricePerLitre": 5.99,
            "bestPricePerLitre": 5.99
        },
        "store": {
            "id": "5255b27a-b224-4f58-a424-144e81ecf244",
            "name": "New World Miramar"
        }
    },
    {
        "productData": {
            "name": "Monster Mule Energy Drink 500ml",
            "productId": "5269459_ea_000",
            "productShopPage": "https://www.newworld.co.nz/shop/product/5269459_ea_000nw",
            "productImageURL": "https://a.fsimg.co.nz/product/retail/fan/image/master/5269459.png",
            "productDescription": "Product of Imported",
            "volume": "500mL",
            "multipack": {
                "quantity": "1"
            }
        },
        "priceData": {
            "bestPrice": "2.99",
            "price": "2.99",
            "pricePerLitre": 6.0,
            "bestPricePerLitre": 6.0
        },
        "store": {
            "id": "5255b27a-b224-4f58-a424-144e81ecf244",
            "name": "New World Miramar"
        }
    },
    {
        "productData": {
            "name": "Monster Ultra Paradise Energy Drink 500ml",
            "productId": "5261257_ea_000",
            "productShopPage": "https://www.newworld.co.nz/shop/product/5261257_ea_000nw",
            "productImageURL": "https://a.fsimg.co.nz/product/retail/fan/image/master/5261257.png",
            "productDescription": "Product of Imported",
            "volume": "500mL",
            "multipack": {
                "quantity": "1"
            }
        },
        "priceData": {
            "bestPrice": "2.99",
            "price": "2.99",
            "pricePerLitre": 6.0,
            "bestPricePerLitre": 6.0
        },
        "store": {
            "id": "5255b27a-b224-4f58-a424-144e81ecf244",
            "name": "New World Miramar"
        }
    },
    {
        "productData": {
            "name": "V Energy Drink Green Cans 4pk",
            "productId": "5002893_ea_000",
            "productShopPage": "https://www.newworld.co.nz/shop/product/5002893_ea_000nw",
            "productImageURL": "https://a.fsimg.co.nz/product/retail/fan/image/master/5002893.png",
            "productDescription": "Limit 12 assorted.\n\n\nContains Caffeine.\n\nProduct of New Zealand",
            "volume": "250mL",
            "multipack": {
                "quantity": "4"
            }
        },
        "priceData": {
            "bestPrice": "5.99",
            "price": "5.99",
            "pricePerLitre": 5.99,
            "bestPricePerLitre": 5.99
        },
        "store": {
            "id": "5255b27a-b224-4f58-a424-144e81ecf244",
            "name": "New World Miramar"
        }
    },
    {
        "productData": {
            "name": "Monster Ultra Zero Drink 500ml",
            "productId": "5090618_ea_000",
            "productShopPage": "https://www.newworld.co.nz/shop/product/5090618_ea_000nw",
            "productImageURL": "https://a.fsimg.co.nz/product/retail/fan/image/master/5090618.png",
            "productDescription": "A little less sweet, lighter-tasting, zero calories, but with a full load of our Monster energy blend. Sure, white is the new black. Monster Energy Zero Ultra. Unleash the Ultra Beast!\n\nProduct of Imported",
            "volume": "500mL",
            "multipack": {
                "quantity": "1"
            }
        },
        "priceData": {
            "bestPrice": "2.99",
            "price": "2.99",
            "pricePerLitre": 6.0,
            "bestPricePerLitre": 6.0
        },
        "store": {
            "id": "5255b27a-b224-4f58-a424-144e81ecf244",
            "name": "New World Miramar"
        }
    },
    {
        "productData": {
            "name": "Mother Energy Drink Can 500ml",
            "productId": "5011153_ea_000",
            "productShopPage": "https://www.newworld.co.nz/shop/product/5011153_ea_000nw",
            "productImageURL": "https://a.fsimg.co.nz/product/retail/fan/image/master/5011153.png",
            "productDescription": "Contains Caffeine.\n\nProduct of New Zealand",
            "volume": "500mL",
            "multipack": {
                "quantity": "1"
            }
        },
        "priceData": {
            "bestPrice": "1.99",
            "price": "1.99",
            "pricePerLitre": 4.0,
            "bestPricePerLitre": 4.0
        },
        "store": {
            "id": "5255b27a-b224-4f58-a424-144e81ecf244",
            "name": "New World Miramar"
        }
    },
    {
        "productData": {
            "name": "Monster Super Fuel Purple Passion Energy Drink 550ml",
            "productId": "5284332_ea_000",
            "productShopPage": "https://www.newworld.co.nz/shop/product/5284332_ea_000nw",
            "productImageURL": "https://a.fsimg.co.nz/product/retail/fan/image/master/5284332.png",
            "productDescription": "Product of Imported",
            "volume": "550mL",
            "multipack": {
                "quantity": "1"
            }
        },
        "priceData": {
            "bestPrice": "3.49",
            "price": "3.49",
            "pricePerLitre": 6.345454545454546,
            "bestPricePerLitre": 6.345454545454546
        },
        "store": {
            "id": "5255b27a-b224-4f58-a424-144e81ecf244",
            "name": "New World Miramar"
        }
    },
    {
        "productData": {
            "name": "Monster Energy Drink 500ml",
            "productId": "5007647_ea_000",
            "productShopPage": "https://www.newworld.co.nz/shop/product/5007647_ea_000nw",
            "productImageURL": "https://a.fsimg.co.nz/product/retail/fan/image/master/5007647.png",
            "productDescription": "Contains Caffeine.\n\nProduct of Imported",
            "volume": "500mL",
            "multipack": {
                "quantity": "1"
            }
        },
        "priceData": {
            "bestPrice": "2.99",
            "price": "2.99",
            "pricePerLitre": 6.0,
            "bestPricePerLitre": 6.0
        },
        "store": {
            "id": "5255b27a-b224-4f58-a424-144e81ecf244",
            "name": "New World Miramar"
        }
    },
    {
        "productData": {
            "name": "V Sugarfree Guarana Energy Drink 500ml",
            "productId": "5007644_ea_000",
            "productShopPage": "https://www.newworld.co.nz/shop/product/5007644_ea_000nw",
            "productImageURL": "https://a.fsimg.co.nz/product/retail/fan/image/master/5007644.png",
            "productDescription": "Sugar Free.\n\nProduct of New Zealand",
            "volume": "500mL",
            "multipack": {
                "quantity": "1"
            }
        },
        "priceData": {
            "bestPrice": "3.49",
            "price": "3.49",
            "pricePerLitre": 7.0,
            "bestPricePerLitre": 7.0
        },
        "store": {
            "id": "5255b27a-b224-4f58-a424-144e81ecf244",
            "name": "New World Miramar"
        }
    },
    {
        "productData": {
            "name": "V Original Guarana Energy Drink 500ml",
            "productId": "5004703_ea_000",
            "productShopPage": "https://www.newworld.co.nz/shop/product/5004703_ea_000nw",
            "productImageURL": "https://a.fsimg.co.nz/product/retail/fan/image/master/5004703.png",
            "productDescription": "Contains Caffeine.\n\nProduct of New Zealand",
            "volume": "500mL",
            "multipack": {
                "quantity": "1"
            }
        },
        "priceData": {
            "bestPrice": "3.49",
            "price": "3.49",
            "pricePerLitre": 7.0,
            "bestPricePerLitre": 7.0
        },
        "store": {
            "id": "5255b27a-b224-4f58-a424-144e81ecf244",
            "name": "New World Miramar"
        }
    },
    {
        "productData": {
            "name": "V Original Guarana Energy Drink 500ml",
            "productId": "5007441_ea_000",
            "productShopPage": "https://www.newworld.co.nz/shop/product/5007441_ea_000nw",
            "productImageURL": "https://a.fsimg.co.nz/product/retail/fan/image/master/5007441.png",
            "productDescription": "Buy 2 for $5.00.\n\n\nContains Wheat Derivatives, Caffeine.\n\nProduct of New Zealand",
            "volume": "500mL",
            "multipack": {
                "quantity": "1"
            }
        },
        "priceData": {
            "bestPrice": 2.5,
            "price": 2.0,
            "pricePerLitre": 4.0,
            "bestPricePerLitre": 5.0,
            "multiBuy": {
                "quantity": 2.0,
                "value": 5.0,
                "perUnit": 2.5
            }
        },
        "store": {
            "id": "5255b27a-b224-4f58-a424-144e81ecf244",
            "name": "New World Miramar"
        }
    },
    {
        "productData": {
            "name": "V Blue Guarana Energy Drink 10pk",
            "productId": "5290181_ea_000",
            "productShopPage": "https://www.newworld.co.nz/shop/product/5290181_ea_000nw",
            "productImageURL": "https://a.fsimg.co.nz/product/retail/fan/image/master/5290181.png",
            "productDescription": "Product of New Zealand",
            "volume": "250mL",
            "multipack": {
                "quantity": "10"
            }
        },
        "priceData": {
            "bestPrice": "17.99",
            "price": "17.99",
            "pricePerLitre": 7.2,
            "bestPricePerLitre": 7.2
        },
        "store": {
            "id": "de5595ab-1d28-46c6-9e9a-b1c3db1af827",
            "name": "New World Mount Maunganui"
        }
    },
    {
        "productData": {
            "name": "V Blue Guarana Energy Drink 250ml",
            "productId": "5007495_ea_000",
            "productShopPage": "https://www.newworld.co.nz/shop/product/5007495_ea_000nw",
            "productImageURL": "https://a.fsimg.co.nz/product/retail/fan/image/master/5007495.png",
            "productDescription": "Contains Caffeine, Wheat Derivatives.\n\nProduct of New Zealand",
            "volume": "250mL",
            "multipack": {
                "quantity": "1"
            }
        },
        "priceData": {
            "bestPrice": "1.99",
            "price": "1.99",
            "pricePerLitre": 8.0,
            "bestPricePerLitre": 8.0
        },
        "store": {
            "id": "de5595ab-1d28-46c6-9e9a-b1c3db1af827",
            "name": "New World Mount Maunganui"
        }
    },
    {
        "productData": {
            "name": "V Sugarfree Guarana Energy Drink 250ml",
            "productId": "5001639_ea_000",
            "productShopPage": "https://www.newworld.co.nz/shop/product/5001639_ea_000nw",
            "productImageURL": "https://a.fsimg.co.nz/product/retail/fan/image/master/5001639.png",
            "productDescription": "Sugar Free. Contains Caffeine.\n\nProduct of New Zealand",
            "volume": "250mL",
            "multipack": {
                "quantity": "1"
            }
        },
        "priceData": {
            "bestPrice": "1.99",
            "price": "1.99",
            "pricePerLitre": 8.0,
            "bestPricePerLitre": 8.0
        },
        "store": {
            "id": "de5595ab-1d28-46c6-9e9a-b1c3db1af827",
            "name": "New World Mount Maunganui"
        }
    },
    {
        "productData": {
            "name": "V Sugarfree Guarana Energy Drink 10pk",
            "productId": "5289890_ea_000",
            "productShopPage": "https://www.newworld.co.nz/shop/product/5289890_ea_000nw",
            "productImageURL": "https://a.fsimg.co.nz/product/retail/fan/image/master/5289890.png",
            "productDescription": "Product of New Zealand",
            "volume": "",
            "multipack": {
                "quantity": ""
            }
        },
        "priceData": {
            "bestPrice": "17.99",
            "price": "17.99",
            "pricePerLitre": 72.0,
            "bestPricePerLitre": 72.0
        },
        "store": {
            "id": "de5595ab-1d28-46c6-9e9a-b1c3db1af827",
            "name": "New World Mount Maunganui"
        }
    },
    {
        "productData": {
            "name": "Live Plus Ascend Energy Drink 250ml",
            "productId": "5236675_ea_000",
            "productShopPage": "https://www.newworld.co.nz/shop/product/5236675_ea_000nw",
            "productImageURL": "https://a.fsimg.co.nz/product/retail/fan/image/master/5236675.png",
            "productDescription": "Limit 12 assorted.\n\n\n\n\nProduct of New Zealand",
            "volume": "",
            "multipack": {
                "quantity": ""
            }
        },
        "priceData": {
            "bestPrice": "0.99",
            "price": "0.99"
        },
        "store": {
            "id": "de5595ab-1d28-46c6-9e9a-b1c3db1af827",
            "name": "New World Mount Maunganui"
        }
    },
    {
        "productData": {
            "name": "Live Plus Tart Apple Energy Drink 250ml",
            "productId": "5236676_ea_000",
            "productShopPage": "https://www.newworld.co.nz/shop/product/5236676_ea_000nw",
            "productImageURL": "https://a.fsimg.co.nz/product/retail/fan/image/master/5236676.png",
            "productDescription": "Limit 12 assorted.\n\n\n\n\nProduct of New Zealand",
            "volume": "250mL",
            "multipack": {
                "quantity": "1"
            }
        },
        "priceData": {
            "bestPrice": "0.99",
            "price": "0.99",
            "pricePerLitre": 3.96,
            "bestPricePerLitre": 3.96
        },
        "store": {
            "id": "de5595ab-1d28-46c6-9e9a-b1c3db1af827",
            "name": "New World Mount Maunganui"
        }
    },
    {
        "productData": {
            "name": "Live Plus Persist Energy Drink 250ml",
            "productId": "5236678_ea_000",
            "productShopPage": "https://www.newworld.co.nz/shop/product/5236678_ea_000nw",
            "productImageURL": "https://a.fsimg.co.nz/product/retail/fan/image/master/5236678.png",
            "productDescription": "Limit 12 assorted.\n\n\n\n\nProduct of New Zealand",
            "volume": "",
            "multipack": {
                "quantity": ""
            }
        },
        "priceData": {
            "bestPrice": "0.99",
            "price": "0.99"
        },
        "store": {
            "id": "de5595ab-1d28-46c6-9e9a-b1c3db1af827",
            "name": "New World Mount Maunganui"
        }
    },
    {
        "productData": {
            "name": "V Green Guarana Energy Drink 10pk",
            "productId": "5289889_ea_000",
            "productShopPage": "https://www.newworld.co.nz/shop/product/5289889_ea_000nw",
            "productImageURL": "https://a.fsimg.co.nz/product/retail/fan/image/master/5289889.png",
            "productDescription": "Product of New Zealand",
            "volume": "250mL",
            "multipack": {
                "quantity": "10"
            }
        },
        "priceData": {
            "bestPrice": "17.99",
            "price": "17.99",
            "pricePerLitre": 7.2,
            "bestPricePerLitre": 7.2
        },
        "store": {
            "id": "de5595ab-1d28-46c6-9e9a-b1c3db1af827",
            "name": "New World Mount Maunganui"
        }
    },
    {
        "productData": {
            "name": "V Sugarfree Blue Guarana Energy Drink 500ml",
            "productId": "5283362_ea_000",
            "productShopPage": "https://www.newworld.co.nz/shop/product/5283362_ea_000nw",
            "productImageURL": "https://a.fsimg.co.nz/product/retail/fan/image/master/5283362.png",
            "productDescription": "Sugar free\n\nProduct of New Zealand",
            "volume": "500mL",
            "multipack": {
                "quantity": "1"
            }
        },
        "priceData": {
            "bestPrice": "3.49",
            "price": "3.49",
            "pricePerLitre": 7.0,
            "bestPricePerLitre": 7.0
        },
        "store": {
            "id": "de5595ab-1d28-46c6-9e9a-b1c3db1af827",
            "name": "New World Mount Maunganui"
        }
    },
    {
        "productData": {
            "name": "V Original Guarana Energy Drink 350ml",
            "productId": "5003156_ea_000",
            "productShopPage": "https://www.newworld.co.nz/shop/product/5003156_ea_000nw",
            "productImageURL": "https://a.fsimg.co.nz/product/retail/fan/image/master/5003156.png",
            "productDescription": "Buy 2 for $5.00.\n\n\nContains Caffeine.\n\nProduct of New Zealand",
            "volume": "350mL",
            "multipack": {
                "quantity": "1"
            }
        },
        "priceData": {
            "bestPrice": 2.5,
            "price": 2.0,
            "pricePerLitre": 5.714285714285714,
            "bestPricePerLitre": 7.142857142857143,
            "multiBuy": {
                "quantity": 2.0,
                "value": 5.0,
                "perUnit": 2.5
            }
        },
        "store": {
            "id": "de5595ab-1d28-46c6-9e9a-b1c3db1af827",
            "name": "New World Mount Maunganui"
        }
    },
    {
        "productData": {
            "name": "V Blue Guarana Energy Drink 350ml",
            "productId": "5007492_ea_000",
            "productShopPage": "https://www.newworld.co.nz/shop/product/5007492_ea_000nw",
            "productImageURL": "https://a.fsimg.co.nz/product/retail/fan/image/master/5007492.png",
            "productDescription": "Buy 2 for $5.00.\n\n\nContains Caffeine, Wheat Derivatives.\n\nProduct of New Zealand",
            "volume": "350mL",
            "multipack": {
                "quantity": "1"
            }
        },
        "priceData": {
            "bestPrice": 2.5,
            "price": 2.0,
            "pricePerLitre": 5.714285714285714,
            "bestPricePerLitre": 7.142857142857143,
            "multiBuy": {
                "quantity": 2.0,
                "value": 5.0,
                "perUnit": 2.5
            }
        },
        "store": {
            "id": "de5595ab-1d28-46c6-9e9a-b1c3db1af827",
            "name": "New World Mount Maunganui"
        }
    },
    {
        "productData": {
            "name": "V Blue Energy Drink 500ml",
            "productId": "5020662_ea_000",
            "productShopPage": "https://www.newworld.co.nz/shop/product/5020662_ea_000nw",
            "productImageURL": "https://a.fsimg.co.nz/product/retail/fan/image/master/5020662.png",
            "productDescription": "Buy 2 for $5.00.\n\n\n\n\nProduct of New Zealand",
            "volume": "500mL",
            "multipack": {
                "quantity": "1"
            }
        },
        "priceData": {
            "bestPrice": 2.5,
            "price": 2.0,
            "pricePerLitre": 4.0,
            "bestPricePerLitre": 5.0,
            "multiBuy": {
                "quantity": 2.0,
                "value": 5.0,
                "perUnit": 2.5
            }
        },
        "store": {
            "id": "de5595ab-1d28-46c6-9e9a-b1c3db1af827",
            "name": "New World Mount Maunganui"
        }
    },
    {
        "productData": {
            "name": "V Blue Guarana Energy Drink 500ml",
            "productId": "5007494_ea_000",
            "productShopPage": "https://www.newworld.co.nz/shop/product/5007494_ea_000nw",
            "productImageURL": "https://a.fsimg.co.nz/product/retail/fan/image/master/5007494.png",
            "productDescription": "Contains Wheat Derivatives, Caffeine.\n\nProduct of New Zealand",
            "volume": "500mL",
            "multipack": {
                "quantity": "1"
            }
        },
        "priceData": {
            "bestPrice": "3.49",
            "price": "3.49",
            "pricePerLitre": 7.0,
            "bestPricePerLitre": 7.0
        },
        "store": {
            "id": "de5595ab-1d28-46c6-9e9a-b1c3db1af827",
            "name": "New World Mount Maunganui"
        }
    },
    {
        "productData": {
            "name": "Red Bull Energy Drink 473ml",
            "productId": "5005255_ea_000",
            "productShopPage": "https://www.newworld.co.nz/shop/product/5005255_ea_000nw",
            "productImageURL": "https://a.fsimg.co.nz/product/retail/fan/image/master/5005255.png",
            "productDescription": "Red Bull Energy Drink's special formula contains ingredients of high quality: Caffeine, Taurine, B-Group Vitamins, Sugars, Alpine Water.One 250ml can of Red Bull Energy Drinks contains 80 mg of caffeine, about the same amount as in a cup of home-brewed coffee.The amount of sugars in a can of Red Bull Energy Drink is comparable to the level of sugars in an equivalent amount of apple or orange juice – 11 g per 100ml.Red Bull cans are made of 100% recyclable aluminium.Red Bull Energy Drink 473ml canVitalizes Body and Mind.®RED BULL GIVES YOU WINGSInspired by functional drinks from the Far East, Dietrich Mateschitz founded Red Bull in the mid-1980s. He developed a new product and a unique marketing concept and launched Red Bull Energy Drink on April 1, 1987 in Austria. A brand new product category - Energy Drinks - was born.\n\nProduct of Imported",
            "volume": "473mL",
            "multipack": {
                "quantity": "1"
            }
        },
        "priceData": {
            "bestPrice": "3.59",
            "price": "3.59",
            "pricePerLitre": 7.6,
            "bestPricePerLitre": 7.6
        },
        "store": {
            "id": "de5595ab-1d28-46c6-9e9a-b1c3db1af827",
            "name": "New World Mount Maunganui"
        }
    },
    {
        "productData": {
            "name": "V Original Guarana Energy Drink 250ml",
            "productId": "5003151_ea_000",
            "productShopPage": "https://www.newworld.co.nz/shop/product/5003151_ea_000nw",
            "productImageURL": "https://a.fsimg.co.nz/product/retail/fan/image/master/5003151.png",
            "productDescription": "Contains Caffeine.\n\nProduct of New Zealand",
            "volume": "250mL",
            "multipack": {
                "quantity": "1"
            }
        },
        "priceData": {
            "bestPrice": "1.99",
            "price": "1.99",
            "pricePerLitre": 8.0,
            "bestPricePerLitre": 8.0
        },
        "store": {
            "id": "de5595ab-1d28-46c6-9e9a-b1c3db1af827",
            "name": "New World Mount Maunganui"
        }
    },
    {
        "productData": {
            "name": "Red Bull Energy Drink 250ml Cans 4pk",
            "productId": "5001443_ea_000",
            "productShopPage": "https://www.newworld.co.nz/shop/product/5001443_ea_000nw",
            "productImageURL": "https://a.fsimg.co.nz/product/retail/fan/image/master/5001443.png",
            "productDescription": "Red Bull Energy Drink's special formula contains ingredients of high quality: Caffeine, Taurine, B-Group Vitamins, Sugars, Alpine Water.One 250ml can of Red Bull Energy Drinks contains 80 mg of caffeine, about the same amount as in a cup of home-brewed coffee.The amount of sugars in a can of Red Bull Energy Drink is comparable to the level of sugars in an equivalent amount of apple or orange juice – 11 g per 100ml.Red Bull cans are made of 100% recyclable aluminium.Pack of four 250ml Red Bull Energy Drink cansVitalizes Body and Mind.®RED BULL GIVES YOU WINGSInspired by functional drinks from the Far East, Dietrich Mateschitz founded Red Bull in the mid-1980s. He developed a new product and a unique marketing concept and launched Red Bull Energy Drink on April 1, 1987 in Austria. A brand new product category - Energy Drinks - was born.",
            "volume": "250mL",
            "multipack": {
                "quantity": "4"
            }
        },
        "priceData": {
            "bestPrice": "8.29",
            "price": "8.29",
            "pricePerLitre": 8.299999999999999,
            "bestPricePerLitre": 8.299999999999999
        },
        "store": {
            "id": "de5595ab-1d28-46c6-9e9a-b1c3db1af827",
            "name": "New World Mount Maunganui"
        }
    },
    {
        "productData": {
            "name": "Lucozade Orange Energy Drink 380ml",
            "productId": "5009239_ea_000",
            "productShopPage": "https://www.newworld.co.nz/shop/product/5009239_ea_000nw",
            "productImageURL": "https://a.fsimg.co.nz/product/retail/fan/image/master/5009239.png",
            "productDescription": "Powered by Glucose.\n\nProduct of New Zealand",
            "volume": "380mL",
            "multipack": {
                "quantity": "1"
            }
        },
        "priceData": {
            "bestPrice": "2.69",
            "price": "2.69",
            "pricePerLitre": 7.08,
            "bestPricePerLitre": 7.08
        },
        "store": {
            "id": "de5595ab-1d28-46c6-9e9a-b1c3db1af827",
            "name": "New World Mount Maunganui"
        }
    },
    {
        "productData": {
            "name": "V Pure Natural Energy Drink Glass Bottle 330ml",
            "productId": "5237753_ea_000",
            "productShopPage": "https://www.newworld.co.nz/shop/product/5237753_ea_000nw",
            "productImageURL": "https://a.fsimg.co.nz/product/retail/fan/image/master/5237753.png",
            "productDescription": "Buy 2 for $5.00.\n\n\nNothing artificial\n\nProduct of New Zealand",
            "volume": "330mL",
            "multipack": {
                "quantity": "1"
            }
        },
        "priceData": {
            "bestPrice": 2.5,
            "price": 2.0,
            "pricePerLitre": 6.0606060606060606,
            "bestPricePerLitre": 7.575757575757575,
            "multiBuy": {
                "quantity": 2.0,
                "value": 5.0,
                "perUnit": 2.5
            }
        },
        "store": {
            "id": "de5595ab-1d28-46c6-9e9a-b1c3db1af827",
            "name": "New World Mount Maunganui"
        }
    },
    {
        "productData": {
            "name": "Rockstar Watermelon Freeze Energy Drink 500ml",
            "productId": "5257298_ea_000",
            "productShopPage": "https://www.newworld.co.nz/shop/product/5257298_ea_000nw",
            "productImageURL": "https://a.fsimg.co.nz/product/retail/fan/image/master/5257298.png",
            "productDescription": "Buy 3 for $5.00.\n\n\n\n\nProduct of New Zealand",
            "volume": "500mL",
            "multipack": {
                "quantity": "1"
            }
        },
        "priceData": {
            "bestPrice": 1.6666666666666667,
            "price": 1.0,
            "pricePerLitre": 2.0,
            "bestPricePerLitre": 3.3333333333333335,
            "multiBuy": {
                "quantity": 3.0,
                "value": 5.0,
                "perUnit": 1.6666666666666667
            }
        },
        "store": {
            "id": "de5595ab-1d28-46c6-9e9a-b1c3db1af827",
            "name": "New World Mount Maunganui"
        }
    },
    {
        "productData": {
            "name": "V Pure Natural Energy Drink Can 250ml",
            "productId": "5237735_ea_000",
            "productShopPage": "https://www.newworld.co.nz/shop/product/5237735_ea_000nw",
            "productImageURL": "https://a.fsimg.co.nz/product/retail/fan/image/master/5237735.png",
            "productDescription": "6 natural ingredients; Nothing artificial; Apple juice - Apple and lemon juice is reconstituted; Lemon juice - Apple and lemon juice is reconstituted\n\nProduct of New Zealand",
            "volume": "250mL",
            "multipack": {
                "quantity": "1"
            }
        },
        "priceData": {
            "bestPrice": "1.99",
            "price": "1.99",
            "pricePerLitre": 8.0,
            "bestPricePerLitre": 8.0
        },
        "store": {
            "id": "de5595ab-1d28-46c6-9e9a-b1c3db1af827",
            "name": "New World Mount Maunganui"
        }
    },
    {
        "productData": {
            "name": "Rockstar Original Energy Drink 500ml",
            "productId": "5215383_ea_000",
            "productShopPage": "https://www.newworld.co.nz/shop/product/5215383_ea_000nw",
            "productImageURL": "https://a.fsimg.co.nz/product/retail/fan/image/master/5215383.png",
            "productDescription": "Buy 3 for $5.00.\n\n\nCaffeine; B vitamins; Vitamin C; Taurine; Ginseng\n\nProduct of New Zealand",
            "volume": "500mL",
            "multipack": {
                "quantity": "1"
            }
        },
        "priceData": {
            "bestPrice": 1.6666666666666667,
            "price": 1.0,
            "pricePerLitre": 2.0,
            "bestPricePerLitre": 3.3333333333333335,
            "multiBuy": {
                "quantity": 3.0,
                "value": 5.0,
                "perUnit": 1.6666666666666667
            }
        },
        "store": {
            "id": "de5595ab-1d28-46c6-9e9a-b1c3db1af827",
            "name": "New World Mount Maunganui"
        }
    },
    {
        "productData": {
            "name": "V Raspberry Lemonade Guarana Energy Drink 4pk",
            "productId": "5289907_ea_000",
            "productShopPage": "https://www.newworld.co.nz/shop/product/5289907_ea_000nw",
            "productImageURL": "https://a.fsimg.co.nz/product/retail/fan/image/master/5289907.png",
            "productDescription": "Limit 12 assorted.\n\n\n\n\nProduct of New Zealand",
            "volume": "250mL",
            "multipack": {
                "quantity": "4"
            }
        },
        "priceData": {
            "bestPrice": "5.99",
            "price": "5.99",
            "pricePerLitre": 5.99,
            "bestPricePerLitre": 5.99
        },
        "store": {
            "id": "de5595ab-1d28-46c6-9e9a-b1c3db1af827",
            "name": "New World Mount Maunganui"
        }
    },
    {
        "productData": {
            "name": "V Blue Guarana Energy Drink 6pk",
            "productId": "5272988_ea_000",
            "productShopPage": "https://www.newworld.co.nz/shop/product/5272988_ea_000nw",
            "productImageURL": "https://a.fsimg.co.nz/product/retail/fan/image/master/5272988.png",
            "productDescription": "Product of New Zealand",
            "volume": "330mL",
            "multipack": {
                "quantity": "6"
            }
        },
        "priceData": {
            "bestPrice": "11.99",
            "price": "11.99",
            "pricePerLitre": 6.05,
            "bestPricePerLitre": 6.05
        },
        "store": {
            "id": "de5595ab-1d28-46c6-9e9a-b1c3db1af827",
            "name": "New World Mount Maunganui"
        }
    },
    {
        "productData": {
            "name": "V Blue Can 4pk",
            "productId": "5030249_ea_000",
            "productShopPage": "https://www.newworld.co.nz/shop/product/5030249_ea_000nw",
            "productImageURL": "https://a.fsimg.co.nz/product/retail/fan/image/master/5030249.png",
            "productDescription": "Limit 12 assorted.\n\n\nContains Wheat Derivatives, Caffeine.\n\nProduct of New Zealand",
            "volume": "250mL",
            "multipack": {
                "quantity": "4"
            }
        },
        "priceData": {
            "bestPrice": "5.99",
            "price": "5.99",
            "pricePerLitre": 5.99,
            "bestPricePerLitre": 5.99
        },
        "store": {
            "id": "de5595ab-1d28-46c6-9e9a-b1c3db1af827",
            "name": "New World Mount Maunganui"
        }
    },
    {
        "productData": {
            "name": "Monster Mango Loco Energy Drink 500ml",
            "productId": "5242374_ea_000",
            "productShopPage": "https://www.newworld.co.nz/shop/product/5242374_ea_000nw",
            "productImageURL": "https://a.fsimg.co.nz/product/retail/fan/image/master/5242374.png",
            "productDescription": "Product of Imported",
            "volume": "500mL",
            "multipack": {
                "quantity": "1"
            }
        },
        "priceData": {
            "bestPrice": "2.99",
            "price": "2.99",
            "pricePerLitre": 6.0,
            "bestPricePerLitre": 6.0
        },
        "store": {
            "id": "de5595ab-1d28-46c6-9e9a-b1c3db1af827",
            "name": "New World Mount Maunganui"
        }
    },
    {
        "productData": {
            "name": "Monster Zero Sugar Ultra Rosa Energy Drink 500ml",
            "productId": "5278094_ea_000",
            "productShopPage": "https://www.newworld.co.nz/shop/product/5278094_ea_000nw",
            "productImageURL": "https://a.fsimg.co.nz/product/retail/fan/image/master/5278094.png",
            "productDescription": "Product of Imported",
            "volume": "500mL",
            "multipack": {
                "quantity": "1"
            }
        },
        "priceData": {
            "bestPrice": "2.99",
            "price": "2.99",
            "pricePerLitre": 6.0,
            "bestPricePerLitre": 6.0
        },
        "store": {
            "id": "de5595ab-1d28-46c6-9e9a-b1c3db1af827",
            "name": "New World Mount Maunganui"
        }
    },
    {
        "productData": {
            "name": "Monster Ultra Paradise Energy Drink 500ml",
            "productId": "5261257_ea_000",
            "productShopPage": "https://www.newworld.co.nz/shop/product/5261257_ea_000nw",
            "productImageURL": "https://a.fsimg.co.nz/product/retail/fan/image/master/5261257.png",
            "productDescription": "Product of Imported",
            "volume": "500mL",
            "multipack": {
                "quantity": "1"
            }
        },
        "priceData": {
            "bestPrice": "2.99",
            "price": "2.99",
            "pricePerLitre": 6.0,
            "bestPricePerLitre": 6.0
        },
        "store": {
            "id": "de5595ab-1d28-46c6-9e9a-b1c3db1af827",
            "name": "New World Mount Maunganui"
        }
    },
    {
        "productData": {
            "name": "V Energy Drink Green Cans 4pk",
            "productId": "5002893_ea_000",
            "productShopPage": "https://www.newworld.co.nz/shop/product/5002893_ea_000nw",
            "productImageURL": "https://a.fsimg.co.nz/product/retail/fan/image/master/5002893.png",
            "productDescription": "Limit 12 assorted.\n\n\nContains Caffeine.\n\nProduct of New Zealand",
            "volume": "250mL",
            "multipack": {
                "quantity": "4"
            }
        },
        "priceData": {
            "bestPrice": "5.99",
            "price": "5.99",
            "pricePerLitre": 5.99,
            "bestPricePerLitre": 5.99
        },
        "store": {
            "id": "de5595ab-1d28-46c6-9e9a-b1c3db1af827",
            "name": "New World Mount Maunganui"
        }
    },
    {
        "productData": {
            "name": "Monster Ultra Zero Drink 500ml",
            "productId": "5090618_ea_000",
            "productShopPage": "https://www.newworld.co.nz/shop/product/5090618_ea_000nw",
            "productImageURL": "https://a.fsimg.co.nz/product/retail/fan/image/master/5090618.png",
            "productDescription": "A little less sweet, lighter-tasting, zero calories, but with a full load of our Monster energy blend. Sure, white is the new black. Monster Energy Zero Ultra. Unleash the Ultra Beast!\n\nProduct of Imported",
            "volume": "500mL",
            "multipack": {
                "quantity": "1"
            }
        },
        "priceData": {
            "bestPrice": "2.99",
            "price": "2.99",
            "pricePerLitre": 6.0,
            "bestPricePerLitre": 6.0
        },
        "store": {
            "id": "de5595ab-1d28-46c6-9e9a-b1c3db1af827",
            "name": "New World Mount Maunganui"
        }
    },
    {
        "productData": {
            "name": "Monster Super Fuel Zero Sugar Energy Drink 550ml",
            "productId": "5284331_ea_000",
            "productShopPage": "https://www.newworld.co.nz/shop/product/5284331_ea_000nw",
            "productImageURL": "https://a.fsimg.co.nz/product/retail/fan/image/master/5284331.png",
            "productDescription": "Product of Imported",
            "volume": "550mL",
            "multipack": {
                "quantity": "1"
            }
        },
        "priceData": {
            "bestPrice": "3.49",
            "price": "3.49",
            "pricePerLitre": 6.345454545454546,
            "bestPricePerLitre": 6.345454545454546
        },
        "store": {
            "id": "de5595ab-1d28-46c6-9e9a-b1c3db1af827",
            "name": "New World Mount Maunganui"
        }
    },
    {
        "productData": {
            "name": "Mother Energy Drink Can 500ml",
            "productId": "5011153_ea_000",
            "productShopPage": "https://www.newworld.co.nz/shop/product/5011153_ea_000nw",
            "productImageURL": "https://a.fsimg.co.nz/product/retail/fan/image/master/5011153.png",
            "productDescription": "Contains Caffeine.\n\nProduct of New Zealand",
            "volume": "500mL",
            "multipack": {
                "quantity": "1"
            }
        },
        "priceData": {
            "bestPrice": "1.99",
            "price": "1.99",
            "pricePerLitre": 4.0,
            "bestPricePerLitre": 4.0
        },
        "store": {
            "id": "de5595ab-1d28-46c6-9e9a-b1c3db1af827",
            "name": "New World Mount Maunganui"
        }
    },
    {
        "productData": {
            "name": "Monster Super Fuel Purple Passion Energy Drink 550ml",
            "productId": "5284332_ea_000",
            "productShopPage": "https://www.newworld.co.nz/shop/product/5284332_ea_000nw",
            "productImageURL": "https://a.fsimg.co.nz/product/retail/fan/image/master/5284332.png",
            "productDescription": "Product of Imported",
            "volume": "550mL",
            "multipack": {
                "quantity": "1"
            }
        },
        "priceData": {
            "bestPrice": "3.49",
            "price": "3.49",
            "pricePerLitre": 6.345454545454546,
            "bestPricePerLitre": 6.345454545454546
        },
        "store": {
            "id": "de5595ab-1d28-46c6-9e9a-b1c3db1af827",
            "name": "New World Mount Maunganui"
        }
    },
    {
        "productData": {
            "name": "Monster Pipeline Punch Energy Drink 500ml",
            "productId": "5242373_ea_000",
            "productShopPage": "https://www.newworld.co.nz/shop/product/5242373_ea_000nw",
            "productImageURL": "https://a.fsimg.co.nz/product/retail/fan/image/master/5242373.png",
            "productDescription": "Product of Imported",
            "volume": "500mL",
            "multipack": {
                "quantity": "1"
            }
        },
        "priceData": {
            "bestPrice": "2.99",
            "price": "2.99",
            "pricePerLitre": 6.0,
            "bestPricePerLitre": 6.0
        },
        "store": {
            "id": "de5595ab-1d28-46c6-9e9a-b1c3db1af827",
            "name": "New World Mount Maunganui"
        }
    },
    {
        "productData": {
            "name": "Monster Energy Drink 500ml",
            "productId": "5007647_ea_000",
            "productShopPage": "https://www.newworld.co.nz/shop/product/5007647_ea_000nw",
            "productImageURL": "https://a.fsimg.co.nz/product/retail/fan/image/master/5007647.png",
            "productDescription": "Contains Caffeine.\n\nProduct of Imported",
            "volume": "500mL",
            "multipack": {
                "quantity": "1"
            }
        },
        "priceData": {
            "bestPrice": "2.99",
            "price": "2.99",
            "pricePerLitre": 6.0,
            "bestPricePerLitre": 6.0
        },
        "store": {
            "id": "de5595ab-1d28-46c6-9e9a-b1c3db1af827",
            "name": "New World Mount Maunganui"
        }
    },
    {
        "productData": {
            "name": "Monster Energy Drink 4pk",
            "productId": "5107264_ea_000",
            "productShopPage": "https://www.newworld.co.nz/shop/product/5107264_ea_000nw",
            "productImageURL": "https://a.fsimg.co.nz/product/retail/fan/image/master/5107264.png",
            "productDescription": "Product of Imported",
            "volume": "",
            "multipack": {
                "quantity": ""
            }
        },
        "priceData": {
            "bestPrice": "11.99",
            "price": "11.99",
            "pricePerLitre": 6.0,
            "bestPricePerLitre": 6.0
        },
        "store": {
            "id": "de5595ab-1d28-46c6-9e9a-b1c3db1af827",
            "name": "New World Mount Maunganui"
        }
    },
    {
        "productData": {
            "name": "V Sugarfree Guarana Energy Drink 500ml",
            "productId": "5007644_ea_000",
            "productShopPage": "https://www.newworld.co.nz/shop/product/5007644_ea_000nw",
            "productImageURL": "https://a.fsimg.co.nz/product/retail/fan/image/master/5007644.png",
            "productDescription": "Sugar Free.\n\nProduct of New Zealand",
            "volume": "500mL",
            "multipack": {
                "quantity": "1"
            }
        },
        "priceData": {
            "bestPrice": "3.49",
            "price": "3.49",
            "pricePerLitre": 7.0,
            "bestPricePerLitre": 7.0
        },
        "store": {
            "id": "de5595ab-1d28-46c6-9e9a-b1c3db1af827",
            "name": "New World Mount Maunganui"
        }
    },
    {
        "productData": {
            "name": "V Original Guarana Energy Drink 500ml",
            "productId": "5004703_ea_000",
            "productShopPage": "https://www.newworld.co.nz/shop/product/5004703_ea_000nw",
            "productImageURL": "https://a.fsimg.co.nz/product/retail/fan/image/master/5004703.png",
            "productDescription": "Contains Caffeine.\n\nProduct of New Zealand",
            "volume": "500mL",
            "multipack": {
                "quantity": "1"
            }
        },
        "priceData": {
            "bestPrice": "3.49",
            "price": "3.49",
            "pricePerLitre": 7.0,
            "bestPricePerLitre": 7.0
        },
        "store": {
            "id": "de5595ab-1d28-46c6-9e9a-b1c3db1af827",
            "name": "New World Mount Maunganui"
        }
    },
    {
        "productData": {
            "name": "V Original Guarana Energy Drink 500ml",
            "productId": "5007441_ea_000",
            "productShopPage": "https://www.newworld.co.nz/shop/product/5007441_ea_000nw",
            "productImageURL": "https://a.fsimg.co.nz/product/retail/fan/image/master/5007441.png",
            "productDescription": "Buy 2 for $5.00.\n\n\nContains Wheat Derivatives, Caffeine.\n\nProduct of New Zealand",
            "volume": "500mL",
            "multipack": {
                "quantity": "1"
            }
        },
        "priceData": {
            "bestPrice": 2.5,
            "price": 2.0,
            "pricePerLitre": 4.0,
            "bestPricePerLitre": 5.0,
            "multiBuy": {
                "quantity": 2.0,
                "value": 5.0,
                "perUnit": 2.5
            }
        },
        "store": {
            "id": "de5595ab-1d28-46c6-9e9a-b1c3db1af827",
            "name": "New World Mount Maunganui"
        }
    },
    {
        "productData": {
            "name": "V Blue Guarana Energy Drink 10pk",
            "productId": "5290181_ea_000",
            "productShopPage": "https://www.newworld.co.nz/shop/product/5290181_ea_000nw",
            "productImageURL": "https://a.fsimg.co.nz/product/retail/fan/image/master/5290181.png",
            "productDescription": "Product of New Zealand",
            "volume": "250mL",
            "multipack": {
                "quantity": "10"
            }
        },
        "priceData": {
            "bestPrice": "17.99",
            "price": "17.99",
            "pricePerLitre": 7.2,
            "bestPricePerLitre": 7.2
        },
        "store": {
            "id": "01076456-6c8a-42c3-a647-2e70a94c4e6c",
            "name": "New World Morrinsville"
        }
    },
    {
        "productData": {
            "name": "V Blue Guarana Energy Drink 250ml",
            "productId": "5007495_ea_000",
            "productShopPage": "https://www.newworld.co.nz/shop/product/5007495_ea_000nw",
            "productImageURL": "https://a.fsimg.co.nz/product/retail/fan/image/master/5007495.png",
            "productDescription": "Contains Caffeine, Wheat Derivatives.\n\nProduct of New Zealand",
            "volume": "250mL",
            "multipack": {
                "quantity": "1"
            }
        },
        "priceData": {
            "bestPrice": "1.99",
            "price": "1.99",
            "pricePerLitre": 8.0,
            "bestPricePerLitre": 8.0
        },
        "store": {
            "id": "01076456-6c8a-42c3-a647-2e70a94c4e6c",
            "name": "New World Morrinsville"
        }
    },
    {
        "productData": {
            "name": "V Sugarfree Blue Guarana Energy Drink 4pk",
            "productId": "5289891_ea_000",
            "productShopPage": "https://www.newworld.co.nz/shop/product/5289891_ea_000nw",
            "productImageURL": "https://a.fsimg.co.nz/product/retail/fan/image/master/5289891.png",
            "productDescription": "Limit 12 assorted.\n\n\n\n\nProduct of New Zealand",
            "volume": "250mL",
            "multipack": {
                "quantity": "4"
            }
        },
        "priceData": {
            "bestPrice": "5.99",
            "price": "5.99",
            "pricePerLitre": 5.99,
            "bestPricePerLitre": 5.99
        },
        "store": {
            "id": "01076456-6c8a-42c3-a647-2e70a94c4e6c",
            "name": "New World Morrinsville"
        }
    },
    {
        "productData": {
            "name": "V Sugarfree Guarana Energy Drink 250ml",
            "productId": "5001639_ea_000",
            "productShopPage": "https://www.newworld.co.nz/shop/product/5001639_ea_000nw",
            "productImageURL": "https://a.fsimg.co.nz/product/retail/fan/image/master/5001639.png",
            "productDescription": "Sugar Free. Contains Caffeine.\n\nProduct of New Zealand",
            "volume": "250mL",
            "multipack": {
                "quantity": "1"
            }
        },
        "priceData": {
            "bestPrice": "1.99",
            "price": "1.99",
            "pricePerLitre": 8.0,
            "bestPricePerLitre": 8.0
        },
        "store": {
            "id": "01076456-6c8a-42c3-a647-2e70a94c4e6c",
            "name": "New World Morrinsville"
        }
    },
    {
        "productData": {
            "name": "V Sugarfree Guarana Energy Drink 10pk",
            "productId": "5289890_ea_000",
            "productShopPage": "https://www.newworld.co.nz/shop/product/5289890_ea_000nw",
            "productImageURL": "https://a.fsimg.co.nz/product/retail/fan/image/master/5289890.png",
            "productDescription": "Product of New Zealand",
            "volume": "",
            "multipack": {
                "quantity": ""
            }
        },
        "priceData": {
            "bestPrice": "17.99",
            "price": "17.99",
            "pricePerLitre": 72.0,
            "bestPricePerLitre": 72.0
        },
        "store": {
            "id": "01076456-6c8a-42c3-a647-2e70a94c4e6c",
            "name": "New World Morrinsville"
        }
    },
    {
        "productData": {
            "name": "V Green Guarana Energy Drink 6pk",
            "productId": "5272987_ea_000",
            "productShopPage": "https://www.newworld.co.nz/shop/product/5272987_ea_000nw",
            "productImageURL": "https://a.fsimg.co.nz/product/retail/fan/image/master/5272987.png",
            "productDescription": "Product of New Zealand",
            "volume": "330mL",
            "multipack": {
                "quantity": "6"
            }
        },
        "priceData": {
            "bestPrice": "11.99",
            "price": "11.99",
            "pricePerLitre": 6.05,
            "bestPricePerLitre": 6.05
        },
        "store": {
            "id": "01076456-6c8a-42c3-a647-2e70a94c4e6c",
            "name": "New World Morrinsville"
        }
    },
    {
        "productData": {
            "name": "Live Plus Persist Energy Drink 250ml",
            "productId": "5236678_ea_000",
            "productShopPage": "https://www.newworld.co.nz/shop/product/5236678_ea_000nw",
            "productImageURL": "https://a.fsimg.co.nz/product/retail/fan/image/master/5236678.png",
            "productDescription": "Limit 12 assorted.\n\n\n\n\nProduct of New Zealand",
            "volume": "",
            "multipack": {
                "quantity": ""
            }
        },
        "priceData": {
            "bestPrice": "0.99",
            "price": "0.99"
        },
        "store": {
            "id": "01076456-6c8a-42c3-a647-2e70a94c4e6c",
            "name": "New World Morrinsville"
        }
    },
    {
        "productData": {
            "name": "V Green Guarana Energy Drink 10pk",
            "productId": "5289889_ea_000",
            "productShopPage": "https://www.newworld.co.nz/shop/product/5289889_ea_000nw",
            "productImageURL": "https://a.fsimg.co.nz/product/retail/fan/image/master/5289889.png",
            "productDescription": "Product of New Zealand",
            "volume": "250mL",
            "multipack": {
                "quantity": "10"
            }
        },
        "priceData": {
            "bestPrice": "17.99",
            "price": "17.99",
            "pricePerLitre": 7.2,
            "bestPricePerLitre": 7.2
        },
        "store": {
            "id": "01076456-6c8a-42c3-a647-2e70a94c4e6c",
            "name": "New World Morrinsville"
        }
    },
    {
        "productData": {
            "name": "V Sugarfree Blue Guarana Energy Drink 500ml",
            "productId": "5283362_ea_000",
            "productShopPage": "https://www.newworld.co.nz/shop/product/5283362_ea_000nw",
            "productImageURL": "https://a.fsimg.co.nz/product/retail/fan/image/master/5283362.png",
            "productDescription": "Sugar free\n\nProduct of New Zealand",
            "volume": "500mL",
            "multipack": {
                "quantity": "1"
            }
        },
        "priceData": {
            "bestPrice": "3.49",
            "price": "3.49",
            "pricePerLitre": 7.0,
            "bestPricePerLitre": 7.0
        },
        "store": {
            "id": "01076456-6c8a-42c3-a647-2e70a94c4e6c",
            "name": "New World Morrinsville"
        }
    },
    {
        "productData": {
            "name": "V Original Guarana Energy Drink 350ml",
            "productId": "5003156_ea_000",
            "productShopPage": "https://www.newworld.co.nz/shop/product/5003156_ea_000nw",
            "productImageURL": "https://a.fsimg.co.nz/product/retail/fan/image/master/5003156.png",
            "productDescription": "Buy 2 for $5.00.\n\n\nContains Caffeine.\n\nProduct of New Zealand",
            "volume": "350mL",
            "multipack": {
                "quantity": "1"
            }
        },
        "priceData": {
            "bestPrice": 2.5,
            "price": 2.0,
            "pricePerLitre": 5.714285714285714,
            "bestPricePerLitre": 7.142857142857143,
            "multiBuy": {
                "quantity": 2.0,
                "value": 5.0,
                "perUnit": 2.5
            }
        },
        "store": {
            "id": "01076456-6c8a-42c3-a647-2e70a94c4e6c",
            "name": "New World Morrinsville"
        }
    },
    {
        "productData": {
            "name": "V Blue Guarana Energy Drink 350ml",
            "productId": "5007492_ea_000",
            "productShopPage": "https://www.newworld.co.nz/shop/product/5007492_ea_000nw",
            "productImageURL": "https://a.fsimg.co.nz/product/retail/fan/image/master/5007492.png",
            "productDescription": "Buy 2 for $5.00.\n\n\nContains Caffeine, Wheat Derivatives.\n\nProduct of New Zealand",
            "volume": "350mL",
            "multipack": {
                "quantity": "1"
            }
        },
        "priceData": {
            "bestPrice": 2.5,
            "price": 2.0,
            "pricePerLitre": 5.714285714285714,
            "bestPricePerLitre": 7.142857142857143,
            "multiBuy": {
                "quantity": 2.0,
                "value": 5.0,
                "perUnit": 2.5
            }
        },
        "store": {
            "id": "01076456-6c8a-42c3-a647-2e70a94c4e6c",
            "name": "New World Morrinsville"
        }
    },
    {
        "productData": {
            "name": "V Blue Energy Drink 500ml",
            "productId": "5020662_ea_000",
            "productShopPage": "https://www.newworld.co.nz/shop/product/5020662_ea_000nw",
            "productImageURL": "https://a.fsimg.co.nz/product/retail/fan/image/master/5020662.png",
            "productDescription": "Buy 2 for $5.00.\n\n\n\n\nProduct of New Zealand",
            "volume": "500mL",
            "multipack": {
                "quantity": "1"
            }
        },
        "priceData": {
            "bestPrice": 2.5,
            "price": 2.0,
            "pricePerLitre": 4.0,
            "bestPricePerLitre": 5.0,
            "multiBuy": {
                "quantity": 2.0,
                "value": 5.0,
                "perUnit": 2.5
            }
        },
        "store": {
            "id": "01076456-6c8a-42c3-a647-2e70a94c4e6c",
            "name": "New World Morrinsville"
        }
    },
    {
        "productData": {
            "name": "V Blue Guarana Energy Drink 500ml",
            "productId": "5007494_ea_000",
            "productShopPage": "https://www.newworld.co.nz/shop/product/5007494_ea_000nw",
            "productImageURL": "https://a.fsimg.co.nz/product/retail/fan/image/master/5007494.png",
            "productDescription": "Contains Wheat Derivatives, Caffeine.\n\nProduct of New Zealand",
            "volume": "500mL",
            "multipack": {
                "quantity": "1"
            }
        },
        "priceData": {
            "bestPrice": "3.49",
            "price": "3.49",
            "pricePerLitre": 7.0,
            "bestPricePerLitre": 7.0
        },
        "store": {
            "id": "01076456-6c8a-42c3-a647-2e70a94c4e6c",
            "name": "New World Morrinsville"
        }
    },
    {
        "productData": {
            "name": "Red Bull Energy Drink 473ml",
            "productId": "5005255_ea_000",
            "productShopPage": "https://www.newworld.co.nz/shop/product/5005255_ea_000nw",
            "productImageURL": "https://a.fsimg.co.nz/product/retail/fan/image/master/5005255.png",
            "productDescription": "Red Bull Energy Drink's special formula contains ingredients of high quality: Caffeine, Taurine, B-Group Vitamins, Sugars, Alpine Water.One 250ml can of Red Bull Energy Drinks contains 80 mg of caffeine, about the same amount as in a cup of home-brewed coffee.The amount of sugars in a can of Red Bull Energy Drink is comparable to the level of sugars in an equivalent amount of apple or orange juice – 11 g per 100ml.Red Bull cans are made of 100% recyclable aluminium.Red Bull Energy Drink 473ml canVitalizes Body and Mind.®RED BULL GIVES YOU WINGSInspired by functional drinks from the Far East, Dietrich Mateschitz founded Red Bull in the mid-1980s. He developed a new product and a unique marketing concept and launched Red Bull Energy Drink on April 1, 1987 in Austria. A brand new product category - Energy Drinks - was born.\n\nProduct of Imported",
            "volume": "473mL",
            "multipack": {
                "quantity": "1"
            }
        },
        "priceData": {
            "bestPrice": "3.59",
            "price": "3.59",
            "pricePerLitre": 7.6,
            "bestPricePerLitre": 7.6
        },
        "store": {
            "id": "01076456-6c8a-42c3-a647-2e70a94c4e6c",
            "name": "New World Morrinsville"
        }
    },
    {
        "productData": {
            "name": "V Original Guarana Energy Drink 250ml",
            "productId": "5003151_ea_000",
            "productShopPage": "https://www.newworld.co.nz/shop/product/5003151_ea_000nw",
            "productImageURL": "https://a.fsimg.co.nz/product/retail/fan/image/master/5003151.png",
            "productDescription": "Contains Caffeine.\n\nProduct of New Zealand",
            "volume": "250mL",
            "multipack": {
                "quantity": "1"
            }
        },
        "priceData": {
            "bestPrice": "1.99",
            "price": "1.99",
            "pricePerLitre": 8.0,
            "bestPricePerLitre": 8.0
        },
        "store": {
            "id": "01076456-6c8a-42c3-a647-2e70a94c4e6c",
            "name": "New World Morrinsville"
        }
    },
    {
        "productData": {
            "name": "Red Bull Energy Drink 250ml Cans 4pk",
            "productId": "5001443_ea_000",
            "productShopPage": "https://www.newworld.co.nz/shop/product/5001443_ea_000nw",
            "productImageURL": "https://a.fsimg.co.nz/product/retail/fan/image/master/5001443.png",
            "productDescription": "Red Bull Energy Drink's special formula contains ingredients of high quality: Caffeine, Taurine, B-Group Vitamins, Sugars, Alpine Water.One 250ml can of Red Bull Energy Drinks contains 80 mg of caffeine, about the same amount as in a cup of home-brewed coffee.The amount of sugars in a can of Red Bull Energy Drink is comparable to the level of sugars in an equivalent amount of apple or orange juice – 11 g per 100ml.Red Bull cans are made of 100% recyclable aluminium.Pack of four 250ml Red Bull Energy Drink cansVitalizes Body and Mind.®RED BULL GIVES YOU WINGSInspired by functional drinks from the Far East, Dietrich Mateschitz founded Red Bull in the mid-1980s. He developed a new product and a unique marketing concept and launched Red Bull Energy Drink on April 1, 1987 in Austria. A brand new product category - Energy Drinks - was born.",
            "volume": "250mL",
            "multipack": {
                "quantity": "4"
            }
        },
        "priceData": {
            "bestPrice": "8.29",
            "price": "8.29",
            "pricePerLitre": 8.299999999999999,
            "bestPricePerLitre": 8.299999999999999
        },
        "store": {
            "id": "01076456-6c8a-42c3-a647-2e70a94c4e6c",
            "name": "New World Morrinsville"
        }
    },
    {
        "productData": {
            "name": "Lucozade Orange Energy Drink 380ml",
            "productId": "5009239_ea_000",
            "productShopPage": "https://www.newworld.co.nz/shop/product/5009239_ea_000nw",
            "productImageURL": "https://a.fsimg.co.nz/product/retail/fan/image/master/5009239.png",
            "productDescription": "Powered by Glucose.\n\nProduct of New Zealand",
            "volume": "380mL",
            "multipack": {
                "quantity": "1"
            }
        },
        "priceData": {
            "bestPrice": "2.69",
            "price": "2.69",
            "pricePerLitre": 7.08,
            "bestPricePerLitre": 7.08
        },
        "store": {
            "id": "01076456-6c8a-42c3-a647-2e70a94c4e6c",
            "name": "New World Morrinsville"
        }
    },
    {
        "productData": {
            "name": "V Pure Natural Energy Drink Glass Bottle 330ml",
            "productId": "5237753_ea_000",
            "productShopPage": "https://www.newworld.co.nz/shop/product/5237753_ea_000nw",
            "productImageURL": "https://a.fsimg.co.nz/product/retail/fan/image/master/5237753.png",
            "productDescription": "Buy 2 for $5.00.\n\n\nNothing artificial\n\nProduct of New Zealand",
            "volume": "330mL",
            "multipack": {
                "quantity": "1"
            }
        },
        "priceData": {
            "bestPrice": 2.5,
            "price": 2.0,
            "pricePerLitre": 6.0606060606060606,
            "bestPricePerLitre": 7.575757575757575,
            "multiBuy": {
                "quantity": 2.0,
                "value": 5.0,
                "perUnit": 2.5
            }
        },
        "store": {
            "id": "01076456-6c8a-42c3-a647-2e70a94c4e6c",
            "name": "New World Morrinsville"
        }
    },
    {
        "productData": {
            "name": "Lucozade Original Energy Drink 380ml",
            "productId": "5009240_ea_000",
            "productShopPage": "https://www.newworld.co.nz/shop/product/5009240_ea_000nw",
            "productImageURL": "https://a.fsimg.co.nz/product/retail/fan/image/master/5009240.png",
            "productDescription": "Energy from Glucose.\n\nProduct of New Zealand",
            "volume": "380mL",
            "multipack": {
                "quantity": "1"
            }
        },
        "priceData": {
            "bestPrice": "2.69",
            "price": "2.69",
            "pricePerLitre": 7.08,
            "bestPricePerLitre": 7.08
        },
        "store": {
            "id": "01076456-6c8a-42c3-a647-2e70a94c4e6c",
            "name": "New World Morrinsville"
        }
    },
    {
        "productData": {
            "name": "Rockstar Original Energy Drink 500ml",
            "productId": "5215383_ea_000",
            "productShopPage": "https://www.newworld.co.nz/shop/product/5215383_ea_000nw",
            "productImageURL": "https://a.fsimg.co.nz/product/retail/fan/image/master/5215383.png",
            "productDescription": "Buy 3 for $5.00.\n\n\nCaffeine; B vitamins; Vitamin C; Taurine; Ginseng\n\nProduct of New Zealand",
            "volume": "500mL",
            "multipack": {
                "quantity": "1"
            }
        },
        "priceData": {
            "bestPrice": 1.6666666666666667,
            "price": 1.0,
            "pricePerLitre": 2.0,
            "bestPricePerLitre": 3.3333333333333335,
            "multiBuy": {
                "quantity": 3.0,
                "value": 5.0,
                "perUnit": 1.6666666666666667
            }
        },
        "store": {
            "id": "01076456-6c8a-42c3-a647-2e70a94c4e6c",
            "name": "New World Morrinsville"
        }
    },
    {
        "productData": {
            "name": "V Berry Twist Sugar Free Can 500ml",
            "productId": "5254654_ea_000",
            "productShopPage": "https://www.newworld.co.nz/shop/product/5254654_ea_000nw",
            "productImageURL": "https://a.fsimg.co.nz/product/retail/fan/image/master/5254654.png",
            "productDescription": "Sugarfree\n\nProduct of New Zealand",
            "volume": "500mL",
            "multipack": {
                "quantity": "1"
            }
        },
        "priceData": {
            "bestPrice": "3.49",
            "price": "3.49",
            "pricePerLitre": 7.0,
            "bestPricePerLitre": 7.0
        },
        "store": {
            "id": "01076456-6c8a-42c3-a647-2e70a94c4e6c",
            "name": "New World Morrinsville"
        }
    },
    {
        "productData": {
            "name": "V Raspberry Lemonade Guarana Energy Drink 4pk",
            "productId": "5289907_ea_000",
            "productShopPage": "https://www.newworld.co.nz/shop/product/5289907_ea_000nw",
            "productImageURL": "https://a.fsimg.co.nz/product/retail/fan/image/master/5289907.png",
            "productDescription": "Limit 12 assorted.\n\n\n\n\nProduct of New Zealand",
            "volume": "250mL",
            "multipack": {
                "quantity": "4"
            }
        },
        "priceData": {
            "bestPrice": "5.99",
            "price": "5.99",
            "pricePerLitre": 5.99,
            "bestPricePerLitre": 5.99
        },
        "store": {
            "id": "01076456-6c8a-42c3-a647-2e70a94c4e6c",
            "name": "New World Morrinsville"
        }
    },
    {
        "productData": {
            "name": "V Raspberry Lemonade Can 500ml",
            "productId": "5264523_ea_000",
            "productShopPage": "https://www.newworld.co.nz/shop/product/5264523_ea_000nw",
            "productImageURL": "https://a.fsimg.co.nz/product/retail/fan/image/master/5264523.png",
            "productDescription": "Product of New Zealand",
            "volume": "500mL",
            "multipack": {
                "quantity": "1"
            }
        },
        "priceData": {
            "bestPrice": "3.49",
            "price": "3.49",
            "pricePerLitre": 7.0,
            "bestPricePerLitre": 7.0
        },
        "store": {
            "id": "01076456-6c8a-42c3-a647-2e70a94c4e6c",
            "name": "New World Morrinsville"
        }
    },
    {
        "productData": {
            "name": "V Blue Guarana Energy Drink 6pk",
            "productId": "5272988_ea_000",
            "productShopPage": "https://www.newworld.co.nz/shop/product/5272988_ea_000nw",
            "productImageURL": "https://a.fsimg.co.nz/product/retail/fan/image/master/5272988.png",
            "productDescription": "Product of New Zealand",
            "volume": "330mL",
            "multipack": {
                "quantity": "6"
            }
        },
        "priceData": {
            "bestPrice": "11.99",
            "price": "11.99",
            "pricePerLitre": 6.05,
            "bestPricePerLitre": 6.05
        },
        "store": {
            "id": "01076456-6c8a-42c3-a647-2e70a94c4e6c",
            "name": "New World Morrinsville"
        }
    },
    {
        "productData": {
            "name": "V Blue Can 4pk",
            "productId": "5030249_ea_000",
            "productShopPage": "https://www.newworld.co.nz/shop/product/5030249_ea_000nw",
            "productImageURL": "https://a.fsimg.co.nz/product/retail/fan/image/master/5030249.png",
            "productDescription": "Limit 12 assorted.\n\n\nContains Wheat Derivatives, Caffeine.\n\nProduct of New Zealand",
            "volume": "250mL",
            "multipack": {
                "quantity": "4"
            }
        },
        "priceData": {
            "bestPrice": "5.99",
            "price": "5.99",
            "pricePerLitre": 5.99,
            "bestPricePerLitre": 5.99
        },
        "store": {
            "id": "01076456-6c8a-42c3-a647-2e70a94c4e6c",
            "name": "New World Morrinsville"
        }
    },
    {
        "productData": {
            "name": "V Energy Drink Sugarfree Cans 4pk",
            "productId": "5004117_ea_000",
            "productShopPage": "https://www.newworld.co.nz/shop/product/5004117_ea_000nw",
            "productImageURL": "https://a.fsimg.co.nz/product/retail/fan/image/master/5004117.png",
            "productDescription": "Limit 12 assorted.\n\n\nSugar Free. Contains Caffeine.\n\nProduct of New Zealand",
            "volume": "250mL",
            "multipack": {
                "quantity": "4"
            }
        },
        "priceData": {
            "bestPrice": "5.99",
            "price": "5.99",
            "pricePerLitre": 5.99,
            "bestPricePerLitre": 5.99
        },
        "store": {
            "id": "01076456-6c8a-42c3-a647-2e70a94c4e6c",
            "name": "New World Morrinsville"
        }
    },
    {
        "productData": {
            "name": "Monster Zero Sugar Ultra Rosa Energy Drink 500ml",
            "productId": "5278094_ea_000",
            "productShopPage": "https://www.newworld.co.nz/shop/product/5278094_ea_000nw",
            "productImageURL": "https://a.fsimg.co.nz/product/retail/fan/image/master/5278094.png",
            "productDescription": "Product of Imported",
            "volume": "500mL",
            "multipack": {
                "quantity": "1"
            }
        },
        "priceData": {
            "bestPrice": "2.99",
            "price": "2.99",
            "pricePerLitre": 6.0,
            "bestPricePerLitre": 6.0
        },
        "store": {
            "id": "01076456-6c8a-42c3-a647-2e70a94c4e6c",
            "name": "New World Morrinsville"
        }
    },
    {
        "productData": {
            "name": "Monster Mule Energy Drink 500ml",
            "productId": "5269459_ea_000",
            "productShopPage": "https://www.newworld.co.nz/shop/product/5269459_ea_000nw",
            "productImageURL": "https://a.fsimg.co.nz/product/retail/fan/image/master/5269459.png",
            "productDescription": "Product of Imported",
            "volume": "500mL",
            "multipack": {
                "quantity": "1"
            }
        },
        "priceData": {
            "bestPrice": "2.99",
            "price": "2.99",
            "pricePerLitre": 6.0,
            "bestPricePerLitre": 6.0
        },
        "store": {
            "id": "01076456-6c8a-42c3-a647-2e70a94c4e6c",
            "name": "New World Morrinsville"
        }
    },
    {
        "productData": {
            "name": "V Energy Drink Green Cans 4pk",
            "productId": "5002893_ea_000",
            "productShopPage": "https://www.newworld.co.nz/shop/product/5002893_ea_000nw",
            "productImageURL": "https://a.fsimg.co.nz/product/retail/fan/image/master/5002893.png",
            "productDescription": "Limit 12 assorted.\n\n\nContains Caffeine.\n\nProduct of New Zealand",
            "volume": "250mL",
            "multipack": {
                "quantity": "4"
            }
        },
        "priceData": {
            "bestPrice": "5.99",
            "price": "5.99",
            "pricePerLitre": 5.99,
            "bestPricePerLitre": 5.99
        },
        "store": {
            "id": "01076456-6c8a-42c3-a647-2e70a94c4e6c",
            "name": "New World Morrinsville"
        }
    },
    {
        "productData": {
            "name": "Monster Ultra Zero Drink 500ml",
            "productId": "5090618_ea_000",
            "productShopPage": "https://www.newworld.co.nz/shop/product/5090618_ea_000nw",
            "productImageURL": "https://a.fsimg.co.nz/product/retail/fan/image/master/5090618.png",
            "productDescription": "A little less sweet, lighter-tasting, zero calories, but with a full load of our Monster energy blend. Sure, white is the new black. Monster Energy Zero Ultra. Unleash the Ultra Beast!\n\nProduct of Imported",
            "volume": "500mL",
            "multipack": {
                "quantity": "1"
            }
        },
        "priceData": {
            "bestPrice": "2.99",
            "price": "2.99",
            "pricePerLitre": 6.0,
            "bestPricePerLitre": 6.0
        },
        "store": {
            "id": "01076456-6c8a-42c3-a647-2e70a94c4e6c",
            "name": "New World Morrinsville"
        }
    },
    {
        "productData": {
            "name": "Monster Super Fuel Zero Sugar Energy Drink 550ml",
            "productId": "5284331_ea_000",
            "productShopPage": "https://www.newworld.co.nz/shop/product/5284331_ea_000nw",
            "productImageURL": "https://a.fsimg.co.nz/product/retail/fan/image/master/5284331.png",
            "productDescription": "Product of Imported",
            "volume": "550mL",
            "multipack": {
                "quantity": "1"
            }
        },
        "priceData": {
            "bestPrice": "3.49",
            "price": "3.49",
            "pricePerLitre": 6.345454545454546,
            "bestPricePerLitre": 6.345454545454546
        },
        "store": {
            "id": "01076456-6c8a-42c3-a647-2e70a94c4e6c",
            "name": "New World Morrinsville"
        }
    },
    {
        "productData": {
            "name": "Mother Energy Drink Can 500ml",
            "productId": "5011153_ea_000",
            "productShopPage": "https://www.newworld.co.nz/shop/product/5011153_ea_000nw",
            "productImageURL": "https://a.fsimg.co.nz/product/retail/fan/image/master/5011153.png",
            "productDescription": "Contains Caffeine.\n\nProduct of New Zealand",
            "volume": "500mL",
            "multipack": {
                "quantity": "1"
            }
        },
        "priceData": {
            "bestPrice": "1.99",
            "price": "1.99",
            "pricePerLitre": 4.0,
            "bestPricePerLitre": 4.0
        },
        "store": {
            "id": "01076456-6c8a-42c3-a647-2e70a94c4e6c",
            "name": "New World Morrinsville"
        }
    },
    {
        "productData": {
            "name": "Monster Super Fuel Purple Passion Energy Drink 550ml",
            "productId": "5284332_ea_000",
            "productShopPage": "https://www.newworld.co.nz/shop/product/5284332_ea_000nw",
            "productImageURL": "https://a.fsimg.co.nz/product/retail/fan/image/master/5284332.png",
            "productDescription": "Product of Imported",
            "volume": "550mL",
            "multipack": {
                "quantity": "1"
            }
        },
        "priceData": {
            "bestPrice": "3.49",
            "price": "3.49",
            "pricePerLitre": 6.345454545454546,
            "bestPricePerLitre": 6.345454545454546
        },
        "store": {
            "id": "01076456-6c8a-42c3-a647-2e70a94c4e6c",
            "name": "New World Morrinsville"
        }
    },
    {
        "productData": {
            "name": "Mother Energy Drink Can 6pk",
            "productId": "5009490_ea_000",
            "productShopPage": "https://www.newworld.co.nz/shop/product/5009490_ea_000nw",
            "productImageURL": "https://a.fsimg.co.nz/product/retail/fan/image/master/5009490.png",
            "productDescription": "Contains Caffeine.\n\nProduct of New Zealand",
            "volume": "250mL",
            "multipack": {
                "quantity": "6"
            }
        },
        "priceData": {
            "bestPrice": "7.49",
            "price": "7.49",
            "pricePerLitre": 5.0,
            "bestPricePerLitre": 5.0
        },
        "store": {
            "id": "01076456-6c8a-42c3-a647-2e70a94c4e6c",
            "name": "New World Morrinsville"
        }
    },
    {
        "productData": {
            "name": "Monster Pipeline Punch Energy Drink 500ml",
            "productId": "5242373_ea_000",
            "productShopPage": "https://www.newworld.co.nz/shop/product/5242373_ea_000nw",
            "productImageURL": "https://a.fsimg.co.nz/product/retail/fan/image/master/5242373.png",
            "productDescription": "Product of Imported",
            "volume": "500mL",
            "multipack": {
                "quantity": "1"
            }
        },
        "priceData": {
            "bestPrice": "2.99",
            "price": "2.99",
            "pricePerLitre": 6.0,
            "bestPricePerLitre": 6.0
        },
        "store": {
            "id": "01076456-6c8a-42c3-a647-2e70a94c4e6c",
            "name": "New World Morrinsville"
        }
    },
    {
        "productData": {
            "name": "Monster Energy Drink 500ml",
            "productId": "5007647_ea_000",
            "productShopPage": "https://www.newworld.co.nz/shop/product/5007647_ea_000nw",
            "productImageURL": "https://a.fsimg.co.nz/product/retail/fan/image/master/5007647.png",
            "productDescription": "Contains Caffeine.\n\nProduct of Imported",
            "volume": "500mL",
            "multipack": {
                "quantity": "1"
            }
        },
        "priceData": {
            "bestPrice": "2.99",
            "price": "2.99",
            "pricePerLitre": 6.0,
            "bestPricePerLitre": 6.0
        },
        "store": {
            "id": "01076456-6c8a-42c3-a647-2e70a94c4e6c",
            "name": "New World Morrinsville"
        }
    },
    {
        "productData": {
            "name": "Monster Energy Drink 4pk",
            "productId": "5107264_ea_000",
            "productShopPage": "https://www.newworld.co.nz/shop/product/5107264_ea_000nw",
            "productImageURL": "https://a.fsimg.co.nz/product/retail/fan/image/master/5107264.png",
            "productDescription": "Product of Imported",
            "volume": "",
            "multipack": {
                "quantity": ""
            }
        },
        "priceData": {
            "bestPrice": "11.99",
            "price": "11.99",
            "pricePerLitre": 6.0,
            "bestPricePerLitre": 6.0
        },
        "store": {
            "id": "01076456-6c8a-42c3-a647-2e70a94c4e6c",
            "name": "New World Morrinsville"
        }
    },
    {
        "productData": {
            "name": "V Sugarfree Guarana Energy Drink 500ml",
            "productId": "5007644_ea_000",
            "productShopPage": "https://www.newworld.co.nz/shop/product/5007644_ea_000nw",
            "productImageURL": "https://a.fsimg.co.nz/product/retail/fan/image/master/5007644.png",
            "productDescription": "Sugar Free.\n\nProduct of New Zealand",
            "volume": "500mL",
            "multipack": {
                "quantity": "1"
            }
        },
        "priceData": {
            "bestPrice": "3.49",
            "price": "3.49",
            "pricePerLitre": 7.0,
            "bestPricePerLitre": 7.0
        },
        "store": {
            "id": "01076456-6c8a-42c3-a647-2e70a94c4e6c",
            "name": "New World Morrinsville"
        }
    },
    {
        "productData": {
            "name": "V Original Guarana Energy Drink 500ml",
            "productId": "5004703_ea_000",
            "productShopPage": "https://www.newworld.co.nz/shop/product/5004703_ea_000nw",
            "productImageURL": "https://a.fsimg.co.nz/product/retail/fan/image/master/5004703.png",
            "productDescription": "Contains Caffeine.\n\nProduct of New Zealand",
            "volume": "500mL",
            "multipack": {
                "quantity": "1"
            }
        },
        "priceData": {
            "bestPrice": "3.49",
            "price": "3.49",
            "pricePerLitre": 7.0,
            "bestPricePerLitre": 7.0
        },
        "store": {
            "id": "01076456-6c8a-42c3-a647-2e70a94c4e6c",
            "name": "New World Morrinsville"
        }
    },
    {
        "productData": {
            "name": "V Original Guarana Energy Drink 500ml",
            "productId": "5007441_ea_000",
            "productShopPage": "https://www.newworld.co.nz/shop/product/5007441_ea_000nw",
            "productImageURL": "https://a.fsimg.co.nz/product/retail/fan/image/master/5007441.png",
            "productDescription": "Buy 2 for $5.00.\n\n\nContains Wheat Derivatives, Caffeine.\n\nProduct of New Zealand",
            "volume": "500mL",
            "multipack": {
                "quantity": "1"
            }
        },
        "priceData": {
            "bestPrice": 2.5,
            "price": 2.0,
            "pricePerLitre": 4.0,
            "bestPricePerLitre": 5.0,
            "multiBuy": {
                "quantity": 2.0,
                "value": 5.0,
                "perUnit": 2.5
            }
        },
        "store": {
            "id": "01076456-6c8a-42c3-a647-2e70a94c4e6c",
            "name": "New World Morrinsville"
        }
    },
    {
        "productData": {
            "name": "V Blue Guarana Energy Drink 250ml",
            "productId": "5007495_ea_000",
            "productShopPage": "https://www.newworld.co.nz/shop/product/5007495_ea_000nw",
            "productImageURL": "https://a.fsimg.co.nz/product/retail/fan/image/master/5007495.png",
            "productDescription": "Contains Caffeine, Wheat Derivatives.\n\nProduct of New Zealand",
            "volume": "250mL",
            "multipack": {
                "quantity": "1"
            }
        },
        "priceData": {
            "bestPrice": "1.99",
            "price": "1.99",
            "pricePerLitre": 8.0,
            "bestPricePerLitre": 8.0
        },
        "store": {
            "id": "38b074c4-0e5a-4bd5-b743-d30f28d94982",
            "name": "New World Metro"
        }
    },
    {
        "productData": {
            "name": "V Sugarfree Guarana Energy Drink 250ml",
            "productId": "5001639_ea_000",
            "productShopPage": "https://www.newworld.co.nz/shop/product/5001639_ea_000nw",
            "productImageURL": "https://a.fsimg.co.nz/product/retail/fan/image/master/5001639.png",
            "productDescription": "Sugar Free. Contains Caffeine.\n\nProduct of New Zealand",
            "volume": "250mL",
            "multipack": {
                "quantity": "1"
            }
        },
        "priceData": {
            "bestPrice": "1.99",
            "price": "1.99",
            "pricePerLitre": 8.0,
            "bestPricePerLitre": 8.0
        },
        "store": {
            "id": "38b074c4-0e5a-4bd5-b743-d30f28d94982",
            "name": "New World Metro"
        }
    },
    {
        "productData": {
            "name": "Live Plus Ascend Energy Drink 250ml",
            "productId": "5236675_ea_000",
            "productShopPage": "https://www.newworld.co.nz/shop/product/5236675_ea_000nw",
            "productImageURL": "https://a.fsimg.co.nz/product/retail/fan/image/master/5236675.png",
            "productDescription": "Limit 12 assorted.\n\n\n\n\nProduct of New Zealand",
            "volume": "",
            "multipack": {
                "quantity": ""
            }
        },
        "priceData": {
            "bestPrice": "0.99",
            "price": "0.99"
        },
        "store": {
            "id": "38b074c4-0e5a-4bd5-b743-d30f28d94982",
            "name": "New World Metro"
        }
    },
    {
        "productData": {
            "name": "Live Plus Persist Energy Drink 250ml",
            "productId": "5236678_ea_000",
            "productShopPage": "https://www.newworld.co.nz/shop/product/5236678_ea_000nw",
            "productImageURL": "https://a.fsimg.co.nz/product/retail/fan/image/master/5236678.png",
            "productDescription": "Limit 12 assorted.\n\n\n\n\nProduct of New Zealand",
            "volume": "",
            "multipack": {
                "quantity": ""
            }
        },
        "priceData": {
            "bestPrice": "0.99",
            "price": "0.99"
        },
        "store": {
            "id": "38b074c4-0e5a-4bd5-b743-d30f28d94982",
            "name": "New World Metro"
        }
    },
    {
        "productData": {
            "name": "V Green Guarana Energy Drink 10pk",
            "productId": "5289889_ea_000",
            "productShopPage": "https://www.newworld.co.nz/shop/product/5289889_ea_000nw",
            "productImageURL": "https://a.fsimg.co.nz/product/retail/fan/image/master/5289889.png",
            "productDescription": "Product of New Zealand",
            "volume": "250mL",
            "multipack": {
                "quantity": "10"
            }
        },
        "priceData": {
            "bestPrice": "17.99",
            "price": "17.99",
            "pricePerLitre": 7.2,
            "bestPricePerLitre": 7.2
        },
        "store": {
            "id": "38b074c4-0e5a-4bd5-b743-d30f28d94982",
            "name": "New World Metro"
        }
    },
    {
        "productData": {
            "name": "V Blue Energy Drink 500ml",
            "productId": "5020662_ea_000",
            "productShopPage": "https://www.newworld.co.nz/shop/product/5020662_ea_000nw",
            "productImageURL": "https://a.fsimg.co.nz/product/retail/fan/image/master/5020662.png",
            "productDescription": "Buy 2 for $5.00.\n\n\n\n\nProduct of New Zealand",
            "volume": "500mL",
            "multipack": {
                "quantity": "1"
            }
        },
        "priceData": {
            "bestPrice": 2.5,
            "price": 2.0,
            "pricePerLitre": 4.0,
            "bestPricePerLitre": 5.0,
            "multiBuy": {
                "quantity": 2.0,
                "value": 5.0,
                "perUnit": 2.5
            }
        },
        "store": {
            "id": "38b074c4-0e5a-4bd5-b743-d30f28d94982",
            "name": "New World Metro"
        }
    },
    {
        "productData": {
            "name": "V Blue Guarana Energy Drink 500ml",
            "productId": "5007494_ea_000",
            "productShopPage": "https://www.newworld.co.nz/shop/product/5007494_ea_000nw",
            "productImageURL": "https://a.fsimg.co.nz/product/retail/fan/image/master/5007494.png",
            "productDescription": "Contains Wheat Derivatives, Caffeine.\n\nProduct of New Zealand",
            "volume": "500mL",
            "multipack": {
                "quantity": "1"
            }
        },
        "priceData": {
            "bestPrice": "3.49",
            "price": "3.49",
            "pricePerLitre": 7.0,
            "bestPricePerLitre": 7.0
        },
        "store": {
            "id": "38b074c4-0e5a-4bd5-b743-d30f28d94982",
            "name": "New World Metro"
        }
    },
    {
        "productData": {
            "name": "Red Bull Energy Drink 473ml",
            "productId": "5005255_ea_000",
            "productShopPage": "https://www.newworld.co.nz/shop/product/5005255_ea_000nw",
            "productImageURL": "https://a.fsimg.co.nz/product/retail/fan/image/master/5005255.png",
            "productDescription": "Red Bull Energy Drink's special formula contains ingredients of high quality: Caffeine, Taurine, B-Group Vitamins, Sugars, Alpine Water.One 250ml can of Red Bull Energy Drinks contains 80 mg of caffeine, about the same amount as in a cup of home-brewed coffee.The amount of sugars in a can of Red Bull Energy Drink is comparable to the level of sugars in an equivalent amount of apple or orange juice – 11 g per 100ml.Red Bull cans are made of 100% recyclable aluminium.Red Bull Energy Drink 473ml canVitalizes Body and Mind.®RED BULL GIVES YOU WINGSInspired by functional drinks from the Far East, Dietrich Mateschitz founded Red Bull in the mid-1980s. He developed a new product and a unique marketing concept and launched Red Bull Energy Drink on April 1, 1987 in Austria. A brand new product category - Energy Drinks - was born.\n\nProduct of Imported",
            "volume": "473mL",
            "multipack": {
                "quantity": "1"
            }
        },
        "priceData": {
            "bestPrice": "3.99",
            "price": "3.99",
            "pricePerLitre": 8.4,
            "bestPricePerLitre": 8.4
        },
        "store": {
            "id": "38b074c4-0e5a-4bd5-b743-d30f28d94982",
            "name": "New World Metro"
        }
    },
    {
        "productData": {
            "name": "V Original Guarana Energy Drink 250ml",
            "productId": "5003151_ea_000",
            "productShopPage": "https://www.newworld.co.nz/shop/product/5003151_ea_000nw",
            "productImageURL": "https://a.fsimg.co.nz/product/retail/fan/image/master/5003151.png",
            "productDescription": "Contains Caffeine.\n\nProduct of New Zealand",
            "volume": "250mL",
            "multipack": {
                "quantity": "1"
            }
        },
        "priceData": {
            "bestPrice": "1.99",
            "price": "1.99",
            "pricePerLitre": 8.0,
            "bestPricePerLitre": 8.0
        },
        "store": {
            "id": "38b074c4-0e5a-4bd5-b743-d30f28d94982",
            "name": "New World Metro"
        }
    },
    {
        "productData": {
            "name": "Red Bull Energy Drink 250ml Cans 4pk",
            "productId": "5001443_ea_000",
            "productShopPage": "https://www.newworld.co.nz/shop/product/5001443_ea_000nw",
            "productImageURL": "https://a.fsimg.co.nz/product/retail/fan/image/master/5001443.png",
            "productDescription": "Red Bull Energy Drink's special formula contains ingredients of high quality: Caffeine, Taurine, B-Group Vitamins, Sugars, Alpine Water.One 250ml can of Red Bull Energy Drinks contains 80 mg of caffeine, about the same amount as in a cup of home-brewed coffee.The amount of sugars in a can of Red Bull Energy Drink is comparable to the level of sugars in an equivalent amount of apple or orange juice – 11 g per 100ml.Red Bull cans are made of 100% recyclable aluminium.Pack of four 250ml Red Bull Energy Drink cansVitalizes Body and Mind.®RED BULL GIVES YOU WINGSInspired by functional drinks from the Far East, Dietrich Mateschitz founded Red Bull in the mid-1980s. He developed a new product and a unique marketing concept and launched Red Bull Energy Drink on April 1, 1987 in Austria. A brand new product category - Energy Drinks - was born.",
            "volume": "250mL",
            "multipack": {
                "quantity": "4"
            }
        },
        "priceData": {
            "bestPrice": "8.99",
            "price": "8.99",
            "pricePerLitre": 9.0,
            "bestPricePerLitre": 9.0
        },
        "store": {
            "id": "38b074c4-0e5a-4bd5-b743-d30f28d94982",
            "name": "New World Metro"
        }
    },
    {
        "productData": {
            "name": "V Pure Natural Energy Drink Glass Bottle 330ml",
            "productId": "5237753_ea_000",
            "productShopPage": "https://www.newworld.co.nz/shop/product/5237753_ea_000nw",
            "productImageURL": "https://a.fsimg.co.nz/product/retail/fan/image/master/5237753.png",
            "productDescription": "Buy 2 for $5.00.\n\n\nNothing artificial\n\nProduct of New Zealand",
            "volume": "330mL",
            "multipack": {
                "quantity": "1"
            }
        },
        "priceData": {
            "bestPrice": 2.5,
            "price": 2.0,
            "pricePerLitre": 6.0606060606060606,
            "bestPricePerLitre": 7.575757575757575,
            "multiBuy": {
                "quantity": 2.0,
                "value": 5.0,
                "perUnit": 2.5
            }
        },
        "store": {
            "id": "38b074c4-0e5a-4bd5-b743-d30f28d94982",
            "name": "New World Metro"
        }
    },
    {
        "productData": {
            "name": "Rockstar Original Energy Drink 500ml",
            "productId": "5215383_ea_000",
            "productShopPage": "https://www.newworld.co.nz/shop/product/5215383_ea_000nw",
            "productImageURL": "https://a.fsimg.co.nz/product/retail/fan/image/master/5215383.png",
            "productDescription": "Buy 3 for $5.00.\n\n\nCaffeine; B vitamins; Vitamin C; Taurine; Ginseng\n\nProduct of New Zealand",
            "volume": "500mL",
            "multipack": {
                "quantity": "1"
            }
        },
        "priceData": {
            "bestPrice": 1.6666666666666667,
            "price": 1.0,
            "pricePerLitre": 2.0,
            "bestPricePerLitre": 3.3333333333333335,
            "multiBuy": {
                "quantity": 3.0,
                "value": 5.0,
                "perUnit": 1.6666666666666667
            }
        },
        "store": {
            "id": "38b074c4-0e5a-4bd5-b743-d30f28d94982",
            "name": "New World Metro"
        }
    },
    {
        "productData": {
            "name": "V Raspberry Lemonade Can 500ml",
            "productId": "5264523_ea_000",
            "productShopPage": "https://www.newworld.co.nz/shop/product/5264523_ea_000nw",
            "productImageURL": "https://a.fsimg.co.nz/product/retail/fan/image/master/5264523.png",
            "productDescription": "Product of New Zealand",
            "volume": "500mL",
            "multipack": {
                "quantity": "1"
            }
        },
        "priceData": {
            "bestPrice": "3.49",
            "price": "3.49",
            "pricePerLitre": 7.0,
            "bestPricePerLitre": 7.0
        },
        "store": {
            "id": "38b074c4-0e5a-4bd5-b743-d30f28d94982",
            "name": "New World Metro"
        }
    },
    {
        "productData": {
            "name": "V Blue Can 4pk",
            "productId": "5030249_ea_000",
            "productShopPage": "https://www.newworld.co.nz/shop/product/5030249_ea_000nw",
            "productImageURL": "https://a.fsimg.co.nz/product/retail/fan/image/master/5030249.png",
            "productDescription": "Limit 12 assorted.\n\n\nContains Wheat Derivatives, Caffeine.\n\nProduct of New Zealand",
            "volume": "250mL",
            "multipack": {
                "quantity": "4"
            }
        },
        "priceData": {
            "bestPrice": "5.99",
            "price": "5.99",
            "pricePerLitre": 5.99,
            "bestPricePerLitre": 5.99
        },
        "store": {
            "id": "38b074c4-0e5a-4bd5-b743-d30f28d94982",
            "name": "New World Metro"
        }
    },
    {
        "productData": {
            "name": "V Energy Drink Sugarfree Cans 4pk",
            "productId": "5004117_ea_000",
            "productShopPage": "https://www.newworld.co.nz/shop/product/5004117_ea_000nw",
            "productImageURL": "https://a.fsimg.co.nz/product/retail/fan/image/master/5004117.png",
            "productDescription": "Limit 12 assorted.\n\n\nSugar Free. Contains Caffeine.\n\nProduct of New Zealand",
            "volume": "250mL",
            "multipack": {
                "quantity": "4"
            }
        },
        "priceData": {
            "bestPrice": "5.99",
            "price": "5.99",
            "pricePerLitre": 5.99,
            "bestPricePerLitre": 5.99
        },
        "store": {
            "id": "38b074c4-0e5a-4bd5-b743-d30f28d94982",
            "name": "New World Metro"
        }
    },
    {
        "productData": {
            "name": "Monster Mango Loco Energy Drink 500ml",
            "productId": "5242374_ea_000",
            "productShopPage": "https://www.newworld.co.nz/shop/product/5242374_ea_000nw",
            "productImageURL": "https://a.fsimg.co.nz/product/retail/fan/image/master/5242374.png",
            "productDescription": "Product of Imported",
            "volume": "500mL",
            "multipack": {
                "quantity": "1"
            }
        },
        "priceData": {
            "bestPrice": "2.99",
            "price": "2.99",
            "pricePerLitre": 6.0,
            "bestPricePerLitre": 6.0
        },
        "store": {
            "id": "38b074c4-0e5a-4bd5-b743-d30f28d94982",
            "name": "New World Metro"
        }
    },
    {
        "productData": {
            "name": "Monster Zero Sugar Ultra Rosa Energy Drink 500ml",
            "productId": "5278094_ea_000",
            "productShopPage": "https://www.newworld.co.nz/shop/product/5278094_ea_000nw",
            "productImageURL": "https://a.fsimg.co.nz/product/retail/fan/image/master/5278094.png",
            "productDescription": "Product of Imported",
            "volume": "500mL",
            "multipack": {
                "quantity": "1"
            }
        },
        "priceData": {
            "bestPrice": "2.99",
            "price": "2.99",
            "pricePerLitre": 6.0,
            "bestPricePerLitre": 6.0
        },
        "store": {
            "id": "38b074c4-0e5a-4bd5-b743-d30f28d94982",
            "name": "New World Metro"
        }
    },
    {
        "productData": {
            "name": "Monster Mule Energy Drink 500ml",
            "productId": "5269459_ea_000",
            "productShopPage": "https://www.newworld.co.nz/shop/product/5269459_ea_000nw",
            "productImageURL": "https://a.fsimg.co.nz/product/retail/fan/image/master/5269459.png",
            "productDescription": "Product of Imported",
            "volume": "500mL",
            "multipack": {
                "quantity": "1"
            }
        },
        "priceData": {
            "bestPrice": "2.99",
            "price": "2.99",
            "pricePerLitre": 6.0,
            "bestPricePerLitre": 6.0
        },
        "store": {
            "id": "38b074c4-0e5a-4bd5-b743-d30f28d94982",
            "name": "New World Metro"
        }
    },
    {
        "productData": {
            "name": "Monster Ultra Paradise Energy Drink 500ml",
            "productId": "5261257_ea_000",
            "productShopPage": "https://www.newworld.co.nz/shop/product/5261257_ea_000nw",
            "productImageURL": "https://a.fsimg.co.nz/product/retail/fan/image/master/5261257.png",
            "productDescription": "Product of Imported",
            "volume": "500mL",
            "multipack": {
                "quantity": "1"
            }
        },
        "priceData": {
            "bestPrice": "2.99",
            "price": "2.99",
            "pricePerLitre": 6.0,
            "bestPricePerLitre": 6.0
        },
        "store": {
            "id": "38b074c4-0e5a-4bd5-b743-d30f28d94982",
            "name": "New World Metro"
        }
    },
    {
        "productData": {
            "name": "V Energy Drink Green Cans 4pk",
            "productId": "5002893_ea_000",
            "productShopPage": "https://www.newworld.co.nz/shop/product/5002893_ea_000nw",
            "productImageURL": "https://a.fsimg.co.nz/product/retail/fan/image/master/5002893.png",
            "productDescription": "Limit 12 assorted.\n\n\nContains Caffeine.\n\nProduct of New Zealand",
            "volume": "250mL",
            "multipack": {
                "quantity": "4"
            }
        },
        "priceData": {
            "bestPrice": "5.99",
            "price": "5.99",
            "pricePerLitre": 5.99,
            "bestPricePerLitre": 5.99
        },
        "store": {
            "id": "38b074c4-0e5a-4bd5-b743-d30f28d94982",
            "name": "New World Metro"
        }
    },
    {
        "productData": {
            "name": "Monster Ultra Zero Drink 500ml",
            "productId": "5090618_ea_000",
            "productShopPage": "https://www.newworld.co.nz/shop/product/5090618_ea_000nw",
            "productImageURL": "https://a.fsimg.co.nz/product/retail/fan/image/master/5090618.png",
            "productDescription": "A little less sweet, lighter-tasting, zero calories, but with a full load of our Monster energy blend. Sure, white is the new black. Monster Energy Zero Ultra. Unleash the Ultra Beast!\n\nProduct of Imported",
            "volume": "500mL",
            "multipack": {
                "quantity": "1"
            }
        },
        "priceData": {
            "bestPrice": "2.99",
            "price": "2.99",
            "pricePerLitre": 6.0,
            "bestPricePerLitre": 6.0
        },
        "store": {
            "id": "38b074c4-0e5a-4bd5-b743-d30f28d94982",
            "name": "New World Metro"
        }
    },
    {
        "productData": {
            "name": "Monster Super Fuel Zero Sugar Energy Drink 550ml",
            "productId": "5284331_ea_000",
            "productShopPage": "https://www.newworld.co.nz/shop/product/5284331_ea_000nw",
            "productImageURL": "https://a.fsimg.co.nz/product/retail/fan/image/master/5284331.png",
            "productDescription": "Product of Imported",
            "volume": "550mL",
            "multipack": {
                "quantity": "1"
            }
        },
        "priceData": {
            "bestPrice": "3.49",
            "price": "3.49",
            "pricePerLitre": 6.345454545454546,
            "bestPricePerLitre": 6.345454545454546
        },
        "store": {
            "id": "38b074c4-0e5a-4bd5-b743-d30f28d94982",
            "name": "New World Metro"
        }
    },
    {
        "productData": {
            "name": "Mother Energy Drink Can 500ml",
            "productId": "5011153_ea_000",
            "productShopPage": "https://www.newworld.co.nz/shop/product/5011153_ea_000nw",
            "productImageURL": "https://a.fsimg.co.nz/product/retail/fan/image/master/5011153.png",
            "productDescription": "Contains Caffeine.\n\nProduct of New Zealand",
            "volume": "500mL",
            "multipack": {
                "quantity": "1"
            }
        },
        "priceData": {
            "bestPrice": "1.99",
            "price": "1.99",
            "pricePerLitre": 4.0,
            "bestPricePerLitre": 4.0
        },
        "store": {
            "id": "38b074c4-0e5a-4bd5-b743-d30f28d94982",
            "name": "New World Metro"
        }
    },
    {
        "productData": {
            "name": "Monster Super Fuel Purple Passion Energy Drink 550ml",
            "productId": "5284332_ea_000",
            "productShopPage": "https://www.newworld.co.nz/shop/product/5284332_ea_000nw",
            "productImageURL": "https://a.fsimg.co.nz/product/retail/fan/image/master/5284332.png",
            "productDescription": "Product of Imported",
            "volume": "550mL",
            "multipack": {
                "quantity": "1"
            }
        },
        "priceData": {
            "bestPrice": "3.49",
            "price": "3.49",
            "pricePerLitre": 6.345454545454546,
            "bestPricePerLitre": 6.345454545454546
        },
        "store": {
            "id": "38b074c4-0e5a-4bd5-b743-d30f28d94982",
            "name": "New World Metro"
        }
    },
    {
        "productData": {
            "name": "Monster Energy Drink 500ml",
            "productId": "5007647_ea_000",
            "productShopPage": "https://www.newworld.co.nz/shop/product/5007647_ea_000nw",
            "productImageURL": "https://a.fsimg.co.nz/product/retail/fan/image/master/5007647.png",
            "productDescription": "Contains Caffeine.\n\nProduct of Imported",
            "volume": "500mL",
            "multipack": {
                "quantity": "1"
            }
        },
        "priceData": {
            "bestPrice": "2.99",
            "price": "2.99",
            "pricePerLitre": 6.0,
            "bestPricePerLitre": 6.0
        },
        "store": {
            "id": "38b074c4-0e5a-4bd5-b743-d30f28d94982",
            "name": "New World Metro"
        }
    },
    {
        "productData": {
            "name": "Monster Ultra Zero Drink 4pk",
            "productId": "5213974_ea_000",
            "productShopPage": "https://www.newworld.co.nz/shop/product/5213974_ea_000nw",
            "productImageURL": "https://a.fsimg.co.nz/product/retail/fan/image/master/5213974.png",
            "productDescription": "Product of Imported",
            "volume": "500mL",
            "multipack": {
                "quantity": "4"
            }
        },
        "priceData": {
            "bestPrice": "13.49",
            "price": "13.49",
            "pricePerLitre": 6.7,
            "bestPricePerLitre": 6.7
        },
        "store": {
            "id": "38b074c4-0e5a-4bd5-b743-d30f28d94982",
            "name": "New World Metro"
        }
    },
    {
        "productData": {
            "name": "V Sugarfree Guarana Energy Drink 4pk",
            "productId": "5210130_ea_000",
            "productShopPage": "https://www.newworld.co.nz/shop/product/5210130_ea_000nw",
            "productImageURL": "https://a.fsimg.co.nz/product/retail/fan/image/master/5210130.png",
            "productDescription": "Sugarfree\n\nProduct of New Zealand",
            "volume": "275mL",
            "multipack": {
                "quantity": "4"
            }
        },
        "priceData": {
            "bestPrice": "10.29",
            "price": "10.29",
            "pricePerLitre": 9.399999999999999,
            "bestPricePerLitre": 9.399999999999999
        },
        "store": {
            "id": "38b074c4-0e5a-4bd5-b743-d30f28d94982",
            "name": "New World Metro"
        }
    },
    {
        "productData": {
            "name": "V Sugarfree Guarana Energy Drink 500ml",
            "productId": "5007644_ea_000",
            "productShopPage": "https://www.newworld.co.nz/shop/product/5007644_ea_000nw",
            "productImageURL": "https://a.fsimg.co.nz/product/retail/fan/image/master/5007644.png",
            "productDescription": "Sugar Free.\n\nProduct of New Zealand",
            "volume": "500mL",
            "multipack": {
                "quantity": "1"
            }
        },
        "priceData": {
            "bestPrice": "3.49",
            "price": "3.49",
            "pricePerLitre": 7.0,
            "bestPricePerLitre": 7.0
        },
        "store": {
            "id": "38b074c4-0e5a-4bd5-b743-d30f28d94982",
            "name": "New World Metro"
        }
    },
    {
        "productData": {
            "name": "V Original Guarana Energy Drink 500ml",
            "productId": "5004703_ea_000",
            "productShopPage": "https://www.newworld.co.nz/shop/product/5004703_ea_000nw",
            "productImageURL": "https://a.fsimg.co.nz/product/retail/fan/image/master/5004703.png",
            "productDescription": "Contains Caffeine.\n\nProduct of New Zealand",
            "volume": "500mL",
            "multipack": {
                "quantity": "1"
            }
        },
        "priceData": {
            "bestPrice": "3.49",
            "price": "3.49",
            "pricePerLitre": 7.0,
            "bestPricePerLitre": 7.0
        },
        "store": {
            "id": "38b074c4-0e5a-4bd5-b743-d30f28d94982",
            "name": "New World Metro"
        }
    },
    {
        "productData": {
            "name": "V Original Guarana Energy Drink 4pk",
            "productId": "5210048_ea_000",
            "productShopPage": "https://www.newworld.co.nz/shop/product/5210048_ea_000nw",
            "productImageURL": "https://a.fsimg.co.nz/product/retail/fan/image/master/5210048.png",
            "productDescription": "Product of New Zealand",
            "volume": "275mL",
            "multipack": {
                "quantity": "4"
            }
        },
        "priceData": {
            "bestPrice": "10.29",
            "price": "10.29",
            "pricePerLitre": 9.399999999999999,
            "bestPricePerLitre": 9.399999999999999
        },
        "store": {
            "id": "38b074c4-0e5a-4bd5-b743-d30f28d94982",
            "name": "New World Metro"
        }
    },
    {
        "productData": {
            "name": "V Green Guarana Energy Drink Cans 10pk",
            "productId": "5210061_ea_000",
            "productShopPage": "https://www.newworld.co.nz/shop/product/5210061_ea_000nw",
            "productImageURL": "https://a.fsimg.co.nz/product/retail/fan/image/master/5210061.png",
            "productDescription": "Product of New Zealand",
            "volume": "200mL",
            "multipack": {
                "quantity": "10"
            }
        },
        "priceData": {
            "bestPrice": "17.19",
            "price": "17.19",
            "pricePerLitre": 8.6,
            "bestPricePerLitre": 8.6
        },
        "store": {
            "id": "38b074c4-0e5a-4bd5-b743-d30f28d94982",
            "name": "New World Metro"
        }
    },
    {
        "productData": {
            "name": "V Original Guarana Energy Drink 500ml",
            "productId": "5007441_ea_000",
            "productShopPage": "https://www.newworld.co.nz/shop/product/5007441_ea_000nw",
            "productImageURL": "https://a.fsimg.co.nz/product/retail/fan/image/master/5007441.png",
            "productDescription": "Buy 2 for $5.00.\n\n\nContains Wheat Derivatives, Caffeine.\n\nProduct of New Zealand",
            "volume": "500mL",
            "multipack": {
                "quantity": "1"
            }
        },
        "priceData": {
            "bestPrice": 2.5,
            "price": 2.0,
            "pricePerLitre": 4.0,
            "bestPricePerLitre": 5.0,
            "multiBuy": {
                "quantity": 2.0,
                "value": 5.0,
                "perUnit": 2.5
            }
        },
        "store": {
            "id": "38b074c4-0e5a-4bd5-b743-d30f28d94982",
            "name": "New World Metro"
        }
    },
    {
        "productData": {
            "name": "V Blue Guarana Energy Drink 10pk",
            "productId": "5290181_ea_000",
            "productShopPage": "https://www.newworld.co.nz/shop/product/5290181_ea_000nw",
            "productImageURL": "https://a.fsimg.co.nz/product/retail/fan/image/master/5290181.png",
            "productDescription": "Product of New Zealand",
            "volume": "250mL",
            "multipack": {
                "quantity": "10"
            }
        },
        "priceData": {
            "bestPrice": "17.99",
            "price": "17.99",
            "pricePerLitre": 7.2,
            "bestPricePerLitre": 7.2
        },
        "store": {
            "id": "471d0657-713c-430a-816f-2ca8448e6b35",
            "name": "New World Aokautere"
        }
    },
    {
        "productData": {
            "name": "V Blue Guarana Energy Drink 250ml",
            "productId": "5007495_ea_000",
            "productShopPage": "https://www.newworld.co.nz/shop/product/5007495_ea_000nw",
            "productImageURL": "https://a.fsimg.co.nz/product/retail/fan/image/master/5007495.png",
            "productDescription": "Contains Caffeine, Wheat Derivatives.\n\nProduct of New Zealand",
            "volume": "250mL",
            "multipack": {
                "quantity": "1"
            }
        },
        "priceData": {
            "bestPrice": "1.99",
            "price": "1.99",
            "pricePerLitre": 8.0,
            "bestPricePerLitre": 8.0
        },
        "store": {
            "id": "471d0657-713c-430a-816f-2ca8448e6b35",
            "name": "New World Aokautere"
        }
    },
    {
        "productData": {
            "name": "V Sugarfree Blue Guarana Energy Drink 4pk",
            "productId": "5289891_ea_000",
            "productShopPage": "https://www.newworld.co.nz/shop/product/5289891_ea_000nw",
            "productImageURL": "https://a.fsimg.co.nz/product/retail/fan/image/master/5289891.png",
            "productDescription": "Limit 12 assorted.\n\n\n\n\nProduct of New Zealand",
            "volume": "250mL",
            "multipack": {
                "quantity": "4"
            }
        },
        "priceData": {
            "bestPrice": "5.99",
            "price": "5.99",
            "pricePerLitre": 5.99,
            "bestPricePerLitre": 5.99
        },
        "store": {
            "id": "471d0657-713c-430a-816f-2ca8448e6b35",
            "name": "New World Aokautere"
        }
    },
    {
        "productData": {
            "name": "V Sugarfree Guarana Energy Drink 250ml",
            "productId": "5001639_ea_000",
            "productShopPage": "https://www.newworld.co.nz/shop/product/5001639_ea_000nw",
            "productImageURL": "https://a.fsimg.co.nz/product/retail/fan/image/master/5001639.png",
            "productDescription": "Sugar Free. Contains Caffeine.\n\nProduct of New Zealand",
            "volume": "250mL",
            "multipack": {
                "quantity": "1"
            }
        },
        "priceData": {
            "bestPrice": "1.99",
            "price": "1.99",
            "pricePerLitre": 8.0,
            "bestPricePerLitre": 8.0
        },
        "store": {
            "id": "471d0657-713c-430a-816f-2ca8448e6b35",
            "name": "New World Aokautere"
        }
    },
    {
        "productData": {
            "name": "V Sugarfree Guarana Energy Drink 10pk",
            "productId": "5289890_ea_000",
            "productShopPage": "https://www.newworld.co.nz/shop/product/5289890_ea_000nw",
            "productImageURL": "https://a.fsimg.co.nz/product/retail/fan/image/master/5289890.png",
            "productDescription": "Product of New Zealand",
            "volume": "",
            "multipack": {
                "quantity": ""
            }
        },
        "priceData": {
            "bestPrice": "17.99",
            "price": "17.99",
            "pricePerLitre": 72.0,
            "bestPricePerLitre": 72.0
        },
        "store": {
            "id": "471d0657-713c-430a-816f-2ca8448e6b35",
            "name": "New World Aokautere"
        }
    },
    {
        "productData": {
            "name": "V Green Guarana Energy Drink 6pk",
            "productId": "5272987_ea_000",
            "productShopPage": "https://www.newworld.co.nz/shop/product/5272987_ea_000nw",
            "productImageURL": "https://a.fsimg.co.nz/product/retail/fan/image/master/5272987.png",
            "productDescription": "Product of New Zealand",
            "volume": "330mL",
            "multipack": {
                "quantity": "6"
            }
        },
        "priceData": {
            "bestPrice": "11.99",
            "price": "11.99",
            "pricePerLitre": 6.05,
            "bestPricePerLitre": 6.05
        },
        "store": {
            "id": "471d0657-713c-430a-816f-2ca8448e6b35",
            "name": "New World Aokautere"
        }
    },
    {
        "productData": {
            "name": "Live Plus Ascend Energy Drink 250ml",
            "productId": "5236675_ea_000",
            "productShopPage": "https://www.newworld.co.nz/shop/product/5236675_ea_000nw",
            "productImageURL": "https://a.fsimg.co.nz/product/retail/fan/image/master/5236675.png",
            "productDescription": "Limit 12 assorted.\n\n\n\n\nProduct of New Zealand",
            "volume": "",
            "multipack": {
                "quantity": ""
            }
        },
        "priceData": {
            "bestPrice": "0.99",
            "price": "0.99"
        },
        "store": {
            "id": "471d0657-713c-430a-816f-2ca8448e6b35",
            "name": "New World Aokautere"
        }
    },
    {
        "productData": {
            "name": "Monster Energy Drink 550ml",
            "productId": "5007646_ea_000",
            "productShopPage": "https://www.newworld.co.nz/shop/product/5007646_ea_000nw",
            "productImageURL": "https://a.fsimg.co.nz/product/retail/fan/image/master/5007646.png",
            "productDescription": "Contains Caffeine.\n\nProduct of Imported",
            "volume": "550mL",
            "multipack": {
                "quantity": "1"
            }
        },
        "priceData": {
            "bestPrice": "3.69",
            "price": "3.69",
            "pricePerLitre": 6.7,
            "bestPricePerLitre": 6.7
        },
        "store": {
            "id": "471d0657-713c-430a-816f-2ca8448e6b35",
            "name": "New World Aokautere"
        }
    },
    {
        "productData": {
            "name": "Live Plus Tart Apple Energy Drink 250ml",
            "productId": "5236676_ea_000",
            "productShopPage": "https://www.newworld.co.nz/shop/product/5236676_ea_000nw",
            "productImageURL": "https://a.fsimg.co.nz/product/retail/fan/image/master/5236676.png",
            "productDescription": "Limit 12 assorted.\n\n\n\n\nProduct of New Zealand",
            "volume": "250mL",
            "multipack": {
                "quantity": "1"
            }
        },
        "priceData": {
            "bestPrice": "0.99",
            "price": "0.99",
            "pricePerLitre": 3.96,
            "bestPricePerLitre": 3.96
        },
        "store": {
            "id": "471d0657-713c-430a-816f-2ca8448e6b35",
            "name": "New World Aokautere"
        }
    },
    {
        "productData": {
            "name": "Live Plus Persist Energy Drink 250ml",
            "productId": "5236678_ea_000",
            "productShopPage": "https://www.newworld.co.nz/shop/product/5236678_ea_000nw",
            "productImageURL": "https://a.fsimg.co.nz/product/retail/fan/image/master/5236678.png",
            "productDescription": "Limit 12 assorted.\n\n\n\n\nProduct of New Zealand",
            "volume": "",
            "multipack": {
                "quantity": ""
            }
        },
        "priceData": {
            "bestPrice": "0.99",
            "price": "0.99"
        },
        "store": {
            "id": "471d0657-713c-430a-816f-2ca8448e6b35",
            "name": "New World Aokautere"
        }
    },
    {
        "productData": {
            "name": "V Green Guarana Energy Drink 10pk",
            "productId": "5289889_ea_000",
            "productShopPage": "https://www.newworld.co.nz/shop/product/5289889_ea_000nw",
            "productImageURL": "https://a.fsimg.co.nz/product/retail/fan/image/master/5289889.png",
            "productDescription": "Product of New Zealand",
            "volume": "250mL",
            "multipack": {
                "quantity": "10"
            }
        },
        "priceData": {
            "bestPrice": "17.99",
            "price": "17.99",
            "pricePerLitre": 7.2,
            "bestPricePerLitre": 7.2
        },
        "store": {
            "id": "471d0657-713c-430a-816f-2ca8448e6b35",
            "name": "New World Aokautere"
        }
    },
    {
        "productData": {
            "name": "V Sugarfree Blue Guarana Energy Drink 500ml",
            "productId": "5283362_ea_000",
            "productShopPage": "https://www.newworld.co.nz/shop/product/5283362_ea_000nw",
            "productImageURL": "https://a.fsimg.co.nz/product/retail/fan/image/master/5283362.png",
            "productDescription": "Sugar free\n\nProduct of New Zealand",
            "volume": "500mL",
            "multipack": {
                "quantity": "1"
            }
        },
        "priceData": {
            "bestPrice": "3.49",
            "price": "3.49",
            "pricePerLitre": 7.0,
            "bestPricePerLitre": 7.0
        },
        "store": {
            "id": "471d0657-713c-430a-816f-2ca8448e6b35",
            "name": "New World Aokautere"
        }
    },
    {
        "productData": {
            "name": "V Original Guarana Energy Drink 350ml",
            "productId": "5003156_ea_000",
            "productShopPage": "https://www.newworld.co.nz/shop/product/5003156_ea_000nw",
            "productImageURL": "https://a.fsimg.co.nz/product/retail/fan/image/master/5003156.png",
            "productDescription": "Buy 2 for $5.00.\n\n\nContains Caffeine.\n\nProduct of New Zealand",
            "volume": "350mL",
            "multipack": {
                "quantity": "1"
            }
        },
        "priceData": {
            "bestPrice": 2.5,
            "price": 2.0,
            "pricePerLitre": 5.714285714285714,
            "bestPricePerLitre": 7.142857142857143,
            "multiBuy": {
                "quantity": 2.0,
                "value": 5.0,
                "perUnit": 2.5
            }
        },
        "store": {
            "id": "471d0657-713c-430a-816f-2ca8448e6b35",
            "name": "New World Aokautere"
        }
    },
    {
        "productData": {
            "name": "V Blue Guarana Energy Drink Cans 10pk",
            "productId": "5228254_ea_000",
            "productShopPage": "https://www.newworld.co.nz/shop/product/5228254_ea_000nw",
            "productImageURL": "https://a.fsimg.co.nz/product/retail/fan/image/master/5228254.png",
            "productDescription": "Product of New Zealand",
            "volume": "200mL",
            "multipack": {
                "quantity": "10"
            }
        },
        "priceData": {
            "bestPrice": "15.29",
            "price": "15.29",
            "pricePerLitre": 7.6450000000000005,
            "bestPricePerLitre": 7.6450000000000005
        },
        "store": {
            "id": "471d0657-713c-430a-816f-2ca8448e6b35",
            "name": "New World Aokautere"
        }
    },
    {
        "productData": {
            "name": "V Blue Guarana Energy Drink 4pk",
            "productId": "5210055_ea_000",
            "productShopPage": "https://www.newworld.co.nz/shop/product/5210055_ea_000nw",
            "productImageURL": "https://a.fsimg.co.nz/product/retail/fan/image/master/5210055.png",
            "productDescription": "Product of New Zealand",
            "volume": "275mL",
            "multipack": {
                "quantity": "4"
            }
        },
        "priceData": {
            "bestPrice": "9.19",
            "price": "9.19",
            "pricePerLitre": 8.4,
            "bestPricePerLitre": 8.4
        },
        "store": {
            "id": "471d0657-713c-430a-816f-2ca8448e6b35",
            "name": "New World Aokautere"
        }
    },
    {
        "productData": {
            "name": "V Blue Guarana Energy Drink 350ml",
            "productId": "5007492_ea_000",
            "productShopPage": "https://www.newworld.co.nz/shop/product/5007492_ea_000nw",
            "productImageURL": "https://a.fsimg.co.nz/product/retail/fan/image/master/5007492.png",
            "productDescription": "Buy 2 for $5.00.\n\n\nContains Caffeine, Wheat Derivatives.\n\nProduct of New Zealand",
            "volume": "350mL",
            "multipack": {
                "quantity": "1"
            }
        },
        "priceData": {
            "bestPrice": 2.5,
            "price": 2.0,
            "pricePerLitre": 5.714285714285714,
            "bestPricePerLitre": 7.142857142857143,
            "multiBuy": {
                "quantity": 2.0,
                "value": 5.0,
                "perUnit": 2.5
            }
        },
        "store": {
            "id": "471d0657-713c-430a-816f-2ca8448e6b35",
            "name": "New World Aokautere"
        }
    },
    {
        "productData": {
            "name": "V Blue Energy Drink 500ml",
            "productId": "5020662_ea_000",
            "productShopPage": "https://www.newworld.co.nz/shop/product/5020662_ea_000nw",
            "productImageURL": "https://a.fsimg.co.nz/product/retail/fan/image/master/5020662.png",
            "productDescription": "Buy 2 for $5.00.\n\n\n\n\nProduct of New Zealand",
            "volume": "500mL",
            "multipack": {
                "quantity": "1"
            }
        },
        "priceData": {
            "bestPrice": 2.5,
            "price": 2.0,
            "pricePerLitre": 4.0,
            "bestPricePerLitre": 5.0,
            "multiBuy": {
                "quantity": 2.0,
                "value": 5.0,
                "perUnit": 2.5
            }
        },
        "store": {
            "id": "471d0657-713c-430a-816f-2ca8448e6b35",
            "name": "New World Aokautere"
        }
    },
    {
        "productData": {
            "name": "V Blue Guarana Energy Drink 500ml",
            "productId": "5007494_ea_000",
            "productShopPage": "https://www.newworld.co.nz/shop/product/5007494_ea_000nw",
            "productImageURL": "https://a.fsimg.co.nz/product/retail/fan/image/master/5007494.png",
            "productDescription": "Contains Wheat Derivatives, Caffeine.\n\nProduct of New Zealand",
            "volume": "500mL",
            "multipack": {
                "quantity": "1"
            }
        },
        "priceData": {
            "bestPrice": "3.49",
            "price": "3.49",
            "pricePerLitre": 7.0,
            "bestPricePerLitre": 7.0
        },
        "store": {
            "id": "471d0657-713c-430a-816f-2ca8448e6b35",
            "name": "New World Aokautere"
        }
    },
    {
        "productData": {
            "name": "Red Bull Energy Drink 473ml",
            "productId": "5005255_ea_000",
            "productShopPage": "https://www.newworld.co.nz/shop/product/5005255_ea_000nw",
            "productImageURL": "https://a.fsimg.co.nz/product/retail/fan/image/master/5005255.png",
            "productDescription": "Red Bull Energy Drink's special formula contains ingredients of high quality: Caffeine, Taurine, B-Group Vitamins, Sugars, Alpine Water.One 250ml can of Red Bull Energy Drinks contains 80 mg of caffeine, about the same amount as in a cup of home-brewed coffee.The amount of sugars in a can of Red Bull Energy Drink is comparable to the level of sugars in an equivalent amount of apple or orange juice – 11 g per 100ml.Red Bull cans are made of 100% recyclable aluminium.Red Bull Energy Drink 473ml canVitalizes Body and Mind.®RED BULL GIVES YOU WINGSInspired by functional drinks from the Far East, Dietrich Mateschitz founded Red Bull in the mid-1980s. He developed a new product and a unique marketing concept and launched Red Bull Energy Drink on April 1, 1987 in Austria. A brand new product category - Energy Drinks - was born.\n\nProduct of Imported",
            "volume": "473mL",
            "multipack": {
                "quantity": "1"
            }
        },
        "priceData": {
            "bestPrice": "3.59",
            "price": "3.59",
            "pricePerLitre": 7.6,
            "bestPricePerLitre": 7.6
        },
        "store": {
            "id": "471d0657-713c-430a-816f-2ca8448e6b35",
            "name": "New World Aokautere"
        }
    },
    {
        "productData": {
            "name": "V Original Guarana Energy Drink 250ml",
            "productId": "5003151_ea_000",
            "productShopPage": "https://www.newworld.co.nz/shop/product/5003151_ea_000nw",
            "productImageURL": "https://a.fsimg.co.nz/product/retail/fan/image/master/5003151.png",
            "productDescription": "Contains Caffeine.\n\nProduct of New Zealand",
            "volume": "250mL",
            "multipack": {
                "quantity": "1"
            }
        },
        "priceData": {
            "bestPrice": "1.99",
            "price": "1.99",
            "pricePerLitre": 8.0,
            "bestPricePerLitre": 8.0
        },
        "store": {
            "id": "471d0657-713c-430a-816f-2ca8448e6b35",
            "name": "New World Aokautere"
        }
    },
    {
        "productData": {
            "name": "Red Bull Energy Drink 250ml Cans 4pk",
            "productId": "5001443_ea_000",
            "productShopPage": "https://www.newworld.co.nz/shop/product/5001443_ea_000nw",
            "productImageURL": "https://a.fsimg.co.nz/product/retail/fan/image/master/5001443.png",
            "productDescription": "Red Bull Energy Drink's special formula contains ingredients of high quality: Caffeine, Taurine, B-Group Vitamins, Sugars, Alpine Water.One 250ml can of Red Bull Energy Drinks contains 80 mg of caffeine, about the same amount as in a cup of home-brewed coffee.The amount of sugars in a can of Red Bull Energy Drink is comparable to the level of sugars in an equivalent amount of apple or orange juice – 11 g per 100ml.Red Bull cans are made of 100% recyclable aluminium.Pack of four 250ml Red Bull Energy Drink cansVitalizes Body and Mind.®RED BULL GIVES YOU WINGSInspired by functional drinks from the Far East, Dietrich Mateschitz founded Red Bull in the mid-1980s. He developed a new product and a unique marketing concept and launched Red Bull Energy Drink on April 1, 1987 in Austria. A brand new product category - Energy Drinks - was born.",
            "volume": "250mL",
            "multipack": {
                "quantity": "4"
            }
        },
        "priceData": {
            "bestPrice": "8.29",
            "price": "8.29",
            "pricePerLitre": 8.299999999999999,
            "bestPricePerLitre": 8.299999999999999
        },
        "store": {
            "id": "471d0657-713c-430a-816f-2ca8448e6b35",
            "name": "New World Aokautere"
        }
    },
    {
        "productData": {
            "name": "Lucozade Orange Energy Drink 380ml",
            "productId": "5009239_ea_000",
            "productShopPage": "https://www.newworld.co.nz/shop/product/5009239_ea_000nw",
            "productImageURL": "https://a.fsimg.co.nz/product/retail/fan/image/master/5009239.png",
            "productDescription": "Powered by Glucose.\n\nProduct of New Zealand",
            "volume": "380mL",
            "multipack": {
                "quantity": "1"
            }
        },
        "priceData": {
            "bestPrice": "2.69",
            "price": "2.69",
            "pricePerLitre": 7.08,
            "bestPricePerLitre": 7.08
        },
        "store": {
            "id": "471d0657-713c-430a-816f-2ca8448e6b35",
            "name": "New World Aokautere"
        }
    },
    {
        "productData": {
            "name": "V Pure Natural Energy Drink Glass Bottle 330ml",
            "productId": "5237753_ea_000",
            "productShopPage": "https://www.newworld.co.nz/shop/product/5237753_ea_000nw",
            "productImageURL": "https://a.fsimg.co.nz/product/retail/fan/image/master/5237753.png",
            "productDescription": "Buy 2 for $5.00.\n\n\nNothing artificial\n\nProduct of New Zealand",
            "volume": "330mL",
            "multipack": {
                "quantity": "1"
            }
        },
        "priceData": {
            "bestPrice": 2.5,
            "price": 2.0,
            "pricePerLitre": 6.0606060606060606,
            "bestPricePerLitre": 7.575757575757575,
            "multiBuy": {
                "quantity": 2.0,
                "value": 5.0,
                "perUnit": 2.5
            }
        },
        "store": {
            "id": "471d0657-713c-430a-816f-2ca8448e6b35",
            "name": "New World Aokautere"
        }
    },
    {
        "productData": {
            "name": "Lucozade Original Energy Drink 380ml",
            "productId": "5009240_ea_000",
            "productShopPage": "https://www.newworld.co.nz/shop/product/5009240_ea_000nw",
            "productImageURL": "https://a.fsimg.co.nz/product/retail/fan/image/master/5009240.png",
            "productDescription": "Energy from Glucose.\n\nProduct of New Zealand",
            "volume": "380mL",
            "multipack": {
                "quantity": "1"
            }
        },
        "priceData": {
            "bestPrice": "2.69",
            "price": "2.69",
            "pricePerLitre": 7.08,
            "bestPricePerLitre": 7.08
        },
        "store": {
            "id": "471d0657-713c-430a-816f-2ca8448e6b35",
            "name": "New World Aokautere"
        }
    },
    {
        "productData": {
            "name": "Rockstar Watermelon Freeze Energy Drink 500ml",
            "productId": "5257298_ea_000",
            "productShopPage": "https://www.newworld.co.nz/shop/product/5257298_ea_000nw",
            "productImageURL": "https://a.fsimg.co.nz/product/retail/fan/image/master/5257298.png",
            "productDescription": "Buy 3 for $5.00.\n\n\n\n\nProduct of New Zealand",
            "volume": "500mL",
            "multipack": {
                "quantity": "1"
            }
        },
        "priceData": {
            "bestPrice": 1.6666666666666667,
            "price": 1.0,
            "pricePerLitre": 2.0,
            "bestPricePerLitre": 3.3333333333333335,
            "multiBuy": {
                "quantity": 3.0,
                "value": 5.0,
                "perUnit": 1.6666666666666667
            }
        },
        "store": {
            "id": "471d0657-713c-430a-816f-2ca8448e6b35",
            "name": "New World Aokautere"
        }
    },
    {
        "productData": {
            "name": "V Pure Natural Energy Drink Can 250ml",
            "productId": "5237735_ea_000",
            "productShopPage": "https://www.newworld.co.nz/shop/product/5237735_ea_000nw",
            "productImageURL": "https://a.fsimg.co.nz/product/retail/fan/image/master/5237735.png",
            "productDescription": "6 natural ingredients; Nothing artificial; Apple juice - Apple and lemon juice is reconstituted; Lemon juice - Apple and lemon juice is reconstituted\n\nProduct of New Zealand",
            "volume": "250mL",
            "multipack": {
                "quantity": "1"
            }
        },
        "priceData": {
            "bestPrice": "1.99",
            "price": "1.99",
            "pricePerLitre": 8.0,
            "bestPricePerLitre": 8.0
        },
        "store": {
            "id": "471d0657-713c-430a-816f-2ca8448e6b35",
            "name": "New World Aokautere"
        }
    },
    {
        "productData": {
            "name": "V Berry Twist Sugar Free Can 500ml",
            "productId": "5254654_ea_000",
            "productShopPage": "https://www.newworld.co.nz/shop/product/5254654_ea_000nw",
            "productImageURL": "https://a.fsimg.co.nz/product/retail/fan/image/master/5254654.png",
            "productDescription": "Sugarfree\n\nProduct of New Zealand",
            "volume": "500mL",
            "multipack": {
                "quantity": "1"
            }
        },
        "priceData": {
            "bestPrice": "3.49",
            "price": "3.49",
            "pricePerLitre": 7.0,
            "bestPricePerLitre": 7.0
        },
        "store": {
            "id": "471d0657-713c-430a-816f-2ca8448e6b35",
            "name": "New World Aokautere"
        }
    },
    {
        "productData": {
            "name": "V Raspberry Lemonade Guarana Energy Drink 4pk",
            "productId": "5289907_ea_000",
            "productShopPage": "https://www.newworld.co.nz/shop/product/5289907_ea_000nw",
            "productImageURL": "https://a.fsimg.co.nz/product/retail/fan/image/master/5289907.png",
            "productDescription": "Limit 12 assorted.\n\n\n\n\nProduct of New Zealand",
            "volume": "250mL",
            "multipack": {
                "quantity": "4"
            }
        },
        "priceData": {
            "bestPrice": "5.99",
            "price": "5.99",
            "pricePerLitre": 5.99,
            "bestPricePerLitre": 5.99
        },
        "store": {
            "id": "471d0657-713c-430a-816f-2ca8448e6b35",
            "name": "New World Aokautere"
        }
    },
    {
        "productData": {
            "name": "V Raspberry Lemonade Can 500ml",
            "productId": "5264523_ea_000",
            "productShopPage": "https://www.newworld.co.nz/shop/product/5264523_ea_000nw",
            "productImageURL": "https://a.fsimg.co.nz/product/retail/fan/image/master/5264523.png",
            "productDescription": "Product of New Zealand",
            "volume": "500mL",
            "multipack": {
                "quantity": "1"
            }
        },
        "priceData": {
            "bestPrice": "3.49",
            "price": "3.49",
            "pricePerLitre": 7.0,
            "bestPricePerLitre": 7.0
        },
        "store": {
            "id": "471d0657-713c-430a-816f-2ca8448e6b35",
            "name": "New World Aokautere"
        }
    },
    {
        "productData": {
            "name": "V Blue Can 4pk",
            "productId": "5030249_ea_000",
            "productShopPage": "https://www.newworld.co.nz/shop/product/5030249_ea_000nw",
            "productImageURL": "https://a.fsimg.co.nz/product/retail/fan/image/master/5030249.png",
            "productDescription": "Limit 12 assorted.\n\n\nContains Wheat Derivatives, Caffeine.\n\nProduct of New Zealand",
            "volume": "250mL",
            "multipack": {
                "quantity": "4"
            }
        },
        "priceData": {
            "bestPrice": "5.99",
            "price": "5.99",
            "pricePerLitre": 5.99,
            "bestPricePerLitre": 5.99
        },
        "store": {
            "id": "471d0657-713c-430a-816f-2ca8448e6b35",
            "name": "New World Aokautere"
        }
    },
    {
        "productData": {
            "name": "Monster Mule Energy Drink 500ml",
            "productId": "5269459_ea_000",
            "productShopPage": "https://www.newworld.co.nz/shop/product/5269459_ea_000nw",
            "productImageURL": "https://a.fsimg.co.nz/product/retail/fan/image/master/5269459.png",
            "productDescription": "Product of Imported",
            "volume": "500mL",
            "multipack": {
                "quantity": "1"
            }
        },
        "priceData": {
            "bestPrice": "2.99",
            "price": "2.99",
            "pricePerLitre": 6.0,
            "bestPricePerLitre": 6.0
        },
        "store": {
            "id": "471d0657-713c-430a-816f-2ca8448e6b35",
            "name": "New World Aokautere"
        }
    },
    {
        "productData": {
            "name": "Monster Ultra Paradise Energy Drink 500ml",
            "productId": "5261257_ea_000",
            "productShopPage": "https://www.newworld.co.nz/shop/product/5261257_ea_000nw",
            "productImageURL": "https://a.fsimg.co.nz/product/retail/fan/image/master/5261257.png",
            "productDescription": "Product of Imported",
            "volume": "500mL",
            "multipack": {
                "quantity": "1"
            }
        },
        "priceData": {
            "bestPrice": "2.99",
            "price": "2.99",
            "pricePerLitre": 6.0,
            "bestPricePerLitre": 6.0
        },
        "store": {
            "id": "471d0657-713c-430a-816f-2ca8448e6b35",
            "name": "New World Aokautere"
        }
    },
    {
        "productData": {
            "name": "V Energy Drink Green Cans 4pk",
            "productId": "5002893_ea_000",
            "productShopPage": "https://www.newworld.co.nz/shop/product/5002893_ea_000nw",
            "productImageURL": "https://a.fsimg.co.nz/product/retail/fan/image/master/5002893.png",
            "productDescription": "Limit 12 assorted.\n\n\nContains Caffeine.\n\nProduct of New Zealand",
            "volume": "250mL",
            "multipack": {
                "quantity": "4"
            }
        },
        "priceData": {
            "bestPrice": "5.99",
            "price": "5.99",
            "pricePerLitre": 5.99,
            "bestPricePerLitre": 5.99
        },
        "store": {
            "id": "471d0657-713c-430a-816f-2ca8448e6b35",
            "name": "New World Aokautere"
        }
    },
    {
        "productData": {
            "name": "Monster Ultra Zero Drink 500ml",
            "productId": "5090618_ea_000",
            "productShopPage": "https://www.newworld.co.nz/shop/product/5090618_ea_000nw",
            "productImageURL": "https://a.fsimg.co.nz/product/retail/fan/image/master/5090618.png",
            "productDescription": "A little less sweet, lighter-tasting, zero calories, but with a full load of our Monster energy blend. Sure, white is the new black. Monster Energy Zero Ultra. Unleash the Ultra Beast!\n\nProduct of Imported",
            "volume": "500mL",
            "multipack": {
                "quantity": "1"
            }
        },
        "priceData": {
            "bestPrice": "2.99",
            "price": "2.99",
            "pricePerLitre": 6.0,
            "bestPricePerLitre": 6.0
        },
        "store": {
            "id": "471d0657-713c-430a-816f-2ca8448e6b35",
            "name": "New World Aokautere"
        }
    },
    {
        "productData": {
            "name": "Mother Energy Drink Can 500ml",
            "productId": "5011153_ea_000",
            "productShopPage": "https://www.newworld.co.nz/shop/product/5011153_ea_000nw",
            "productImageURL": "https://a.fsimg.co.nz/product/retail/fan/image/master/5011153.png",
            "productDescription": "Contains Caffeine.\n\nProduct of New Zealand",
            "volume": "500mL",
            "multipack": {
                "quantity": "1"
            }
        },
        "priceData": {
            "bestPrice": "1.99",
            "price": "1.99",
            "pricePerLitre": 4.0,
            "bestPricePerLitre": 4.0
        },
        "store": {
            "id": "471d0657-713c-430a-816f-2ca8448e6b35",
            "name": "New World Aokautere"
        }
    },
    {
        "productData": {
            "name": "Mother Energy Drink Can 6pk",
            "productId": "5009490_ea_000",
            "productShopPage": "https://www.newworld.co.nz/shop/product/5009490_ea_000nw",
            "productImageURL": "https://a.fsimg.co.nz/product/retail/fan/image/master/5009490.png",
            "productDescription": "Contains Caffeine.\n\nProduct of New Zealand",
            "volume": "250mL",
            "multipack": {
                "quantity": "6"
            }
        },
        "priceData": {
            "bestPrice": "7.49",
            "price": "7.49",
            "pricePerLitre": 5.0,
            "bestPricePerLitre": 5.0
        },
        "store": {
            "id": "471d0657-713c-430a-816f-2ca8448e6b35",
            "name": "New World Aokautere"
        }
    },
    {
        "productData": {
            "name": "Monster Energy Drink 500ml",
            "productId": "5007647_ea_000",
            "productShopPage": "https://www.newworld.co.nz/shop/product/5007647_ea_000nw",
            "productImageURL": "https://a.fsimg.co.nz/product/retail/fan/image/master/5007647.png",
            "productDescription": "Contains Caffeine.\n\nProduct of Imported",
            "volume": "500mL",
            "multipack": {
                "quantity": "1"
            }
        },
        "priceData": {
            "bestPrice": "2.99",
            "price": "2.99",
            "pricePerLitre": 6.0,
            "bestPricePerLitre": 6.0
        },
        "store": {
            "id": "471d0657-713c-430a-816f-2ca8448e6b35",
            "name": "New World Aokautere"
        }
    },
    {
        "productData": {
            "name": "Monster Ultra Zero Drink 4pk",
            "productId": "5213974_ea_000",
            "productShopPage": "https://www.newworld.co.nz/shop/product/5213974_ea_000nw",
            "productImageURL": "https://a.fsimg.co.nz/product/retail/fan/image/master/5213974.png",
            "productDescription": "Product of Imported",
            "volume": "500mL",
            "multipack": {
                "quantity": "4"
            }
        },
        "priceData": {
            "bestPrice": "11.99",
            "price": "11.99",
            "pricePerLitre": 6.0,
            "bestPricePerLitre": 6.0
        },
        "store": {
            "id": "471d0657-713c-430a-816f-2ca8448e6b35",
            "name": "New World Aokautere"
        }
    },
    {
        "productData": {
            "name": "Monster Energy Drink 4pk",
            "productId": "5107264_ea_000",
            "productShopPage": "https://www.newworld.co.nz/shop/product/5107264_ea_000nw",
            "productImageURL": "https://a.fsimg.co.nz/product/retail/fan/image/master/5107264.png",
            "productDescription": "Product of Imported",
            "volume": "",
            "multipack": {
                "quantity": ""
            }
        },
        "priceData": {
            "bestPrice": "11.99",
            "price": "11.99",
            "pricePerLitre": 6.0,
            "bestPricePerLitre": 6.0
        },
        "store": {
            "id": "471d0657-713c-430a-816f-2ca8448e6b35",
            "name": "New World Aokautere"
        }
    },
    {
        "productData": {
            "name": "V Sugarfree Guarana Energy Drink 500ml",
            "productId": "5007644_ea_000",
            "productShopPage": "https://www.newworld.co.nz/shop/product/5007644_ea_000nw",
            "productImageURL": "https://a.fsimg.co.nz/product/retail/fan/image/master/5007644.png",
            "productDescription": "Sugar Free.\n\nProduct of New Zealand",
            "volume": "500mL",
            "multipack": {
                "quantity": "1"
            }
        },
        "priceData": {
            "bestPrice": "3.49",
            "price": "3.49",
            "pricePerLitre": 7.0,
            "bestPricePerLitre": 7.0
        },
        "store": {
            "id": "471d0657-713c-430a-816f-2ca8448e6b35",
            "name": "New World Aokautere"
        }
    },
    {
        "productData": {
            "name": "V Original Guarana Energy Drink 500ml",
            "productId": "5004703_ea_000",
            "productShopPage": "https://www.newworld.co.nz/shop/product/5004703_ea_000nw",
            "productImageURL": "https://a.fsimg.co.nz/product/retail/fan/image/master/5004703.png",
            "productDescription": "Contains Caffeine.\n\nProduct of New Zealand",
            "volume": "500mL",
            "multipack": {
                "quantity": "1"
            }
        },
        "priceData": {
            "bestPrice": "3.49",
            "price": "3.49",
            "pricePerLitre": 7.0,
            "bestPricePerLitre": 7.0
        },
        "store": {
            "id": "471d0657-713c-430a-816f-2ca8448e6b35",
            "name": "New World Aokautere"
        }
    },
    {
        "productData": {
            "name": "V Green Guarana Energy Drink Cans 10pk",
            "productId": "5210061_ea_000",
            "productShopPage": "https://www.newworld.co.nz/shop/product/5210061_ea_000nw",
            "productImageURL": "https://a.fsimg.co.nz/product/retail/fan/image/master/5210061.png",
            "productDescription": "Product of New Zealand",
            "volume": "200mL",
            "multipack": {
                "quantity": "10"
            }
        },
        "priceData": {
            "bestPrice": "15.29",
            "price": "15.29",
            "pricePerLitre": 7.6,
            "bestPricePerLitre": 7.6
        },
        "store": {
            "id": "471d0657-713c-430a-816f-2ca8448e6b35",
            "name": "New World Aokautere"
        }
    },
    {
        "productData": {
            "name": "V Original Guarana Energy Drink 500ml",
            "productId": "5007441_ea_000",
            "productShopPage": "https://www.newworld.co.nz/shop/product/5007441_ea_000nw",
            "productImageURL": "https://a.fsimg.co.nz/product/retail/fan/image/master/5007441.png",
            "productDescription": "Buy 2 for $5.00.\n\n\nContains Wheat Derivatives, Caffeine.\n\nProduct of New Zealand",
            "volume": "500mL",
            "multipack": {
                "quantity": "1"
            }
        },
        "priceData": {
            "bestPrice": 2.5,
            "price": 2.0,
            "pricePerLitre": 4.0,
            "bestPricePerLitre": 5.0,
            "multiBuy": {
                "quantity": 2.0,
                "value": 5.0,
                "perUnit": 2.5
            }
        },
        "store": {
            "id": "471d0657-713c-430a-816f-2ca8448e6b35",
            "name": "New World Aokautere"
        }
    },
    {
        "productData": {
            "name": "V Blue Guarana Energy Drink 250ml",
            "productId": "5007495_ea_000",
            "productShopPage": "https://www.newworld.co.nz/shop/product/5007495_ea_000nw",
            "productImageURL": "https://a.fsimg.co.nz/product/retail/fan/image/master/5007495.png",
            "productDescription": "Contains Caffeine, Wheat Derivatives.\n\nProduct of New Zealand",
            "volume": "250mL",
            "multipack": {
                "quantity": "1"
            }
        },
        "priceData": {
            "bestPrice": "1.99",
            "price": "1.99",
            "pricePerLitre": 8.0,
            "bestPricePerLitre": 8.0
        },
        "store": {
            "id": "99798e55-18bb-4f16-9f3e-425c555111a7",
            "name": "New World Waitara"
        }
    },
    {
        "productData": {
            "name": "V Sugarfree Guarana Energy Drink 250ml",
            "productId": "5001639_ea_000",
            "productShopPage": "https://www.newworld.co.nz/shop/product/5001639_ea_000nw",
            "productImageURL": "https://a.fsimg.co.nz/product/retail/fan/image/master/5001639.png",
            "productDescription": "Sugar Free. Contains Caffeine.\n\nProduct of New Zealand",
            "volume": "250mL",
            "multipack": {
                "quantity": "1"
            }
        },
        "priceData": {
            "bestPrice": "1.99",
            "price": "1.99",
            "pricePerLitre": 8.0,
            "bestPricePerLitre": 8.0
        },
        "store": {
            "id": "99798e55-18bb-4f16-9f3e-425c555111a7",
            "name": "New World Waitara"
        }
    },
    {
        "productData": {
            "name": "Live Plus Tart Apple Energy Drink 250ml",
            "productId": "5236676_ea_000",
            "productShopPage": "https://www.newworld.co.nz/shop/product/5236676_ea_000nw",
            "productImageURL": "https://a.fsimg.co.nz/product/retail/fan/image/master/5236676.png",
            "productDescription": "Limit 12 assorted.\n\n\n\n\nProduct of New Zealand",
            "volume": "250mL",
            "multipack": {
                "quantity": "1"
            }
        },
        "priceData": {
            "bestPrice": "0.99",
            "price": "0.99",
            "pricePerLitre": 3.96,
            "bestPricePerLitre": 3.96
        },
        "store": {
            "id": "99798e55-18bb-4f16-9f3e-425c555111a7",
            "name": "New World Waitara"
        }
    },
    {
        "productData": {
            "name": "Live Plus Persist Energy Drink 250ml",
            "productId": "5236678_ea_000",
            "productShopPage": "https://www.newworld.co.nz/shop/product/5236678_ea_000nw",
            "productImageURL": "https://a.fsimg.co.nz/product/retail/fan/image/master/5236678.png",
            "productDescription": "Limit 12 assorted.\n\n\n\n\nProduct of New Zealand",
            "volume": "",
            "multipack": {
                "quantity": ""
            }
        },
        "priceData": {
            "bestPrice": "0.99",
            "price": "0.99"
        },
        "store": {
            "id": "99798e55-18bb-4f16-9f3e-425c555111a7",
            "name": "New World Waitara"
        }
    },
    {
        "productData": {
            "name": "V Sugarfree Blue Guarana Energy Drink 500ml",
            "productId": "5283362_ea_000",
            "productShopPage": "https://www.newworld.co.nz/shop/product/5283362_ea_000nw",
            "productImageURL": "https://a.fsimg.co.nz/product/retail/fan/image/master/5283362.png",
            "productDescription": "Sugar free\n\nProduct of New Zealand",
            "volume": "500mL",
            "multipack": {
                "quantity": "1"
            }
        },
        "priceData": {
            "bestPrice": "3.49",
            "price": "3.49",
            "pricePerLitre": 7.0,
            "bestPricePerLitre": 7.0
        },
        "store": {
            "id": "99798e55-18bb-4f16-9f3e-425c555111a7",
            "name": "New World Waitara"
        }
    },
    {
        "productData": {
            "name": "V Original Guarana Energy Drink 350ml",
            "productId": "5003156_ea_000",
            "productShopPage": "https://www.newworld.co.nz/shop/product/5003156_ea_000nw",
            "productImageURL": "https://a.fsimg.co.nz/product/retail/fan/image/master/5003156.png",
            "productDescription": "Buy 2 for $5.00.\n\n\nContains Caffeine.\n\nProduct of New Zealand",
            "volume": "350mL",
            "multipack": {
                "quantity": "1"
            }
        },
        "priceData": {
            "bestPrice": 2.5,
            "price": 2.0,
            "pricePerLitre": 5.714285714285714,
            "bestPricePerLitre": 7.142857142857143,
            "multiBuy": {
                "quantity": 2.0,
                "value": 5.0,
                "perUnit": 2.5
            }
        },
        "store": {
            "id": "99798e55-18bb-4f16-9f3e-425c555111a7",
            "name": "New World Waitara"
        }
    },
    {
        "productData": {
            "name": "V Blue Guarana Energy Drink Cans 10pk",
            "productId": "5228254_ea_000",
            "productShopPage": "https://www.newworld.co.nz/shop/product/5228254_ea_000nw",
            "productImageURL": "https://a.fsimg.co.nz/product/retail/fan/image/master/5228254.png",
            "productDescription": "Product of New Zealand",
            "volume": "200mL",
            "multipack": {
                "quantity": "10"
            }
        },
        "priceData": {
            "bestPrice": "15.89",
            "price": "15.89",
            "pricePerLitre": 7.945,
            "bestPricePerLitre": 7.945
        },
        "store": {
            "id": "99798e55-18bb-4f16-9f3e-425c555111a7",
            "name": "New World Waitara"
        }
    },
    {
        "productData": {
            "name": "V Blue Guarana Energy Drink 350ml",
            "productId": "5007492_ea_000",
            "productShopPage": "https://www.newworld.co.nz/shop/product/5007492_ea_000nw",
            "productImageURL": "https://a.fsimg.co.nz/product/retail/fan/image/master/5007492.png",
            "productDescription": "Buy 2 for $5.00.\n\n\nContains Caffeine, Wheat Derivatives.\n\nProduct of New Zealand",
            "volume": "350mL",
            "multipack": {
                "quantity": "1"
            }
        },
        "priceData": {
            "bestPrice": 2.5,
            "price": 2.0,
            "pricePerLitre": 5.714285714285714,
            "bestPricePerLitre": 7.142857142857143,
            "multiBuy": {
                "quantity": 2.0,
                "value": 5.0,
                "perUnit": 2.5
            }
        },
        "store": {
            "id": "99798e55-18bb-4f16-9f3e-425c555111a7",
            "name": "New World Waitara"
        }
    },
    {
        "productData": {
            "name": "V Blue Energy Drink 500ml",
            "productId": "5020662_ea_000",
            "productShopPage": "https://www.newworld.co.nz/shop/product/5020662_ea_000nw",
            "productImageURL": "https://a.fsimg.co.nz/product/retail/fan/image/master/5020662.png",
            "productDescription": "Buy 2 for $5.00.\n\n\n\n\nProduct of New Zealand",
            "volume": "500mL",
            "multipack": {
                "quantity": "1"
            }
        },
        "priceData": {
            "bestPrice": 2.5,
            "price": 2.0,
            "pricePerLitre": 4.0,
            "bestPricePerLitre": 5.0,
            "multiBuy": {
                "quantity": 2.0,
                "value": 5.0,
                "perUnit": 2.5
            }
        },
        "store": {
            "id": "99798e55-18bb-4f16-9f3e-425c555111a7",
            "name": "New World Waitara"
        }
    },
    {
        "productData": {
            "name": "V Blue Guarana Energy Drink 500ml",
            "productId": "5007494_ea_000",
            "productShopPage": "https://www.newworld.co.nz/shop/product/5007494_ea_000nw",
            "productImageURL": "https://a.fsimg.co.nz/product/retail/fan/image/master/5007494.png",
            "productDescription": "Contains Wheat Derivatives, Caffeine.\n\nProduct of New Zealand",
            "volume": "500mL",
            "multipack": {
                "quantity": "1"
            }
        },
        "priceData": {
            "bestPrice": "3.49",
            "price": "3.49",
            "pricePerLitre": 7.0,
            "bestPricePerLitre": 7.0
        },
        "store": {
            "id": "99798e55-18bb-4f16-9f3e-425c555111a7",
            "name": "New World Waitara"
        }
    },
    {
        "productData": {
            "name": "Red Bull Energy Drink 473ml",
            "productId": "5005255_ea_000",
            "productShopPage": "https://www.newworld.co.nz/shop/product/5005255_ea_000nw",
            "productImageURL": "https://a.fsimg.co.nz/product/retail/fan/image/master/5005255.png",
            "productDescription": "Red Bull Energy Drink's special formula contains ingredients of high quality: Caffeine, Taurine, B-Group Vitamins, Sugars, Alpine Water.One 250ml can of Red Bull Energy Drinks contains 80 mg of caffeine, about the same amount as in a cup of home-brewed coffee.The amount of sugars in a can of Red Bull Energy Drink is comparable to the level of sugars in an equivalent amount of apple or orange juice – 11 g per 100ml.Red Bull cans are made of 100% recyclable aluminium.Red Bull Energy Drink 473ml canVitalizes Body and Mind.®RED BULL GIVES YOU WINGSInspired by functional drinks from the Far East, Dietrich Mateschitz founded Red Bull in the mid-1980s. He developed a new product and a unique marketing concept and launched Red Bull Energy Drink on April 1, 1987 in Austria. A brand new product category - Energy Drinks - was born.\n\nProduct of Imported",
            "volume": "473mL",
            "multipack": {
                "quantity": "1"
            }
        },
        "priceData": {
            "bestPrice": "3.79",
            "price": "3.79",
            "pricePerLitre": 8.0,
            "bestPricePerLitre": 8.0
        },
        "store": {
            "id": "99798e55-18bb-4f16-9f3e-425c555111a7",
            "name": "New World Waitara"
        }
    },
    {
        "productData": {
            "name": "V Original Guarana Energy Drink 250ml",
            "productId": "5003151_ea_000",
            "productShopPage": "https://www.newworld.co.nz/shop/product/5003151_ea_000nw",
            "productImageURL": "https://a.fsimg.co.nz/product/retail/fan/image/master/5003151.png",
            "productDescription": "Contains Caffeine.\n\nProduct of New Zealand",
            "volume": "250mL",
            "multipack": {
                "quantity": "1"
            }
        },
        "priceData": {
            "bestPrice": "1.99",
            "price": "1.99",
            "pricePerLitre": 8.0,
            "bestPricePerLitre": 8.0
        },
        "store": {
            "id": "99798e55-18bb-4f16-9f3e-425c555111a7",
            "name": "New World Waitara"
        }
    },
    {
        "productData": {
            "name": "Red Bull Energy Drink 250ml Cans 4pk",
            "productId": "5001443_ea_000",
            "productShopPage": "https://www.newworld.co.nz/shop/product/5001443_ea_000nw",
            "productImageURL": "https://a.fsimg.co.nz/product/retail/fan/image/master/5001443.png",
            "productDescription": "Red Bull Energy Drink's special formula contains ingredients of high quality: Caffeine, Taurine, B-Group Vitamins, Sugars, Alpine Water.One 250ml can of Red Bull Energy Drinks contains 80 mg of caffeine, about the same amount as in a cup of home-brewed coffee.The amount of sugars in a can of Red Bull Energy Drink is comparable to the level of sugars in an equivalent amount of apple or orange juice – 11 g per 100ml.Red Bull cans are made of 100% recyclable aluminium.Pack of four 250ml Red Bull Energy Drink cansVitalizes Body and Mind.®RED BULL GIVES YOU WINGSInspired by functional drinks from the Far East, Dietrich Mateschitz founded Red Bull in the mid-1980s. He developed a new product and a unique marketing concept and launched Red Bull Energy Drink on April 1, 1987 in Austria. A brand new product category - Energy Drinks - was born.",
            "volume": "250mL",
            "multipack": {
                "quantity": "4"
            }
        },
        "priceData": {
            "bestPrice": "8.59",
            "price": "8.59",
            "pricePerLitre": 8.6,
            "bestPricePerLitre": 8.6
        },
        "store": {
            "id": "99798e55-18bb-4f16-9f3e-425c555111a7",
            "name": "New World Waitara"
        }
    },
    {
        "productData": {
            "name": "V Green Guarana Energy Drink 710ml",
            "productId": "5030250_ea_000",
            "productShopPage": "https://www.newworld.co.nz/shop/product/5030250_ea_000nw",
            "productImageURL": "https://a.fsimg.co.nz/product/retail/fan/image/master/5030250.png",
            "productDescription": "Contains Wheat Derivatives\n\nProduct of Imported",
            "volume": "250mL",
            "multipack": {
                "quantity": "3"
            }
        },
        "priceData": {
            "bestPrice": "3.49",
            "price": "3.49",
            "pricePerLitre": 4.9,
            "bestPricePerLitre": 4.9
        },
        "store": {
            "id": "99798e55-18bb-4f16-9f3e-425c555111a7",
            "name": "New World Waitara"
        }
    },
    {
        "productData": {
            "name": "Lucozade Orange Energy Drink 380ml",
            "productId": "5009239_ea_000",
            "productShopPage": "https://www.newworld.co.nz/shop/product/5009239_ea_000nw",
            "productImageURL": "https://a.fsimg.co.nz/product/retail/fan/image/master/5009239.png",
            "productDescription": "Powered by Glucose.\n\nProduct of New Zealand",
            "volume": "380mL",
            "multipack": {
                "quantity": "1"
            }
        },
        "priceData": {
            "bestPrice": "2.69",
            "price": "2.69",
            "pricePerLitre": 7.08,
            "bestPricePerLitre": 7.08
        },
        "store": {
            "id": "99798e55-18bb-4f16-9f3e-425c555111a7",
            "name": "New World Waitara"
        }
    },
    {
        "productData": {
            "name": "Lucozade Original Energy Drink 380ml",
            "productId": "5009240_ea_000",
            "productShopPage": "https://www.newworld.co.nz/shop/product/5009240_ea_000nw",
            "productImageURL": "https://a.fsimg.co.nz/product/retail/fan/image/master/5009240.png",
            "productDescription": "Energy from Glucose.\n\nProduct of New Zealand",
            "volume": "380mL",
            "multipack": {
                "quantity": "1"
            }
        },
        "priceData": {
            "bestPrice": "2.69",
            "price": "2.69",
            "pricePerLitre": 7.08,
            "bestPricePerLitre": 7.08
        },
        "store": {
            "id": "99798e55-18bb-4f16-9f3e-425c555111a7",
            "name": "New World Waitara"
        }
    },
    {
        "productData": {
            "name": "Rockstar Watermelon Freeze Energy Drink 500ml",
            "productId": "5257298_ea_000",
            "productShopPage": "https://www.newworld.co.nz/shop/product/5257298_ea_000nw",
            "productImageURL": "https://a.fsimg.co.nz/product/retail/fan/image/master/5257298.png",
            "productDescription": "Buy 3 for $5.00.\n\n\n\n\nProduct of New Zealand",
            "volume": "500mL",
            "multipack": {
                "quantity": "1"
            }
        },
        "priceData": {
            "bestPrice": 1.6666666666666667,
            "price": 1.0,
            "pricePerLitre": 2.0,
            "bestPricePerLitre": 3.3333333333333335,
            "multiBuy": {
                "quantity": 3.0,
                "value": 5.0,
                "perUnit": 1.6666666666666667
            }
        },
        "store": {
            "id": "99798e55-18bb-4f16-9f3e-425c555111a7",
            "name": "New World Waitara"
        }
    },
    {
        "productData": {
            "name": "V Pure Natural Energy Drink Can 250ml",
            "productId": "5237735_ea_000",
            "productShopPage": "https://www.newworld.co.nz/shop/product/5237735_ea_000nw",
            "productImageURL": "https://a.fsimg.co.nz/product/retail/fan/image/master/5237735.png",
            "productDescription": "6 natural ingredients; Nothing artificial; Apple juice - Apple and lemon juice is reconstituted; Lemon juice - Apple and lemon juice is reconstituted\n\nProduct of New Zealand",
            "volume": "250mL",
            "multipack": {
                "quantity": "1"
            }
        },
        "priceData": {
            "bestPrice": "1.99",
            "price": "1.99",
            "pricePerLitre": 8.0,
            "bestPricePerLitre": 8.0
        },
        "store": {
            "id": "99798e55-18bb-4f16-9f3e-425c555111a7",
            "name": "New World Waitara"
        }
    },
    {
        "productData": {
            "name": "Rockstar Original Energy Drink 500ml",
            "productId": "5215383_ea_000",
            "productShopPage": "https://www.newworld.co.nz/shop/product/5215383_ea_000nw",
            "productImageURL": "https://a.fsimg.co.nz/product/retail/fan/image/master/5215383.png",
            "productDescription": "Buy 3 for $5.00.\n\n\nCaffeine; B vitamins; Vitamin C; Taurine; Ginseng\n\nProduct of New Zealand",
            "volume": "500mL",
            "multipack": {
                "quantity": "1"
            }
        },
        "priceData": {
            "bestPrice": 1.6666666666666667,
            "price": 1.0,
            "pricePerLitre": 2.0,
            "bestPricePerLitre": 3.3333333333333335,
            "multiBuy": {
                "quantity": 3.0,
                "value": 5.0,
                "perUnit": 1.6666666666666667
            }
        },
        "store": {
            "id": "99798e55-18bb-4f16-9f3e-425c555111a7",
            "name": "New World Waitara"
        }
    },
    {
        "productData": {
            "name": "V Raspberry Lemonade Can 500ml",
            "productId": "5264523_ea_000",
            "productShopPage": "https://www.newworld.co.nz/shop/product/5264523_ea_000nw",
            "productImageURL": "https://a.fsimg.co.nz/product/retail/fan/image/master/5264523.png",
            "productDescription": "Product of New Zealand",
            "volume": "500mL",
            "multipack": {
                "quantity": "1"
            }
        },
        "priceData": {
            "bestPrice": "3.49",
            "price": "3.49",
            "pricePerLitre": 7.0,
            "bestPricePerLitre": 7.0
        },
        "store": {
            "id": "99798e55-18bb-4f16-9f3e-425c555111a7",
            "name": "New World Waitara"
        }
    },
    {
        "productData": {
            "name": "V Blue Can 4pk",
            "productId": "5030249_ea_000",
            "productShopPage": "https://www.newworld.co.nz/shop/product/5030249_ea_000nw",
            "productImageURL": "https://a.fsimg.co.nz/product/retail/fan/image/master/5030249.png",
            "productDescription": "Limit 12 assorted.\n\n\nContains Wheat Derivatives, Caffeine.\n\nProduct of New Zealand",
            "volume": "250mL",
            "multipack": {
                "quantity": "4"
            }
        },
        "priceData": {
            "bestPrice": "5.99",
            "price": "5.99",
            "pricePerLitre": 5.99,
            "bestPricePerLitre": 5.99
        },
        "store": {
            "id": "99798e55-18bb-4f16-9f3e-425c555111a7",
            "name": "New World Waitara"
        }
    },
    {
        "productData": {
            "name": "Monster Zero Sugar Ultra Rosa Energy Drink 500ml",
            "productId": "5278094_ea_000",
            "productShopPage": "https://www.newworld.co.nz/shop/product/5278094_ea_000nw",
            "productImageURL": "https://a.fsimg.co.nz/product/retail/fan/image/master/5278094.png",
            "productDescription": "Product of Imported",
            "volume": "500mL",
            "multipack": {
                "quantity": "1"
            }
        },
        "priceData": {
            "bestPrice": "2.99",
            "price": "2.99",
            "pricePerLitre": 6.0,
            "bestPricePerLitre": 6.0
        },
        "store": {
            "id": "99798e55-18bb-4f16-9f3e-425c555111a7",
            "name": "New World Waitara"
        }
    },
    {
        "productData": {
            "name": "Monster Mule Energy Drink 500ml",
            "productId": "5269459_ea_000",
            "productShopPage": "https://www.newworld.co.nz/shop/product/5269459_ea_000nw",
            "productImageURL": "https://a.fsimg.co.nz/product/retail/fan/image/master/5269459.png",
            "productDescription": "Product of Imported",
            "volume": "500mL",
            "multipack": {
                "quantity": "1"
            }
        },
        "priceData": {
            "bestPrice": "2.99",
            "price": "2.99",
            "pricePerLitre": 6.0,
            "bestPricePerLitre": 6.0
        },
        "store": {
            "id": "99798e55-18bb-4f16-9f3e-425c555111a7",
            "name": "New World Waitara"
        }
    },
    {
        "productData": {
            "name": "V Energy Drink Green Cans 4pk",
            "productId": "5002893_ea_000",
            "productShopPage": "https://www.newworld.co.nz/shop/product/5002893_ea_000nw",
            "productImageURL": "https://a.fsimg.co.nz/product/retail/fan/image/master/5002893.png",
            "productDescription": "Limit 12 assorted.\n\n\nContains Caffeine.\n\nProduct of New Zealand",
            "volume": "250mL",
            "multipack": {
                "quantity": "4"
            }
        },
        "priceData": {
            "bestPrice": "5.99",
            "price": "5.99",
            "pricePerLitre": 5.99,
            "bestPricePerLitre": 5.99
        },
        "store": {
            "id": "99798e55-18bb-4f16-9f3e-425c555111a7",
            "name": "New World Waitara"
        }
    },
    {
        "productData": {
            "name": "Monster Ultra Zero Drink 500ml",
            "productId": "5090618_ea_000",
            "productShopPage": "https://www.newworld.co.nz/shop/product/5090618_ea_000nw",
            "productImageURL": "https://a.fsimg.co.nz/product/retail/fan/image/master/5090618.png",
            "productDescription": "A little less sweet, lighter-tasting, zero calories, but with a full load of our Monster energy blend. Sure, white is the new black. Monster Energy Zero Ultra. Unleash the Ultra Beast!\n\nProduct of Imported",
            "volume": "500mL",
            "multipack": {
                "quantity": "1"
            }
        },
        "priceData": {
            "bestPrice": "2.99",
            "price": "2.99",
            "pricePerLitre": 6.0,
            "bestPricePerLitre": 6.0
        },
        "store": {
            "id": "99798e55-18bb-4f16-9f3e-425c555111a7",
            "name": "New World Waitara"
        }
    },
    {
        "productData": {
            "name": "Monster Super Fuel Zero Sugar Energy Drink 550ml",
            "productId": "5284331_ea_000",
            "productShopPage": "https://www.newworld.co.nz/shop/product/5284331_ea_000nw",
            "productImageURL": "https://a.fsimg.co.nz/product/retail/fan/image/master/5284331.png",
            "productDescription": "Product of Imported",
            "volume": "550mL",
            "multipack": {
                "quantity": "1"
            }
        },
        "priceData": {
            "bestPrice": "3.49",
            "price": "3.49",
            "pricePerLitre": 6.345454545454546,
            "bestPricePerLitre": 6.345454545454546
        },
        "store": {
            "id": "99798e55-18bb-4f16-9f3e-425c555111a7",
            "name": "New World Waitara"
        }
    },
    {
        "productData": {
            "name": "Mother Energy Drink Can 500ml",
            "productId": "5011153_ea_000",
            "productShopPage": "https://www.newworld.co.nz/shop/product/5011153_ea_000nw",
            "productImageURL": "https://a.fsimg.co.nz/product/retail/fan/image/master/5011153.png",
            "productDescription": "Contains Caffeine.\n\nProduct of New Zealand",
            "volume": "500mL",
            "multipack": {
                "quantity": "1"
            }
        },
        "priceData": {
            "bestPrice": "1.99",
            "price": "1.99",
            "pricePerLitre": 4.0,
            "bestPricePerLitre": 4.0
        },
        "store": {
            "id": "99798e55-18bb-4f16-9f3e-425c555111a7",
            "name": "New World Waitara"
        }
    },
    {
        "productData": {
            "name": "Monster Super Fuel Purple Passion Energy Drink 550ml",
            "productId": "5284332_ea_000",
            "productShopPage": "https://www.newworld.co.nz/shop/product/5284332_ea_000nw",
            "productImageURL": "https://a.fsimg.co.nz/product/retail/fan/image/master/5284332.png",
            "productDescription": "Product of Imported",
            "volume": "550mL",
            "multipack": {
                "quantity": "1"
            }
        },
        "priceData": {
            "bestPrice": "3.49",
            "price": "3.49",
            "pricePerLitre": 6.345454545454546,
            "bestPricePerLitre": 6.345454545454546
        },
        "store": {
            "id": "99798e55-18bb-4f16-9f3e-425c555111a7",
            "name": "New World Waitara"
        }
    },
    {
        "productData": {
            "name": "Monster Pipeline Punch Energy Drink 500ml",
            "productId": "5242373_ea_000",
            "productShopPage": "https://www.newworld.co.nz/shop/product/5242373_ea_000nw",
            "productImageURL": "https://a.fsimg.co.nz/product/retail/fan/image/master/5242373.png",
            "productDescription": "Product of Imported",
            "volume": "500mL",
            "multipack": {
                "quantity": "1"
            }
        },
        "priceData": {
            "bestPrice": "2.99",
            "price": "2.99",
            "pricePerLitre": 6.0,
            "bestPricePerLitre": 6.0
        },
        "store": {
            "id": "99798e55-18bb-4f16-9f3e-425c555111a7",
            "name": "New World Waitara"
        }
    },
    {
        "productData": {
            "name": "Monster Energy Drink 500ml",
            "productId": "5007647_ea_000",
            "productShopPage": "https://www.newworld.co.nz/shop/product/5007647_ea_000nw",
            "productImageURL": "https://a.fsimg.co.nz/product/retail/fan/image/master/5007647.png",
            "productDescription": "Contains Caffeine.\n\nProduct of Imported",
            "volume": "500mL",
            "multipack": {
                "quantity": "1"
            }
        },
        "priceData": {
            "bestPrice": "2.99",
            "price": "2.99",
            "pricePerLitre": 6.0,
            "bestPricePerLitre": 6.0
        },
        "store": {
            "id": "99798e55-18bb-4f16-9f3e-425c555111a7",
            "name": "New World Waitara"
        }
    },
    {
        "productData": {
            "name": "V Sugarfree Guarana Energy Drink 500ml",
            "productId": "5007644_ea_000",
            "productShopPage": "https://www.newworld.co.nz/shop/product/5007644_ea_000nw",
            "productImageURL": "https://a.fsimg.co.nz/product/retail/fan/image/master/5007644.png",
            "productDescription": "Sugar Free.\n\nProduct of New Zealand",
            "volume": "500mL",
            "multipack": {
                "quantity": "1"
            }
        },
        "priceData": {
            "bestPrice": "3.49",
            "price": "3.49",
            "pricePerLitre": 7.0,
            "bestPricePerLitre": 7.0
        },
        "store": {
            "id": "99798e55-18bb-4f16-9f3e-425c555111a7",
            "name": "New World Waitara"
        }
    },
    {
        "productData": {
            "name": "V Original Guarana Energy Drink 500ml",
            "productId": "5004703_ea_000",
            "productShopPage": "https://www.newworld.co.nz/shop/product/5004703_ea_000nw",
            "productImageURL": "https://a.fsimg.co.nz/product/retail/fan/image/master/5004703.png",
            "productDescription": "Contains Caffeine.\n\nProduct of New Zealand",
            "volume": "500mL",
            "multipack": {
                "quantity": "1"
            }
        },
        "priceData": {
            "bestPrice": "3.49",
            "price": "3.49",
            "pricePerLitre": 7.0,
            "bestPricePerLitre": 7.0
        },
        "store": {
            "id": "99798e55-18bb-4f16-9f3e-425c555111a7",
            "name": "New World Waitara"
        }
    },
    {
        "productData": {
            "name": "V Original Guarana Energy Drink 4pk",
            "productId": "5210048_ea_000",
            "productShopPage": "https://www.newworld.co.nz/shop/product/5210048_ea_000nw",
            "productImageURL": "https://a.fsimg.co.nz/product/retail/fan/image/master/5210048.png",
            "productDescription": "Product of New Zealand",
            "volume": "275mL",
            "multipack": {
                "quantity": "4"
            }
        },
        "priceData": {
            "bestPrice": "9.59",
            "price": "9.59",
            "pricePerLitre": 8.7,
            "bestPricePerLitre": 8.7
        },
        "store": {
            "id": "99798e55-18bb-4f16-9f3e-425c555111a7",
            "name": "New World Waitara"
        }
    },
    {
        "productData": {
            "name": "V Original Guarana Energy Drink 500ml",
            "productId": "5007441_ea_000",
            "productShopPage": "https://www.newworld.co.nz/shop/product/5007441_ea_000nw",
            "productImageURL": "https://a.fsimg.co.nz/product/retail/fan/image/master/5007441.png",
            "productDescription": "Buy 2 for $5.00.\n\n\nContains Wheat Derivatives, Caffeine.\n\nProduct of New Zealand",
            "volume": "500mL",
            "multipack": {
                "quantity": "1"
            }
        },
        "priceData": {
            "bestPrice": 2.5,
            "price": 2.0,
            "pricePerLitre": 4.0,
            "bestPricePerLitre": 5.0,
            "multiBuy": {
                "quantity": 2.0,
                "value": 5.0,
                "perUnit": 2.5
            }
        },
        "store": {
            "id": "99798e55-18bb-4f16-9f3e-425c555111a7",
            "name": "New World Waitara"
        }
    },
    {
        "productData": {
            "name": "V Blue Guarana Energy Drink 250ml",
            "productId": "5007495_ea_000",
            "productShopPage": "https://www.newworld.co.nz/shop/product/5007495_ea_000nw",
            "productImageURL": "https://a.fsimg.co.nz/product/retail/fan/image/master/5007495.png",
            "productDescription": "Contains Caffeine, Wheat Derivatives.\n\nProduct of New Zealand",
            "volume": "250mL",
            "multipack": {
                "quantity": "1"
            }
        },
        "priceData": {
            "bestPrice": "1.99",
            "price": "1.99",
            "pricePerLitre": 8.0,
            "bestPricePerLitre": 8.0
        },
        "store": {
            "id": "bc0ebd13-e131-4efd-a226-415c40ce8c4e",
            "name": "New World Ormiston"
        }
    },
    {
        "productData": {
            "name": "V Guarana Green Energy Drink 4pk",
            "productId": "5254920_ea_000",
            "productShopPage": "https://www.newworld.co.nz/shop/product/5254920_ea_000nw",
            "productImageURL": "https://a.fsimg.co.nz/product/retail/fan/image/master/5254920.png",
            "productDescription": "Product of New Zealand",
            "volume": "300mL",
            "multipack": {
                "quantity": "4"
            }
        },
        "priceData": {
            "bestPrice": "9.99",
            "price": "9.99",
            "pricePerLitre": 8.325,
            "bestPricePerLitre": 8.325
        },
        "store": {
            "id": "bc0ebd13-e131-4efd-a226-415c40ce8c4e",
            "name": "New World Ormiston"
        }
    },
    {
        "productData": {
            "name": "V Sugarfree Guarana Energy Drink 250ml",
            "productId": "5001639_ea_000",
            "productShopPage": "https://www.newworld.co.nz/shop/product/5001639_ea_000nw",
            "productImageURL": "https://a.fsimg.co.nz/product/retail/fan/image/master/5001639.png",
            "productDescription": "Sugar Free. Contains Caffeine.\n\nProduct of New Zealand",
            "volume": "250mL",
            "multipack": {
                "quantity": "1"
            }
        },
        "priceData": {
            "bestPrice": "1.99",
            "price": "1.99",
            "pricePerLitre": 8.0,
            "bestPricePerLitre": 8.0
        },
        "store": {
            "id": "bc0ebd13-e131-4efd-a226-415c40ce8c4e",
            "name": "New World Ormiston"
        }
    },
    {
        "productData": {
            "name": "Live Plus Persist Energy Drink 250ml",
            "productId": "5236678_ea_000",
            "productShopPage": "https://www.newworld.co.nz/shop/product/5236678_ea_000nw",
            "productImageURL": "https://a.fsimg.co.nz/product/retail/fan/image/master/5236678.png",
            "productDescription": "Limit 12 assorted.\n\n\n\n\nProduct of New Zealand",
            "volume": "",
            "multipack": {
                "quantity": ""
            }
        },
        "priceData": {
            "bestPrice": "0.99",
            "price": "0.99"
        },
        "store": {
            "id": "bc0ebd13-e131-4efd-a226-415c40ce8c4e",
            "name": "New World Ormiston"
        }
    },
    {
        "productData": {
            "name": "V Sugarfree Blue Guarana Energy Drink 500ml",
            "productId": "5283362_ea_000",
            "productShopPage": "https://www.newworld.co.nz/shop/product/5283362_ea_000nw",
            "productImageURL": "https://a.fsimg.co.nz/product/retail/fan/image/master/5283362.png",
            "productDescription": "Sugar free\n\nProduct of New Zealand",
            "volume": "500mL",
            "multipack": {
                "quantity": "1"
            }
        },
        "priceData": {
            "bestPrice": "3.49",
            "price": "3.49",
            "pricePerLitre": 7.0,
            "bestPricePerLitre": 7.0
        },
        "store": {
            "id": "bc0ebd13-e131-4efd-a226-415c40ce8c4e",
            "name": "New World Ormiston"
        }
    },
    {
        "productData": {
            "name": "V Original Guarana Energy Drink 350ml",
            "productId": "5003156_ea_000",
            "productShopPage": "https://www.newworld.co.nz/shop/product/5003156_ea_000nw",
            "productImageURL": "https://a.fsimg.co.nz/product/retail/fan/image/master/5003156.png",
            "productDescription": "Buy 2 for $5.00.\n\n\nContains Caffeine.\n\nProduct of New Zealand",
            "volume": "350mL",
            "multipack": {
                "quantity": "1"
            }
        },
        "priceData": {
            "bestPrice": 2.5,
            "price": 2.0,
            "pricePerLitre": 5.714285714285714,
            "bestPricePerLitre": 7.142857142857143,
            "multiBuy": {
                "quantity": 2.0,
                "value": 5.0,
                "perUnit": 2.5
            }
        },
        "store": {
            "id": "bc0ebd13-e131-4efd-a226-415c40ce8c4e",
            "name": "New World Ormiston"
        }
    },
    {
        "productData": {
            "name": "V Blue Guarana Energy Drink 350ml",
            "productId": "5007492_ea_000",
            "productShopPage": "https://www.newworld.co.nz/shop/product/5007492_ea_000nw",
            "productImageURL": "https://a.fsimg.co.nz/product/retail/fan/image/master/5007492.png",
            "productDescription": "Buy 2 for $5.00.\n\n\nContains Caffeine, Wheat Derivatives.\n\nProduct of New Zealand",
            "volume": "350mL",
            "multipack": {
                "quantity": "1"
            }
        },
        "priceData": {
            "bestPrice": 2.5,
            "price": 2.0,
            "pricePerLitre": 5.714285714285714,
            "bestPricePerLitre": 7.142857142857143,
            "multiBuy": {
                "quantity": 2.0,
                "value": 5.0,
                "perUnit": 2.5
            }
        },
        "store": {
            "id": "bc0ebd13-e131-4efd-a226-415c40ce8c4e",
            "name": "New World Ormiston"
        }
    },
    {
        "productData": {
            "name": "V Blue Energy Drink 500ml",
            "productId": "5020662_ea_000",
            "productShopPage": "https://www.newworld.co.nz/shop/product/5020662_ea_000nw",
            "productImageURL": "https://a.fsimg.co.nz/product/retail/fan/image/master/5020662.png",
            "productDescription": "Buy 2 for $5.00.\n\n\n\n\nProduct of New Zealand",
            "volume": "500mL",
            "multipack": {
                "quantity": "1"
            }
        },
        "priceData": {
            "bestPrice": 2.5,
            "price": 2.0,
            "pricePerLitre": 4.0,
            "bestPricePerLitre": 5.0,
            "multiBuy": {
                "quantity": 2.0,
                "value": 5.0,
                "perUnit": 2.5
            }
        },
        "store": {
            "id": "bc0ebd13-e131-4efd-a226-415c40ce8c4e",
            "name": "New World Ormiston"
        }
    },
    {
        "productData": {
            "name": "V Blue Guarana Energy Drink 500ml",
            "productId": "5007494_ea_000",
            "productShopPage": "https://www.newworld.co.nz/shop/product/5007494_ea_000nw",
            "productImageURL": "https://a.fsimg.co.nz/product/retail/fan/image/master/5007494.png",
            "productDescription": "Contains Wheat Derivatives, Caffeine.\n\nProduct of New Zealand",
            "volume": "500mL",
            "multipack": {
                "quantity": "1"
            }
        },
        "priceData": {
            "bestPrice": "3.49",
            "price": "3.49",
            "pricePerLitre": 7.0,
            "bestPricePerLitre": 7.0
        },
        "store": {
            "id": "bc0ebd13-e131-4efd-a226-415c40ce8c4e",
            "name": "New World Ormiston"
        }
    },
    {
        "productData": {
            "name": "Red Bull Energy Drink 473ml",
            "productId": "5005255_ea_000",
            "productShopPage": "https://www.newworld.co.nz/shop/product/5005255_ea_000nw",
            "productImageURL": "https://a.fsimg.co.nz/product/retail/fan/image/master/5005255.png",
            "productDescription": "Red Bull Energy Drink's special formula contains ingredients of high quality: Caffeine, Taurine, B-Group Vitamins, Sugars, Alpine Water.One 250ml can of Red Bull Energy Drinks contains 80 mg of caffeine, about the same amount as in a cup of home-brewed coffee.The amount of sugars in a can of Red Bull Energy Drink is comparable to the level of sugars in an equivalent amount of apple or orange juice – 11 g per 100ml.Red Bull cans are made of 100% recyclable aluminium.Red Bull Energy Drink 473ml canVitalizes Body and Mind.®RED BULL GIVES YOU WINGSInspired by functional drinks from the Far East, Dietrich Mateschitz founded Red Bull in the mid-1980s. He developed a new product and a unique marketing concept and launched Red Bull Energy Drink on April 1, 1987 in Austria. A brand new product category - Energy Drinks - was born.\n\nProduct of Imported",
            "volume": "473mL",
            "multipack": {
                "quantity": "1"
            }
        },
        "priceData": {
            "bestPrice": "3.59",
            "price": "3.59",
            "pricePerLitre": 7.6,
            "bestPricePerLitre": 7.6
        },
        "store": {
            "id": "bc0ebd13-e131-4efd-a226-415c40ce8c4e",
            "name": "New World Ormiston"
        }
    },
    {
        "productData": {
            "name": "V Original Guarana Energy Drink 250ml",
            "productId": "5003151_ea_000",
            "productShopPage": "https://www.newworld.co.nz/shop/product/5003151_ea_000nw",
            "productImageURL": "https://a.fsimg.co.nz/product/retail/fan/image/master/5003151.png",
            "productDescription": "Contains Caffeine.\n\nProduct of New Zealand",
            "volume": "250mL",
            "multipack": {
                "quantity": "1"
            }
        },
        "priceData": {
            "bestPrice": "1.99",
            "price": "1.99",
            "pricePerLitre": 8.0,
            "bestPricePerLitre": 8.0
        },
        "store": {
            "id": "bc0ebd13-e131-4efd-a226-415c40ce8c4e",
            "name": "New World Ormiston"
        }
    },
    {
        "productData": {
            "name": "Red Bull Energy Drink 250ml Cans 4pk",
            "productId": "5001443_ea_000",
            "productShopPage": "https://www.newworld.co.nz/shop/product/5001443_ea_000nw",
            "productImageURL": "https://a.fsimg.co.nz/product/retail/fan/image/master/5001443.png",
            "productDescription": "Red Bull Energy Drink's special formula contains ingredients of high quality: Caffeine, Taurine, B-Group Vitamins, Sugars, Alpine Water.One 250ml can of Red Bull Energy Drinks contains 80 mg of caffeine, about the same amount as in a cup of home-brewed coffee.The amount of sugars in a can of Red Bull Energy Drink is comparable to the level of sugars in an equivalent amount of apple or orange juice – 11 g per 100ml.Red Bull cans are made of 100% recyclable aluminium.Pack of four 250ml Red Bull Energy Drink cansVitalizes Body and Mind.®RED BULL GIVES YOU WINGSInspired by functional drinks from the Far East, Dietrich Mateschitz founded Red Bull in the mid-1980s. He developed a new product and a unique marketing concept and launched Red Bull Energy Drink on April 1, 1987 in Austria. A brand new product category - Energy Drinks - was born.",
            "volume": "250mL",
            "multipack": {
                "quantity": "4"
            }
        },
        "priceData": {
            "bestPrice": "8.29",
            "price": "8.29",
            "pricePerLitre": 8.299999999999999,
            "bestPricePerLitre": 8.299999999999999
        },
        "store": {
            "id": "bc0ebd13-e131-4efd-a226-415c40ce8c4e",
            "name": "New World Ormiston"
        }
    },
    {
        "productData": {
            "name": "Lucozade Orange Energy Drink 380ml",
            "productId": "5009239_ea_000",
            "productShopPage": "https://www.newworld.co.nz/shop/product/5009239_ea_000nw",
            "productImageURL": "https://a.fsimg.co.nz/product/retail/fan/image/master/5009239.png",
            "productDescription": "Powered by Glucose.\n\nProduct of New Zealand",
            "volume": "380mL",
            "multipack": {
                "quantity": "1"
            }
        },
        "priceData": {
            "bestPrice": "2.69",
            "price": "2.69",
            "pricePerLitre": 7.08,
            "bestPricePerLitre": 7.08
        },
        "store": {
            "id": "bc0ebd13-e131-4efd-a226-415c40ce8c4e",
            "name": "New World Ormiston"
        }
    },
    {
        "productData": {
            "name": "V Pure Natural Energy Drink Glass Bottle 330ml",
            "productId": "5237753_ea_000",
            "productShopPage": "https://www.newworld.co.nz/shop/product/5237753_ea_000nw",
            "productImageURL": "https://a.fsimg.co.nz/product/retail/fan/image/master/5237753.png",
            "productDescription": "Buy 2 for $5.00.\n\n\nNothing artificial\n\nProduct of New Zealand",
            "volume": "330mL",
            "multipack": {
                "quantity": "1"
            }
        },
        "priceData": {
            "bestPrice": 2.5,
            "price": 2.0,
            "pricePerLitre": 6.0606060606060606,
            "bestPricePerLitre": 7.575757575757575,
            "multiBuy": {
                "quantity": 2.0,
                "value": 5.0,
                "perUnit": 2.5
            }
        },
        "store": {
            "id": "bc0ebd13-e131-4efd-a226-415c40ce8c4e",
            "name": "New World Ormiston"
        }
    },
    {
        "productData": {
            "name": "Lucozade Original Energy Drink 380ml",
            "productId": "5009240_ea_000",
            "productShopPage": "https://www.newworld.co.nz/shop/product/5009240_ea_000nw",
            "productImageURL": "https://a.fsimg.co.nz/product/retail/fan/image/master/5009240.png",
            "productDescription": "Energy from Glucose.\n\nProduct of New Zealand",
            "volume": "380mL",
            "multipack": {
                "quantity": "1"
            }
        },
        "priceData": {
            "bestPrice": "2.69",
            "price": "2.69",
            "pricePerLitre": 7.08,
            "bestPricePerLitre": 7.08
        },
        "store": {
            "id": "bc0ebd13-e131-4efd-a226-415c40ce8c4e",
            "name": "New World Ormiston"
        }
    },
    {
        "productData": {
            "name": "V Pure Natural Energy Drink Can 250ml",
            "productId": "5237735_ea_000",
            "productShopPage": "https://www.newworld.co.nz/shop/product/5237735_ea_000nw",
            "productImageURL": "https://a.fsimg.co.nz/product/retail/fan/image/master/5237735.png",
            "productDescription": "6 natural ingredients; Nothing artificial; Apple juice - Apple and lemon juice is reconstituted; Lemon juice - Apple and lemon juice is reconstituted\n\nProduct of New Zealand",
            "volume": "250mL",
            "multipack": {
                "quantity": "1"
            }
        },
        "priceData": {
            "bestPrice": "1.99",
            "price": "1.99",
            "pricePerLitre": 8.0,
            "bestPricePerLitre": 8.0
        },
        "store": {
            "id": "bc0ebd13-e131-4efd-a226-415c40ce8c4e",
            "name": "New World Ormiston"
        }
    },
    {
        "productData": {
            "name": "V Berry Twist Sugar Free Can 500ml",
            "productId": "5254654_ea_000",
            "productShopPage": "https://www.newworld.co.nz/shop/product/5254654_ea_000nw",
            "productImageURL": "https://a.fsimg.co.nz/product/retail/fan/image/master/5254654.png",
            "productDescription": "Sugarfree\n\nProduct of New Zealand",
            "volume": "500mL",
            "multipack": {
                "quantity": "1"
            }
        },
        "priceData": {
            "bestPrice": "3.49",
            "price": "3.49",
            "pricePerLitre": 7.0,
            "bestPricePerLitre": 7.0
        },
        "store": {
            "id": "bc0ebd13-e131-4efd-a226-415c40ce8c4e",
            "name": "New World Ormiston"
        }
    },
    {
        "productData": {
            "name": "V Raspberry Lemonade Can 500ml",
            "productId": "5264523_ea_000",
            "productShopPage": "https://www.newworld.co.nz/shop/product/5264523_ea_000nw",
            "productImageURL": "https://a.fsimg.co.nz/product/retail/fan/image/master/5264523.png",
            "productDescription": "Product of New Zealand",
            "volume": "500mL",
            "multipack": {
                "quantity": "1"
            }
        },
        "priceData": {
            "bestPrice": "3.49",
            "price": "3.49",
            "pricePerLitre": 7.0,
            "bestPricePerLitre": 7.0
        },
        "store": {
            "id": "bc0ebd13-e131-4efd-a226-415c40ce8c4e",
            "name": "New World Ormiston"
        }
    },
    {
        "productData": {
            "name": "V Blue Can 4pk",
            "productId": "5030249_ea_000",
            "productShopPage": "https://www.newworld.co.nz/shop/product/5030249_ea_000nw",
            "productImageURL": "https://a.fsimg.co.nz/product/retail/fan/image/master/5030249.png",
            "productDescription": "Limit 12 assorted.\n\n\nContains Wheat Derivatives, Caffeine.\n\nProduct of New Zealand",
            "volume": "250mL",
            "multipack": {
                "quantity": "4"
            }
        },
        "priceData": {
            "bestPrice": "5.99",
            "price": "5.99",
            "pricePerLitre": 5.99,
            "bestPricePerLitre": 5.99
        },
        "store": {
            "id": "bc0ebd13-e131-4efd-a226-415c40ce8c4e",
            "name": "New World Ormiston"
        }
    },
    {
        "productData": {
            "name": "V Energy Drink Sugarfree Cans 4pk",
            "productId": "5004117_ea_000",
            "productShopPage": "https://www.newworld.co.nz/shop/product/5004117_ea_000nw",
            "productImageURL": "https://a.fsimg.co.nz/product/retail/fan/image/master/5004117.png",
            "productDescription": "Limit 12 assorted.\n\n\nSugar Free. Contains Caffeine.\n\nProduct of New Zealand",
            "volume": "250mL",
            "multipack": {
                "quantity": "4"
            }
        },
        "priceData": {
            "bestPrice": "5.99",
            "price": "5.99",
            "pricePerLitre": 5.99,
            "bestPricePerLitre": 5.99
        },
        "store": {
            "id": "bc0ebd13-e131-4efd-a226-415c40ce8c4e",
            "name": "New World Ormiston"
        }
    },
    {
        "productData": {
            "name": "Monster Mule Energy Drink 500ml",
            "productId": "5269459_ea_000",
            "productShopPage": "https://www.newworld.co.nz/shop/product/5269459_ea_000nw",
            "productImageURL": "https://a.fsimg.co.nz/product/retail/fan/image/master/5269459.png",
            "productDescription": "Product of Imported",
            "volume": "500mL",
            "multipack": {
                "quantity": "1"
            }
        },
        "priceData": {
            "bestPrice": "2.99",
            "price": "2.99",
            "pricePerLitre": 6.0,
            "bestPricePerLitre": 6.0
        },
        "store": {
            "id": "bc0ebd13-e131-4efd-a226-415c40ce8c4e",
            "name": "New World Ormiston"
        }
    },
    {
        "productData": {
            "name": "Monster Ultra Paradise Energy Drink 500ml",
            "productId": "5261257_ea_000",
            "productShopPage": "https://www.newworld.co.nz/shop/product/5261257_ea_000nw",
            "productImageURL": "https://a.fsimg.co.nz/product/retail/fan/image/master/5261257.png",
            "productDescription": "Product of Imported",
            "volume": "500mL",
            "multipack": {
                "quantity": "1"
            }
        },
        "priceData": {
            "bestPrice": "2.99",
            "price": "2.99",
            "pricePerLitre": 6.0,
            "bestPricePerLitre": 6.0
        },
        "store": {
            "id": "bc0ebd13-e131-4efd-a226-415c40ce8c4e",
            "name": "New World Ormiston"
        }
    },
    {
        "productData": {
            "name": "V Energy Drink Green Cans 4pk",
            "productId": "5002893_ea_000",
            "productShopPage": "https://www.newworld.co.nz/shop/product/5002893_ea_000nw",
            "productImageURL": "https://a.fsimg.co.nz/product/retail/fan/image/master/5002893.png",
            "productDescription": "Limit 12 assorted.\n\n\nContains Caffeine.\n\nProduct of New Zealand",
            "volume": "250mL",
            "multipack": {
                "quantity": "4"
            }
        },
        "priceData": {
            "bestPrice": "5.99",
            "price": "5.99",
            "pricePerLitre": 5.99,
            "bestPricePerLitre": 5.99
        },
        "store": {
            "id": "bc0ebd13-e131-4efd-a226-415c40ce8c4e",
            "name": "New World Ormiston"
        }
    },
    {
        "productData": {
            "name": "Monster Ultra Zero Drink 500ml",
            "productId": "5090618_ea_000",
            "productShopPage": "https://www.newworld.co.nz/shop/product/5090618_ea_000nw",
            "productImageURL": "https://a.fsimg.co.nz/product/retail/fan/image/master/5090618.png",
            "productDescription": "A little less sweet, lighter-tasting, zero calories, but with a full load of our Monster energy blend. Sure, white is the new black. Monster Energy Zero Ultra. Unleash the Ultra Beast!\n\nProduct of Imported",
            "volume": "500mL",
            "multipack": {
                "quantity": "1"
            }
        },
        "priceData": {
            "bestPrice": "2.99",
            "price": "2.99",
            "pricePerLitre": 6.0,
            "bestPricePerLitre": 6.0
        },
        "store": {
            "id": "bc0ebd13-e131-4efd-a226-415c40ce8c4e",
            "name": "New World Ormiston"
        }
    },
    {
        "productData": {
            "name": "Monster Super Fuel Zero Sugar Energy Drink 550ml",
            "productId": "5284331_ea_000",
            "productShopPage": "https://www.newworld.co.nz/shop/product/5284331_ea_000nw",
            "productImageURL": "https://a.fsimg.co.nz/product/retail/fan/image/master/5284331.png",
            "productDescription": "Product of Imported",
            "volume": "550mL",
            "multipack": {
                "quantity": "1"
            }
        },
        "priceData": {
            "bestPrice": "3.49",
            "price": "3.49",
            "pricePerLitre": 6.345454545454546,
            "bestPricePerLitre": 6.345454545454546
        },
        "store": {
            "id": "bc0ebd13-e131-4efd-a226-415c40ce8c4e",
            "name": "New World Ormiston"
        }
    },
    {
        "productData": {
            "name": "Mother Energy Drink Can 500ml",
            "productId": "5011153_ea_000",
            "productShopPage": "https://www.newworld.co.nz/shop/product/5011153_ea_000nw",
            "productImageURL": "https://a.fsimg.co.nz/product/retail/fan/image/master/5011153.png",
            "productDescription": "Contains Caffeine.\n\nProduct of New Zealand",
            "volume": "500mL",
            "multipack": {
                "quantity": "1"
            }
        },
        "priceData": {
            "bestPrice": "1.99",
            "price": "1.99",
            "pricePerLitre": 4.0,
            "bestPricePerLitre": 4.0
        },
        "store": {
            "id": "bc0ebd13-e131-4efd-a226-415c40ce8c4e",
            "name": "New World Ormiston"
        }
    },
    {
        "productData": {
            "name": "Monster Super Fuel Purple Passion Energy Drink 550ml",
            "productId": "5284332_ea_000",
            "productShopPage": "https://www.newworld.co.nz/shop/product/5284332_ea_000nw",
            "productImageURL": "https://a.fsimg.co.nz/product/retail/fan/image/master/5284332.png",
            "productDescription": "Product of Imported",
            "volume": "550mL",
            "multipack": {
                "quantity": "1"
            }
        },
        "priceData": {
            "bestPrice": "3.49",
            "price": "3.49",
            "pricePerLitre": 6.345454545454546,
            "bestPricePerLitre": 6.345454545454546
        },
        "store": {
            "id": "bc0ebd13-e131-4efd-a226-415c40ce8c4e",
            "name": "New World Ormiston"
        }
    },
    {
        "productData": {
            "name": "Mother Energy Drink Can 6pk",
            "productId": "5009490_ea_000",
            "productShopPage": "https://www.newworld.co.nz/shop/product/5009490_ea_000nw",
            "productImageURL": "https://a.fsimg.co.nz/product/retail/fan/image/master/5009490.png",
            "productDescription": "Contains Caffeine.\n\nProduct of New Zealand",
            "volume": "250mL",
            "multipack": {
                "quantity": "6"
            }
        },
        "priceData": {
            "bestPrice": "7.49",
            "price": "7.49",
            "pricePerLitre": 5.0,
            "bestPricePerLitre": 5.0
        },
        "store": {
            "id": "bc0ebd13-e131-4efd-a226-415c40ce8c4e",
            "name": "New World Ormiston"
        }
    },
    {
        "productData": {
            "name": "Monster Pipeline Punch Energy Drink 500ml",
            "productId": "5242373_ea_000",
            "productShopPage": "https://www.newworld.co.nz/shop/product/5242373_ea_000nw",
            "productImageURL": "https://a.fsimg.co.nz/product/retail/fan/image/master/5242373.png",
            "productDescription": "Product of Imported",
            "volume": "500mL",
            "multipack": {
                "quantity": "1"
            }
        },
        "priceData": {
            "bestPrice": "2.99",
            "price": "2.99",
            "pricePerLitre": 6.0,
            "bestPricePerLitre": 6.0
        },
        "store": {
            "id": "bc0ebd13-e131-4efd-a226-415c40ce8c4e",
            "name": "New World Ormiston"
        }
    },
    {
        "productData": {
            "name": "Monster Energy Drink 500ml",
            "productId": "5007647_ea_000",
            "productShopPage": "https://www.newworld.co.nz/shop/product/5007647_ea_000nw",
            "productImageURL": "https://a.fsimg.co.nz/product/retail/fan/image/master/5007647.png",
            "productDescription": "Contains Caffeine.\n\nProduct of Imported",
            "volume": "500mL",
            "multipack": {
                "quantity": "1"
            }
        },
        "priceData": {
            "bestPrice": "2.99",
            "price": "2.99",
            "pricePerLitre": 6.0,
            "bestPricePerLitre": 6.0
        },
        "store": {
            "id": "bc0ebd13-e131-4efd-a226-415c40ce8c4e",
            "name": "New World Ormiston"
        }
    },
    {
        "productData": {
            "name": "V Sugarfree Guarana Energy Drink 500ml",
            "productId": "5007644_ea_000",
            "productShopPage": "https://www.newworld.co.nz/shop/product/5007644_ea_000nw",
            "productImageURL": "https://a.fsimg.co.nz/product/retail/fan/image/master/5007644.png",
            "productDescription": "Sugar Free.\n\nProduct of New Zealand",
            "volume": "500mL",
            "multipack": {
                "quantity": "1"
            }
        },
        "priceData": {
            "bestPrice": "3.49",
            "price": "3.49",
            "pricePerLitre": 7.0,
            "bestPricePerLitre": 7.0
        },
        "store": {
            "id": "bc0ebd13-e131-4efd-a226-415c40ce8c4e",
            "name": "New World Ormiston"
        }
    },
    {
        "productData": {
            "name": "V Original Guarana Energy Drink 500ml",
            "productId": "5004703_ea_000",
            "productShopPage": "https://www.newworld.co.nz/shop/product/5004703_ea_000nw",
            "productImageURL": "https://a.fsimg.co.nz/product/retail/fan/image/master/5004703.png",
            "productDescription": "Contains Caffeine.\n\nProduct of New Zealand",
            "volume": "500mL",
            "multipack": {
                "quantity": "1"
            }
        },
        "priceData": {
            "bestPrice": "3.49",
            "price": "3.49",
            "pricePerLitre": 7.0,
            "bestPricePerLitre": 7.0
        },
        "store": {
            "id": "bc0ebd13-e131-4efd-a226-415c40ce8c4e",
            "name": "New World Ormiston"
        }
    },
    {
        "productData": {
            "name": "V Original Guarana Energy Drink 500ml",
            "productId": "5007441_ea_000",
            "productShopPage": "https://www.newworld.co.nz/shop/product/5007441_ea_000nw",
            "productImageURL": "https://a.fsimg.co.nz/product/retail/fan/image/master/5007441.png",
            "productDescription": "Buy 2 for $5.00.\n\n\nContains Wheat Derivatives, Caffeine.\n\nProduct of New Zealand",
            "volume": "500mL",
            "multipack": {
                "quantity": "1"
            }
        },
        "priceData": {
            "bestPrice": 2.5,
            "price": 2.0,
            "pricePerLitre": 4.0,
            "bestPricePerLitre": 5.0,
            "multiBuy": {
                "quantity": 2.0,
                "value": 5.0,
                "perUnit": 2.5
            }
        },
        "store": {
            "id": "bc0ebd13-e131-4efd-a226-415c40ce8c4e",
            "name": "New World Ormiston"
        }
    },
    {
        "productData": {
            "name": "V Blue Guarana Energy Drink 10pk",
            "productId": "5290181_ea_000",
            "productShopPage": "https://www.newworld.co.nz/shop/product/5290181_ea_000nw",
            "productImageURL": "https://a.fsimg.co.nz/product/retail/fan/image/master/5290181.png",
            "productDescription": "Product of New Zealand",
            "volume": "250mL",
            "multipack": {
                "quantity": "10"
            }
        },
        "priceData": {
            "bestPrice": "17.99",
            "price": "17.99",
            "pricePerLitre": 7.2,
            "bestPricePerLitre": 7.2
        },
        "store": {
            "id": "412c5dcf-142c-4133-b766-7bd21c30ae01",
            "name": "New World Whitianga"
        }
    },
    {
        "productData": {
            "name": "V Blue Guarana Energy Drink 250ml",
            "productId": "5007495_ea_000",
            "productShopPage": "https://www.newworld.co.nz/shop/product/5007495_ea_000nw",
            "productImageURL": "https://a.fsimg.co.nz/product/retail/fan/image/master/5007495.png",
            "productDescription": "Contains Caffeine, Wheat Derivatives.\n\nProduct of New Zealand",
            "volume": "250mL",
            "multipack": {
                "quantity": "1"
            }
        },
        "priceData": {
            "bestPrice": "1.99",
            "price": "1.99",
            "pricePerLitre": 8.0,
            "bestPricePerLitre": 8.0
        },
        "store": {
            "id": "412c5dcf-142c-4133-b766-7bd21c30ae01",
            "name": "New World Whitianga"
        }
    },
    {
        "productData": {
            "name": "V Sugarfree Blue Guarana Energy Drink 4pk",
            "productId": "5289891_ea_000",
            "productShopPage": "https://www.newworld.co.nz/shop/product/5289891_ea_000nw",
            "productImageURL": "https://a.fsimg.co.nz/product/retail/fan/image/master/5289891.png",
            "productDescription": "Limit 12 assorted.\n\n\n\n\nProduct of New Zealand",
            "volume": "250mL",
            "multipack": {
                "quantity": "4"
            }
        },
        "priceData": {
            "bestPrice": "5.99",
            "price": "5.99",
            "pricePerLitre": 5.99,
            "bestPricePerLitre": 5.99
        },
        "store": {
            "id": "412c5dcf-142c-4133-b766-7bd21c30ae01",
            "name": "New World Whitianga"
        }
    },
    {
        "productData": {
            "name": "V Sugarfree Guarana Energy Drink 250ml",
            "productId": "5001639_ea_000",
            "productShopPage": "https://www.newworld.co.nz/shop/product/5001639_ea_000nw",
            "productImageURL": "https://a.fsimg.co.nz/product/retail/fan/image/master/5001639.png",
            "productDescription": "Sugar Free. Contains Caffeine.\n\nProduct of New Zealand",
            "volume": "250mL",
            "multipack": {
                "quantity": "1"
            }
        },
        "priceData": {
            "bestPrice": "1.99",
            "price": "1.99",
            "pricePerLitre": 8.0,
            "bestPricePerLitre": 8.0
        },
        "store": {
            "id": "412c5dcf-142c-4133-b766-7bd21c30ae01",
            "name": "New World Whitianga"
        }
    },
    {
        "productData": {
            "name": "V Sugarfree Guarana Energy Drink 10pk",
            "productId": "5289890_ea_000",
            "productShopPage": "https://www.newworld.co.nz/shop/product/5289890_ea_000nw",
            "productImageURL": "https://a.fsimg.co.nz/product/retail/fan/image/master/5289890.png",
            "productDescription": "Product of New Zealand",
            "volume": "",
            "multipack": {
                "quantity": ""
            }
        },
        "priceData": {
            "bestPrice": "17.99",
            "price": "17.99",
            "pricePerLitre": 72.0,
            "bestPricePerLitre": 72.0
        },
        "store": {
            "id": "412c5dcf-142c-4133-b766-7bd21c30ae01",
            "name": "New World Whitianga"
        }
    },
    {
        "productData": {
            "name": "V Green Guarana Energy Drink 6pk",
            "productId": "5272987_ea_000",
            "productShopPage": "https://www.newworld.co.nz/shop/product/5272987_ea_000nw",
            "productImageURL": "https://a.fsimg.co.nz/product/retail/fan/image/master/5272987.png",
            "productDescription": "Product of New Zealand",
            "volume": "330mL",
            "multipack": {
                "quantity": "6"
            }
        },
        "priceData": {
            "bestPrice": "11.99",
            "price": "11.99",
            "pricePerLitre": 6.05,
            "bestPricePerLitre": 6.05
        },
        "store": {
            "id": "412c5dcf-142c-4133-b766-7bd21c30ae01",
            "name": "New World Whitianga"
        }
    },
    {
        "productData": {
            "name": "Live Plus Persist Energy Drink 250ml",
            "productId": "5236678_ea_000",
            "productShopPage": "https://www.newworld.co.nz/shop/product/5236678_ea_000nw",
            "productImageURL": "https://a.fsimg.co.nz/product/retail/fan/image/master/5236678.png",
            "productDescription": "Limit 12 assorted.\n\n\n\n\nProduct of New Zealand",
            "volume": "",
            "multipack": {
                "quantity": ""
            }
        },
        "priceData": {
            "bestPrice": "0.99",
            "price": "0.99"
        },
        "store": {
            "id": "412c5dcf-142c-4133-b766-7bd21c30ae01",
            "name": "New World Whitianga"
        }
    },
    {
        "productData": {
            "name": "V Green Guarana Energy Drink 10pk",
            "productId": "5289889_ea_000",
            "productShopPage": "https://www.newworld.co.nz/shop/product/5289889_ea_000nw",
            "productImageURL": "https://a.fsimg.co.nz/product/retail/fan/image/master/5289889.png",
            "productDescription": "Product of New Zealand",
            "volume": "250mL",
            "multipack": {
                "quantity": "10"
            }
        },
        "priceData": {
            "bestPrice": "17.99",
            "price": "17.99",
            "pricePerLitre": 7.2,
            "bestPricePerLitre": 7.2
        },
        "store": {
            "id": "412c5dcf-142c-4133-b766-7bd21c30ae01",
            "name": "New World Whitianga"
        }
    },
    {
        "productData": {
            "name": "V Sugarfree Blue Guarana Energy Drink 500ml",
            "productId": "5283362_ea_000",
            "productShopPage": "https://www.newworld.co.nz/shop/product/5283362_ea_000nw",
            "productImageURL": "https://a.fsimg.co.nz/product/retail/fan/image/master/5283362.png",
            "productDescription": "Sugar free\n\nProduct of New Zealand",
            "volume": "500mL",
            "multipack": {
                "quantity": "1"
            }
        },
        "priceData": {
            "bestPrice": "3.49",
            "price": "3.49",
            "pricePerLitre": 7.0,
            "bestPricePerLitre": 7.0
        },
        "store": {
            "id": "412c5dcf-142c-4133-b766-7bd21c30ae01",
            "name": "New World Whitianga"
        }
    },
    {
        "productData": {
            "name": "V Original Guarana Energy Drink 350ml",
            "productId": "5003156_ea_000",
            "productShopPage": "https://www.newworld.co.nz/shop/product/5003156_ea_000nw",
            "productImageURL": "https://a.fsimg.co.nz/product/retail/fan/image/master/5003156.png",
            "productDescription": "Buy 2 for $5.00.\n\n\nContains Caffeine.\n\nProduct of New Zealand",
            "volume": "350mL",
            "multipack": {
                "quantity": "1"
            }
        },
        "priceData": {
            "bestPrice": 2.5,
            "price": 2.0,
            "pricePerLitre": 5.714285714285714,
            "bestPricePerLitre": 7.142857142857143,
            "multiBuy": {
                "quantity": 2.0,
                "value": 5.0,
                "perUnit": 2.5
            }
        },
        "store": {
            "id": "412c5dcf-142c-4133-b766-7bd21c30ae01",
            "name": "New World Whitianga"
        }
    },
    {
        "productData": {
            "name": "V Blue Guarana Energy Drink 350ml",
            "productId": "5007492_ea_000",
            "productShopPage": "https://www.newworld.co.nz/shop/product/5007492_ea_000nw",
            "productImageURL": "https://a.fsimg.co.nz/product/retail/fan/image/master/5007492.png",
            "productDescription": "Buy 2 for $5.00.\n\n\nContains Caffeine, Wheat Derivatives.\n\nProduct of New Zealand",
            "volume": "350mL",
            "multipack": {
                "quantity": "1"
            }
        },
        "priceData": {
            "bestPrice": 2.5,
            "price": 2.0,
            "pricePerLitre": 5.714285714285714,
            "bestPricePerLitre": 7.142857142857143,
            "multiBuy": {
                "quantity": 2.0,
                "value": 5.0,
                "perUnit": 2.5
            }
        },
        "store": {
            "id": "412c5dcf-142c-4133-b766-7bd21c30ae01",
            "name": "New World Whitianga"
        }
    },
    {
        "productData": {
            "name": "V Blue Energy Drink 500ml",
            "productId": "5020662_ea_000",
            "productShopPage": "https://www.newworld.co.nz/shop/product/5020662_ea_000nw",
            "productImageURL": "https://a.fsimg.co.nz/product/retail/fan/image/master/5020662.png",
            "productDescription": "Buy 2 for $5.00.\n\n\n\n\nProduct of New Zealand",
            "volume": "500mL",
            "multipack": {
                "quantity": "1"
            }
        },
        "priceData": {
            "bestPrice": 2.5,
            "price": 2.0,
            "pricePerLitre": 4.0,
            "bestPricePerLitre": 5.0,
            "multiBuy": {
                "quantity": 2.0,
                "value": 5.0,
                "perUnit": 2.5
            }
        },
        "store": {
            "id": "412c5dcf-142c-4133-b766-7bd21c30ae01",
            "name": "New World Whitianga"
        }
    },
    {
        "productData": {
            "name": "V Blue Guarana Energy Drink 500ml",
            "productId": "5007494_ea_000",
            "productShopPage": "https://www.newworld.co.nz/shop/product/5007494_ea_000nw",
            "productImageURL": "https://a.fsimg.co.nz/product/retail/fan/image/master/5007494.png",
            "productDescription": "Contains Wheat Derivatives, Caffeine.\n\nProduct of New Zealand",
            "volume": "500mL",
            "multipack": {
                "quantity": "1"
            }
        },
        "priceData": {
            "bestPrice": "3.49",
            "price": "3.49",
            "pricePerLitre": 7.0,
            "bestPricePerLitre": 7.0
        },
        "store": {
            "id": "412c5dcf-142c-4133-b766-7bd21c30ae01",
            "name": "New World Whitianga"
        }
    },
    {
        "productData": {
            "name": "Red Bull Energy Drink 473ml",
            "productId": "5005255_ea_000",
            "productShopPage": "https://www.newworld.co.nz/shop/product/5005255_ea_000nw",
            "productImageURL": "https://a.fsimg.co.nz/product/retail/fan/image/master/5005255.png",
            "productDescription": "Red Bull Energy Drink's special formula contains ingredients of high quality: Caffeine, Taurine, B-Group Vitamins, Sugars, Alpine Water.One 250ml can of Red Bull Energy Drinks contains 80 mg of caffeine, about the same amount as in a cup of home-brewed coffee.The amount of sugars in a can of Red Bull Energy Drink is comparable to the level of sugars in an equivalent amount of apple or orange juice – 11 g per 100ml.Red Bull cans are made of 100% recyclable aluminium.Red Bull Energy Drink 473ml canVitalizes Body and Mind.®RED BULL GIVES YOU WINGSInspired by functional drinks from the Far East, Dietrich Mateschitz founded Red Bull in the mid-1980s. He developed a new product and a unique marketing concept and launched Red Bull Energy Drink on April 1, 1987 in Austria. A brand new product category - Energy Drinks - was born.\n\nProduct of Imported",
            "volume": "473mL",
            "multipack": {
                "quantity": "1"
            }
        },
        "priceData": {
            "bestPrice": "3.79",
            "price": "3.79",
            "pricePerLitre": 8.0,
            "bestPricePerLitre": 8.0
        },
        "store": {
            "id": "412c5dcf-142c-4133-b766-7bd21c30ae01",
            "name": "New World Whitianga"
        }
    },
    {
        "productData": {
            "name": "V Original Guarana Energy Drink 250ml",
            "productId": "5003151_ea_000",
            "productShopPage": "https://www.newworld.co.nz/shop/product/5003151_ea_000nw",
            "productImageURL": "https://a.fsimg.co.nz/product/retail/fan/image/master/5003151.png",
            "productDescription": "Contains Caffeine.\n\nProduct of New Zealand",
            "volume": "250mL",
            "multipack": {
                "quantity": "1"
            }
        },
        "priceData": {
            "bestPrice": "1.99",
            "price": "1.99",
            "pricePerLitre": 8.0,
            "bestPricePerLitre": 8.0
        },
        "store": {
            "id": "412c5dcf-142c-4133-b766-7bd21c30ae01",
            "name": "New World Whitianga"
        }
    },
    {
        "productData": {
            "name": "Red Bull Energy Drink 250ml Cans 4pk",
            "productId": "5001443_ea_000",
            "productShopPage": "https://www.newworld.co.nz/shop/product/5001443_ea_000nw",
            "productImageURL": "https://a.fsimg.co.nz/product/retail/fan/image/master/5001443.png",
            "productDescription": "Red Bull Energy Drink's special formula contains ingredients of high quality: Caffeine, Taurine, B-Group Vitamins, Sugars, Alpine Water.One 250ml can of Red Bull Energy Drinks contains 80 mg of caffeine, about the same amount as in a cup of home-brewed coffee.The amount of sugars in a can of Red Bull Energy Drink is comparable to the level of sugars in an equivalent amount of apple or orange juice – 11 g per 100ml.Red Bull cans are made of 100% recyclable aluminium.Pack of four 250ml Red Bull Energy Drink cansVitalizes Body and Mind.®RED BULL GIVES YOU WINGSInspired by functional drinks from the Far East, Dietrich Mateschitz founded Red Bull in the mid-1980s. He developed a new product and a unique marketing concept and launched Red Bull Energy Drink on April 1, 1987 in Austria. A brand new product category - Energy Drinks - was born.",
            "volume": "250mL",
            "multipack": {
                "quantity": "4"
            }
        },
        "priceData": {
            "bestPrice": "8.59",
            "price": "8.59",
            "pricePerLitre": 8.6,
            "bestPricePerLitre": 8.6
        },
        "store": {
            "id": "412c5dcf-142c-4133-b766-7bd21c30ae01",
            "name": "New World Whitianga"
        }
    },
    {
        "productData": {
            "name": "Lucozade Orange Energy Drink 380ml",
            "productId": "5009239_ea_000",
            "productShopPage": "https://www.newworld.co.nz/shop/product/5009239_ea_000nw",
            "productImageURL": "https://a.fsimg.co.nz/product/retail/fan/image/master/5009239.png",
            "productDescription": "Powered by Glucose.\n\nProduct of New Zealand",
            "volume": "380mL",
            "multipack": {
                "quantity": "1"
            }
        },
        "priceData": {
            "bestPrice": "2.69",
            "price": "2.69",
            "pricePerLitre": 7.08,
            "bestPricePerLitre": 7.08
        },
        "store": {
            "id": "412c5dcf-142c-4133-b766-7bd21c30ae01",
            "name": "New World Whitianga"
        }
    },
    {
        "productData": {
            "name": "Lucozade Original Energy Drink 380ml",
            "productId": "5009240_ea_000",
            "productShopPage": "https://www.newworld.co.nz/shop/product/5009240_ea_000nw",
            "productImageURL": "https://a.fsimg.co.nz/product/retail/fan/image/master/5009240.png",
            "productDescription": "Energy from Glucose.\n\nProduct of New Zealand",
            "volume": "380mL",
            "multipack": {
                "quantity": "1"
            }
        },
        "priceData": {
            "bestPrice": "2.69",
            "price": "2.69",
            "pricePerLitre": 7.08,
            "bestPricePerLitre": 7.08
        },
        "store": {
            "id": "412c5dcf-142c-4133-b766-7bd21c30ae01",
            "name": "New World Whitianga"
        }
    },
    {
        "productData": {
            "name": "Rockstar Original Energy Drink 500ml",
            "productId": "5215383_ea_000",
            "productShopPage": "https://www.newworld.co.nz/shop/product/5215383_ea_000nw",
            "productImageURL": "https://a.fsimg.co.nz/product/retail/fan/image/master/5215383.png",
            "productDescription": "Buy 3 for $5.00.\n\n\nCaffeine; B vitamins; Vitamin C; Taurine; Ginseng\n\nProduct of New Zealand",
            "volume": "500mL",
            "multipack": {
                "quantity": "1"
            }
        },
        "priceData": {
            "bestPrice": 1.6666666666666667,
            "price": 1.0,
            "pricePerLitre": 2.0,
            "bestPricePerLitre": 3.3333333333333335,
            "multiBuy": {
                "quantity": 3.0,
                "value": 5.0,
                "perUnit": 1.6666666666666667
            }
        },
        "store": {
            "id": "412c5dcf-142c-4133-b766-7bd21c30ae01",
            "name": "New World Whitianga"
        }
    },
    {
        "productData": {
            "name": "V Berry Twist Sugar Free Can 500ml",
            "productId": "5254654_ea_000",
            "productShopPage": "https://www.newworld.co.nz/shop/product/5254654_ea_000nw",
            "productImageURL": "https://a.fsimg.co.nz/product/retail/fan/image/master/5254654.png",
            "productDescription": "Sugarfree\n\nProduct of New Zealand",
            "volume": "500mL",
            "multipack": {
                "quantity": "1"
            }
        },
        "priceData": {
            "bestPrice": "3.49",
            "price": "3.49",
            "pricePerLitre": 7.0,
            "bestPricePerLitre": 7.0
        },
        "store": {
            "id": "412c5dcf-142c-4133-b766-7bd21c30ae01",
            "name": "New World Whitianga"
        }
    },
    {
        "productData": {
            "name": "V Raspberry Lemonade Guarana Energy Drink 4pk",
            "productId": "5289907_ea_000",
            "productShopPage": "https://www.newworld.co.nz/shop/product/5289907_ea_000nw",
            "productImageURL": "https://a.fsimg.co.nz/product/retail/fan/image/master/5289907.png",
            "productDescription": "Limit 12 assorted.\n\n\n\n\nProduct of New Zealand",
            "volume": "250mL",
            "multipack": {
                "quantity": "4"
            }
        },
        "priceData": {
            "bestPrice": "5.99",
            "price": "5.99",
            "pricePerLitre": 5.99,
            "bestPricePerLitre": 5.99
        },
        "store": {
            "id": "412c5dcf-142c-4133-b766-7bd21c30ae01",
            "name": "New World Whitianga"
        }
    },
    {
        "productData": {
            "name": "V Raspberry Lemonade Can 500ml",
            "productId": "5264523_ea_000",
            "productShopPage": "https://www.newworld.co.nz/shop/product/5264523_ea_000nw",
            "productImageURL": "https://a.fsimg.co.nz/product/retail/fan/image/master/5264523.png",
            "productDescription": "Product of New Zealand",
            "volume": "500mL",
            "multipack": {
                "quantity": "1"
            }
        },
        "priceData": {
            "bestPrice": "3.49",
            "price": "3.49",
            "pricePerLitre": 7.0,
            "bestPricePerLitre": 7.0
        },
        "store": {
            "id": "412c5dcf-142c-4133-b766-7bd21c30ae01",
            "name": "New World Whitianga"
        }
    },
    {
        "productData": {
            "name": "V Blue Can 4pk",
            "productId": "5030249_ea_000",
            "productShopPage": "https://www.newworld.co.nz/shop/product/5030249_ea_000nw",
            "productImageURL": "https://a.fsimg.co.nz/product/retail/fan/image/master/5030249.png",
            "productDescription": "Limit 12 assorted.\n\n\nContains Wheat Derivatives, Caffeine.\n\nProduct of New Zealand",
            "volume": "250mL",
            "multipack": {
                "quantity": "4"
            }
        },
        "priceData": {
            "bestPrice": "5.99",
            "price": "5.99",
            "pricePerLitre": 5.99,
            "bestPricePerLitre": 5.99
        },
        "store": {
            "id": "412c5dcf-142c-4133-b766-7bd21c30ae01",
            "name": "New World Whitianga"
        }
    },
    {
        "productData": {
            "name": "V Energy Drink Sugarfree Cans 4pk",
            "productId": "5004117_ea_000",
            "productShopPage": "https://www.newworld.co.nz/shop/product/5004117_ea_000nw",
            "productImageURL": "https://a.fsimg.co.nz/product/retail/fan/image/master/5004117.png",
            "productDescription": "Limit 12 assorted.\n\n\nSugar Free. Contains Caffeine.\n\nProduct of New Zealand",
            "volume": "250mL",
            "multipack": {
                "quantity": "4"
            }
        },
        "priceData": {
            "bestPrice": "5.99",
            "price": "5.99",
            "pricePerLitre": 5.99,
            "bestPricePerLitre": 5.99
        },
        "store": {
            "id": "412c5dcf-142c-4133-b766-7bd21c30ae01",
            "name": "New World Whitianga"
        }
    },
    {
        "productData": {
            "name": "Monster Zero Sugar Ultra Rosa Energy Drink 500ml",
            "productId": "5278094_ea_000",
            "productShopPage": "https://www.newworld.co.nz/shop/product/5278094_ea_000nw",
            "productImageURL": "https://a.fsimg.co.nz/product/retail/fan/image/master/5278094.png",
            "productDescription": "Product of Imported",
            "volume": "500mL",
            "multipack": {
                "quantity": "1"
            }
        },
        "priceData": {
            "bestPrice": "2.99",
            "price": "2.99",
            "pricePerLitre": 6.0,
            "bestPricePerLitre": 6.0
        },
        "store": {
            "id": "412c5dcf-142c-4133-b766-7bd21c30ae01",
            "name": "New World Whitianga"
        }
    },
    {
        "productData": {
            "name": "Monster Mule Energy Drink 500ml",
            "productId": "5269459_ea_000",
            "productShopPage": "https://www.newworld.co.nz/shop/product/5269459_ea_000nw",
            "productImageURL": "https://a.fsimg.co.nz/product/retail/fan/image/master/5269459.png",
            "productDescription": "Product of Imported",
            "volume": "500mL",
            "multipack": {
                "quantity": "1"
            }
        },
        "priceData": {
            "bestPrice": "2.99",
            "price": "2.99",
            "pricePerLitre": 6.0,
            "bestPricePerLitre": 6.0
        },
        "store": {
            "id": "412c5dcf-142c-4133-b766-7bd21c30ae01",
            "name": "New World Whitianga"
        }
    },
    {
        "productData": {
            "name": "V Energy Drink Green Cans 4pk",
            "productId": "5002893_ea_000",
            "productShopPage": "https://www.newworld.co.nz/shop/product/5002893_ea_000nw",
            "productImageURL": "https://a.fsimg.co.nz/product/retail/fan/image/master/5002893.png",
            "productDescription": "Limit 12 assorted.\n\n\nContains Caffeine.\n\nProduct of New Zealand",
            "volume": "250mL",
            "multipack": {
                "quantity": "4"
            }
        },
        "priceData": {
            "bestPrice": "5.99",
            "price": "5.99",
            "pricePerLitre": 5.99,
            "bestPricePerLitre": 5.99
        },
        "store": {
            "id": "412c5dcf-142c-4133-b766-7bd21c30ae01",
            "name": "New World Whitianga"
        }
    },
    {
        "productData": {
            "name": "Monster Ultra Zero Drink 500ml",
            "productId": "5090618_ea_000",
            "productShopPage": "https://www.newworld.co.nz/shop/product/5090618_ea_000nw",
            "productImageURL": "https://a.fsimg.co.nz/product/retail/fan/image/master/5090618.png",
            "productDescription": "A little less sweet, lighter-tasting, zero calories, but with a full load of our Monster energy blend. Sure, white is the new black. Monster Energy Zero Ultra. Unleash the Ultra Beast!\n\nProduct of Imported",
            "volume": "500mL",
            "multipack": {
                "quantity": "1"
            }
        },
        "priceData": {
            "bestPrice": "2.99",
            "price": "2.99",
            "pricePerLitre": 6.0,
            "bestPricePerLitre": 6.0
        },
        "store": {
            "id": "412c5dcf-142c-4133-b766-7bd21c30ae01",
            "name": "New World Whitianga"
        }
    },
    {
        "productData": {
            "name": "Monster Super Fuel Zero Sugar Energy Drink 550ml",
            "productId": "5284331_ea_000",
            "productShopPage": "https://www.newworld.co.nz/shop/product/5284331_ea_000nw",
            "productImageURL": "https://a.fsimg.co.nz/product/retail/fan/image/master/5284331.png",
            "productDescription": "Product of Imported",
            "volume": "550mL",
            "multipack": {
                "quantity": "1"
            }
        },
        "priceData": {
            "bestPrice": "3.49",
            "price": "3.49",
            "pricePerLitre": 6.345454545454546,
            "bestPricePerLitre": 6.345454545454546
        },
        "store": {
            "id": "412c5dcf-142c-4133-b766-7bd21c30ae01",
            "name": "New World Whitianga"
        }
    },
    {
        "productData": {
            "name": "Mother Energy Drink Can 500ml",
            "productId": "5011153_ea_000",
            "productShopPage": "https://www.newworld.co.nz/shop/product/5011153_ea_000nw",
            "productImageURL": "https://a.fsimg.co.nz/product/retail/fan/image/master/5011153.png",
            "productDescription": "Contains Caffeine.\n\nProduct of New Zealand",
            "volume": "500mL",
            "multipack": {
                "quantity": "1"
            }
        },
        "priceData": {
            "bestPrice": "1.99",
            "price": "1.99",
            "pricePerLitre": 4.0,
            "bestPricePerLitre": 4.0
        },
        "store": {
            "id": "412c5dcf-142c-4133-b766-7bd21c30ae01",
            "name": "New World Whitianga"
        }
    },
    {
        "productData": {
            "name": "Monster Super Fuel Purple Passion Energy Drink 550ml",
            "productId": "5284332_ea_000",
            "productShopPage": "https://www.newworld.co.nz/shop/product/5284332_ea_000nw",
            "productImageURL": "https://a.fsimg.co.nz/product/retail/fan/image/master/5284332.png",
            "productDescription": "Product of Imported",
            "volume": "550mL",
            "multipack": {
                "quantity": "1"
            }
        },
        "priceData": {
            "bestPrice": "3.49",
            "price": "3.49",
            "pricePerLitre": 6.345454545454546,
            "bestPricePerLitre": 6.345454545454546
        },
        "store": {
            "id": "412c5dcf-142c-4133-b766-7bd21c30ae01",
            "name": "New World Whitianga"
        }
    },
    {
        "productData": {
            "name": "Monster Energy Drink 500ml",
            "productId": "5007647_ea_000",
            "productShopPage": "https://www.newworld.co.nz/shop/product/5007647_ea_000nw",
            "productImageURL": "https://a.fsimg.co.nz/product/retail/fan/image/master/5007647.png",
            "productDescription": "Contains Caffeine.\n\nProduct of Imported",
            "volume": "500mL",
            "multipack": {
                "quantity": "1"
            }
        },
        "priceData": {
            "bestPrice": "2.99",
            "price": "2.99",
            "pricePerLitre": 6.0,
            "bestPricePerLitre": 6.0
        },
        "store": {
            "id": "412c5dcf-142c-4133-b766-7bd21c30ae01",
            "name": "New World Whitianga"
        }
    },
    {
        "productData": {
            "name": "Monster Energy Drink 4pk",
            "productId": "5107264_ea_000",
            "productShopPage": "https://www.newworld.co.nz/shop/product/5107264_ea_000nw",
            "productImageURL": "https://a.fsimg.co.nz/product/retail/fan/image/master/5107264.png",
            "productDescription": "Product of Imported",
            "volume": "",
            "multipack": {
                "quantity": ""
            }
        },
        "priceData": {
            "bestPrice": "12.49",
            "price": "12.49",
            "pricePerLitre": 6.2,
            "bestPricePerLitre": 6.2
        },
        "store": {
            "id": "412c5dcf-142c-4133-b766-7bd21c30ae01",
            "name": "New World Whitianga"
        }
    },
    {
        "productData": {
            "name": "V Sugarfree Guarana Energy Drink 500ml",
            "productId": "5007644_ea_000",
            "productShopPage": "https://www.newworld.co.nz/shop/product/5007644_ea_000nw",
            "productImageURL": "https://a.fsimg.co.nz/product/retail/fan/image/master/5007644.png",
            "productDescription": "Sugar Free.\n\nProduct of New Zealand",
            "volume": "500mL",
            "multipack": {
                "quantity": "1"
            }
        },
        "priceData": {
            "bestPrice": "3.49",
            "price": "3.49",
            "pricePerLitre": 7.0,
            "bestPricePerLitre": 7.0
        },
        "store": {
            "id": "412c5dcf-142c-4133-b766-7bd21c30ae01",
            "name": "New World Whitianga"
        }
    },
    {
        "productData": {
            "name": "V Original Guarana Energy Drink 500ml",
            "productId": "5004703_ea_000",
            "productShopPage": "https://www.newworld.co.nz/shop/product/5004703_ea_000nw",
            "productImageURL": "https://a.fsimg.co.nz/product/retail/fan/image/master/5004703.png",
            "productDescription": "Contains Caffeine.\n\nProduct of New Zealand",
            "volume": "500mL",
            "multipack": {
                "quantity": "1"
            }
        },
        "priceData": {
            "bestPrice": "3.49",
            "price": "3.49",
            "pricePerLitre": 7.0,
            "bestPricePerLitre": 7.0
        },
        "store": {
            "id": "412c5dcf-142c-4133-b766-7bd21c30ae01",
            "name": "New World Whitianga"
        }
    },
    {
        "productData": {
            "name": "V Original Guarana Energy Drink 500ml",
            "productId": "5007441_ea_000",
            "productShopPage": "https://www.newworld.co.nz/shop/product/5007441_ea_000nw",
            "productImageURL": "https://a.fsimg.co.nz/product/retail/fan/image/master/5007441.png",
            "productDescription": "Buy 2 for $5.00.\n\n\nContains Wheat Derivatives, Caffeine.\n\nProduct of New Zealand",
            "volume": "500mL",
            "multipack": {
                "quantity": "1"
            }
        },
        "priceData": {
            "bestPrice": 2.5,
            "price": 2.0,
            "pricePerLitre": 4.0,
            "bestPricePerLitre": 5.0,
            "multiBuy": {
                "quantity": 2.0,
                "value": 5.0,
                "perUnit": 2.5
            }
        },
        "store": {
            "id": "412c5dcf-142c-4133-b766-7bd21c30ae01",
            "name": "New World Whitianga"
        }
    },
    {
        "productData": {
            "name": "V Blue Guarana Energy Drink 10pk",
            "productId": "5290181_ea_000",
            "productShopPage": "https://www.newworld.co.nz/shop/product/5290181_ea_000nw",
            "productImageURL": "https://a.fsimg.co.nz/product/retail/fan/image/master/5290181.png",
            "productDescription": "Product of New Zealand",
            "volume": "250mL",
            "multipack": {
                "quantity": "10"
            }
        },
        "priceData": {
            "bestPrice": "17.99",
            "price": "17.99",
            "pricePerLitre": 7.2,
            "bestPricePerLitre": 7.2
        },
        "store": {
            "id": "d4408e0f-5268-42c2-ba76-2bc9732d4316",
            "name": "New World Island Bay"
        }
    },
    {
        "productData": {
            "name": "V Blue Guarana Energy Drink 250ml",
            "productId": "5007495_ea_000",
            "productShopPage": "https://www.newworld.co.nz/shop/product/5007495_ea_000nw",
            "productImageURL": "https://a.fsimg.co.nz/product/retail/fan/image/master/5007495.png",
            "productDescription": "Contains Caffeine, Wheat Derivatives.\n\nProduct of New Zealand",
            "volume": "250mL",
            "multipack": {
                "quantity": "1"
            }
        },
        "priceData": {
            "bestPrice": "1.99",
            "price": "1.99",
            "pricePerLitre": 8.0,
            "bestPricePerLitre": 8.0
        },
        "store": {
            "id": "d4408e0f-5268-42c2-ba76-2bc9732d4316",
            "name": "New World Island Bay"
        }
    },
    {
        "productData": {
            "name": "V Sugarfree Guarana Energy Drink 250ml",
            "productId": "5001639_ea_000",
            "productShopPage": "https://www.newworld.co.nz/shop/product/5001639_ea_000nw",
            "productImageURL": "https://a.fsimg.co.nz/product/retail/fan/image/master/5001639.png",
            "productDescription": "Sugar Free. Contains Caffeine.\n\nProduct of New Zealand",
            "volume": "250mL",
            "multipack": {
                "quantity": "1"
            }
        },
        "priceData": {
            "bestPrice": "1.99",
            "price": "1.99",
            "pricePerLitre": 8.0,
            "bestPricePerLitre": 8.0
        },
        "store": {
            "id": "d4408e0f-5268-42c2-ba76-2bc9732d4316",
            "name": "New World Island Bay"
        }
    },
    {
        "productData": {
            "name": "Live Plus Persist Energy Drink 250ml",
            "productId": "5236678_ea_000",
            "productShopPage": "https://www.newworld.co.nz/shop/product/5236678_ea_000nw",
            "productImageURL": "https://a.fsimg.co.nz/product/retail/fan/image/master/5236678.png",
            "productDescription": "Limit 12 assorted.\n\n\n\n\nProduct of New Zealand",
            "volume": "",
            "multipack": {
                "quantity": ""
            }
        },
        "priceData": {
            "bestPrice": "0.99",
            "price": "0.99"
        },
        "store": {
            "id": "d4408e0f-5268-42c2-ba76-2bc9732d4316",
            "name": "New World Island Bay"
        }
    },
    {
        "productData": {
            "name": "V Green Guarana Energy Drink 10pk",
            "productId": "5289889_ea_000",
            "productShopPage": "https://www.newworld.co.nz/shop/product/5289889_ea_000nw",
            "productImageURL": "https://a.fsimg.co.nz/product/retail/fan/image/master/5289889.png",
            "productDescription": "Product of New Zealand",
            "volume": "250mL",
            "multipack": {
                "quantity": "10"
            }
        },
        "priceData": {
            "bestPrice": "17.99",
            "price": "17.99",
            "pricePerLitre": 7.2,
            "bestPricePerLitre": 7.2
        },
        "store": {
            "id": "d4408e0f-5268-42c2-ba76-2bc9732d4316",
            "name": "New World Island Bay"
        }
    },
    {
        "productData": {
            "name": "V Sugarfree Blue Guarana Energy Drink 500ml",
            "productId": "5283362_ea_000",
            "productShopPage": "https://www.newworld.co.nz/shop/product/5283362_ea_000nw",
            "productImageURL": "https://a.fsimg.co.nz/product/retail/fan/image/master/5283362.png",
            "productDescription": "Sugar free\n\nProduct of New Zealand",
            "volume": "500mL",
            "multipack": {
                "quantity": "1"
            }
        },
        "priceData": {
            "bestPrice": "3.49",
            "price": "3.49",
            "pricePerLitre": 7.0,
            "bestPricePerLitre": 7.0
        },
        "store": {
            "id": "d4408e0f-5268-42c2-ba76-2bc9732d4316",
            "name": "New World Island Bay"
        }
    },
    {
        "productData": {
            "name": "V Original Guarana Energy Drink 350ml",
            "productId": "5003156_ea_000",
            "productShopPage": "https://www.newworld.co.nz/shop/product/5003156_ea_000nw",
            "productImageURL": "https://a.fsimg.co.nz/product/retail/fan/image/master/5003156.png",
            "productDescription": "Buy 2 for $5.00.\n\n\nContains Caffeine.\n\nProduct of New Zealand",
            "volume": "350mL",
            "multipack": {
                "quantity": "1"
            }
        },
        "priceData": {
            "bestPrice": 2.5,
            "price": 2.0,
            "pricePerLitre": 5.714285714285714,
            "bestPricePerLitre": 7.142857142857143,
            "multiBuy": {
                "quantity": 2.0,
                "value": 5.0,
                "perUnit": 2.5
            }
        },
        "store": {
            "id": "d4408e0f-5268-42c2-ba76-2bc9732d4316",
            "name": "New World Island Bay"
        }
    },
    {
        "productData": {
            "name": "V Blue Guarana Energy Drink 350ml",
            "productId": "5007492_ea_000",
            "productShopPage": "https://www.newworld.co.nz/shop/product/5007492_ea_000nw",
            "productImageURL": "https://a.fsimg.co.nz/product/retail/fan/image/master/5007492.png",
            "productDescription": "Buy 2 for $5.00.\n\n\nContains Caffeine, Wheat Derivatives.\n\nProduct of New Zealand",
            "volume": "350mL",
            "multipack": {
                "quantity": "1"
            }
        },
        "priceData": {
            "bestPrice": 2.5,
            "price": 2.0,
            "pricePerLitre": 5.714285714285714,
            "bestPricePerLitre": 7.142857142857143,
            "multiBuy": {
                "quantity": 2.0,
                "value": 5.0,
                "perUnit": 2.5
            }
        },
        "store": {
            "id": "d4408e0f-5268-42c2-ba76-2bc9732d4316",
            "name": "New World Island Bay"
        }
    },
    {
        "productData": {
            "name": "V Blue Energy Drink 500ml",
            "productId": "5020662_ea_000",
            "productShopPage": "https://www.newworld.co.nz/shop/product/5020662_ea_000nw",
            "productImageURL": "https://a.fsimg.co.nz/product/retail/fan/image/master/5020662.png",
            "productDescription": "Buy 2 for $5.00.\n\n\n\n\nProduct of New Zealand",
            "volume": "500mL",
            "multipack": {
                "quantity": "1"
            }
        },
        "priceData": {
            "bestPrice": 2.5,
            "price": 2.0,
            "pricePerLitre": 4.0,
            "bestPricePerLitre": 5.0,
            "multiBuy": {
                "quantity": 2.0,
                "value": 5.0,
                "perUnit": 2.5
            }
        },
        "store": {
            "id": "d4408e0f-5268-42c2-ba76-2bc9732d4316",
            "name": "New World Island Bay"
        }
    },
    {
        "productData": {
            "name": "V Blue Guarana Energy Drink 500ml",
            "productId": "5007494_ea_000",
            "productShopPage": "https://www.newworld.co.nz/shop/product/5007494_ea_000nw",
            "productImageURL": "https://a.fsimg.co.nz/product/retail/fan/image/master/5007494.png",
            "productDescription": "Contains Wheat Derivatives, Caffeine.\n\nProduct of New Zealand",
            "volume": "500mL",
            "multipack": {
                "quantity": "1"
            }
        },
        "priceData": {
            "bestPrice": "3.49",
            "price": "3.49",
            "pricePerLitre": 7.0,
            "bestPricePerLitre": 7.0
        },
        "store": {
            "id": "d4408e0f-5268-42c2-ba76-2bc9732d4316",
            "name": "New World Island Bay"
        }
    },
    {
        "productData": {
            "name": "Red Bull Energy Drink 473ml",
            "productId": "5005255_ea_000",
            "productShopPage": "https://www.newworld.co.nz/shop/product/5005255_ea_000nw",
            "productImageURL": "https://a.fsimg.co.nz/product/retail/fan/image/master/5005255.png",
            "productDescription": "Red Bull Energy Drink's special formula contains ingredients of high quality: Caffeine, Taurine, B-Group Vitamins, Sugars, Alpine Water.One 250ml can of Red Bull Energy Drinks contains 80 mg of caffeine, about the same amount as in a cup of home-brewed coffee.The amount of sugars in a can of Red Bull Energy Drink is comparable to the level of sugars in an equivalent amount of apple or orange juice – 11 g per 100ml.Red Bull cans are made of 100% recyclable aluminium.Red Bull Energy Drink 473ml canVitalizes Body and Mind.®RED BULL GIVES YOU WINGSInspired by functional drinks from the Far East, Dietrich Mateschitz founded Red Bull in the mid-1980s. He developed a new product and a unique marketing concept and launched Red Bull Energy Drink on April 1, 1987 in Austria. A brand new product category - Energy Drinks - was born.\n\nProduct of Imported",
            "volume": "473mL",
            "multipack": {
                "quantity": "1"
            }
        },
        "priceData": {
            "bestPrice": "3.59",
            "price": "3.59",
            "pricePerLitre": 7.6,
            "bestPricePerLitre": 7.6
        },
        "store": {
            "id": "d4408e0f-5268-42c2-ba76-2bc9732d4316",
            "name": "New World Island Bay"
        }
    },
    {
        "productData": {
            "name": "V Original Guarana Energy Drink 250ml",
            "productId": "5003151_ea_000",
            "productShopPage": "https://www.newworld.co.nz/shop/product/5003151_ea_000nw",
            "productImageURL": "https://a.fsimg.co.nz/product/retail/fan/image/master/5003151.png",
            "productDescription": "Contains Caffeine.\n\nProduct of New Zealand",
            "volume": "250mL",
            "multipack": {
                "quantity": "1"
            }
        },
        "priceData": {
            "bestPrice": "1.99",
            "price": "1.99",
            "pricePerLitre": 8.0,
            "bestPricePerLitre": 8.0
        },
        "store": {
            "id": "d4408e0f-5268-42c2-ba76-2bc9732d4316",
            "name": "New World Island Bay"
        }
    },
    {
        "productData": {
            "name": "Red Bull Energy Drink 250ml Cans 4pk",
            "productId": "5001443_ea_000",
            "productShopPage": "https://www.newworld.co.nz/shop/product/5001443_ea_000nw",
            "productImageURL": "https://a.fsimg.co.nz/product/retail/fan/image/master/5001443.png",
            "productDescription": "Red Bull Energy Drink's special formula contains ingredients of high quality: Caffeine, Taurine, B-Group Vitamins, Sugars, Alpine Water.One 250ml can of Red Bull Energy Drinks contains 80 mg of caffeine, about the same amount as in a cup of home-brewed coffee.The amount of sugars in a can of Red Bull Energy Drink is comparable to the level of sugars in an equivalent amount of apple or orange juice – 11 g per 100ml.Red Bull cans are made of 100% recyclable aluminium.Pack of four 250ml Red Bull Energy Drink cansVitalizes Body and Mind.®RED BULL GIVES YOU WINGSInspired by functional drinks from the Far East, Dietrich Mateschitz founded Red Bull in the mid-1980s. He developed a new product and a unique marketing concept and launched Red Bull Energy Drink on April 1, 1987 in Austria. A brand new product category - Energy Drinks - was born.",
            "volume": "250mL",
            "multipack": {
                "quantity": "4"
            }
        },
        "priceData": {
            "bestPrice": "8.29",
            "price": "8.29",
            "pricePerLitre": 8.299999999999999,
            "bestPricePerLitre": 8.299999999999999
        },
        "store": {
            "id": "d4408e0f-5268-42c2-ba76-2bc9732d4316",
            "name": "New World Island Bay"
        }
    },
    {
        "productData": {
            "name": "Rockstar Watermelon Freeze Energy Drink 500ml",
            "productId": "5257298_ea_000",
            "productShopPage": "https://www.newworld.co.nz/shop/product/5257298_ea_000nw",
            "productImageURL": "https://a.fsimg.co.nz/product/retail/fan/image/master/5257298.png",
            "productDescription": "Buy 3 for $5.00.\n\n\n\n\nProduct of New Zealand",
            "volume": "500mL",
            "multipack": {
                "quantity": "1"
            }
        },
        "priceData": {
            "bestPrice": 1.6666666666666667,
            "price": 1.0,
            "pricePerLitre": 2.0,
            "bestPricePerLitre": 3.3333333333333335,
            "multiBuy": {
                "quantity": 3.0,
                "value": 5.0,
                "perUnit": 1.6666666666666667
            }
        },
        "store": {
            "id": "d4408e0f-5268-42c2-ba76-2bc9732d4316",
            "name": "New World Island Bay"
        }
    },
    {
        "productData": {
            "name": "V Blue Can 4pk",
            "productId": "5030249_ea_000",
            "productShopPage": "https://www.newworld.co.nz/shop/product/5030249_ea_000nw",
            "productImageURL": "https://a.fsimg.co.nz/product/retail/fan/image/master/5030249.png",
            "productDescription": "Limit 12 assorted.\n\n\nContains Wheat Derivatives, Caffeine.\n\nProduct of New Zealand",
            "volume": "250mL",
            "multipack": {
                "quantity": "4"
            }
        },
        "priceData": {
            "bestPrice": "5.99",
            "price": "5.99",
            "pricePerLitre": 5.99,
            "bestPricePerLitre": 5.99
        },
        "store": {
            "id": "d4408e0f-5268-42c2-ba76-2bc9732d4316",
            "name": "New World Island Bay"
        }
    },
    {
        "productData": {
            "name": "Monster Zero Sugar Ultra Rosa Energy Drink 500ml",
            "productId": "5278094_ea_000",
            "productShopPage": "https://www.newworld.co.nz/shop/product/5278094_ea_000nw",
            "productImageURL": "https://a.fsimg.co.nz/product/retail/fan/image/master/5278094.png",
            "productDescription": "Product of Imported",
            "volume": "500mL",
            "multipack": {
                "quantity": "1"
            }
        },
        "priceData": {
            "bestPrice": "2.99",
            "price": "2.99",
            "pricePerLitre": 6.0,
            "bestPricePerLitre": 6.0
        },
        "store": {
            "id": "d4408e0f-5268-42c2-ba76-2bc9732d4316",
            "name": "New World Island Bay"
        }
    },
    {
        "productData": {
            "name": "Monster Ultra Paradise Energy Drink 500ml",
            "productId": "5261257_ea_000",
            "productShopPage": "https://www.newworld.co.nz/shop/product/5261257_ea_000nw",
            "productImageURL": "https://a.fsimg.co.nz/product/retail/fan/image/master/5261257.png",
            "productDescription": "Product of Imported",
            "volume": "500mL",
            "multipack": {
                "quantity": "1"
            }
        },
        "priceData": {
            "bestPrice": "2.99",
            "price": "2.99",
            "pricePerLitre": 6.0,
            "bestPricePerLitre": 6.0
        },
        "store": {
            "id": "d4408e0f-5268-42c2-ba76-2bc9732d4316",
            "name": "New World Island Bay"
        }
    },
    {
        "productData": {
            "name": "V Energy Drink Green Cans 4pk",
            "productId": "5002893_ea_000",
            "productShopPage": "https://www.newworld.co.nz/shop/product/5002893_ea_000nw",
            "productImageURL": "https://a.fsimg.co.nz/product/retail/fan/image/master/5002893.png",
            "productDescription": "Limit 12 assorted.\n\n\nContains Caffeine.\n\nProduct of New Zealand",
            "volume": "250mL",
            "multipack": {
                "quantity": "4"
            }
        },
        "priceData": {
            "bestPrice": "5.99",
            "price": "5.99",
            "pricePerLitre": 5.99,
            "bestPricePerLitre": 5.99
        },
        "store": {
            "id": "d4408e0f-5268-42c2-ba76-2bc9732d4316",
            "name": "New World Island Bay"
        }
    },
    {
        "productData": {
            "name": "Monster Ultra Zero Drink 500ml",
            "productId": "5090618_ea_000",
            "productShopPage": "https://www.newworld.co.nz/shop/product/5090618_ea_000nw",
            "productImageURL": "https://a.fsimg.co.nz/product/retail/fan/image/master/5090618.png",
            "productDescription": "A little less sweet, lighter-tasting, zero calories, but with a full load of our Monster energy blend. Sure, white is the new black. Monster Energy Zero Ultra. Unleash the Ultra Beast!\n\nProduct of Imported",
            "volume": "500mL",
            "multipack": {
                "quantity": "1"
            }
        },
        "priceData": {
            "bestPrice": "2.99",
            "price": "2.99",
            "pricePerLitre": 6.0,
            "bestPricePerLitre": 6.0
        },
        "store": {
            "id": "d4408e0f-5268-42c2-ba76-2bc9732d4316",
            "name": "New World Island Bay"
        }
    },
    {
        "productData": {
            "name": "Monster Super Fuel Zero Sugar Energy Drink 550ml",
            "productId": "5284331_ea_000",
            "productShopPage": "https://www.newworld.co.nz/shop/product/5284331_ea_000nw",
            "productImageURL": "https://a.fsimg.co.nz/product/retail/fan/image/master/5284331.png",
            "productDescription": "Product of Imported",
            "volume": "550mL",
            "multipack": {
                "quantity": "1"
            }
        },
        "priceData": {
            "bestPrice": "3.49",
            "price": "3.49",
            "pricePerLitre": 6.345454545454546,
            "bestPricePerLitre": 6.345454545454546
        },
        "store": {
            "id": "d4408e0f-5268-42c2-ba76-2bc9732d4316",
            "name": "New World Island Bay"
        }
    },
    {
        "productData": {
            "name": "Mother Energy Drink Can 500ml",
            "productId": "5011153_ea_000",
            "productShopPage": "https://www.newworld.co.nz/shop/product/5011153_ea_000nw",
            "productImageURL": "https://a.fsimg.co.nz/product/retail/fan/image/master/5011153.png",
            "productDescription": "Contains Caffeine.\n\nProduct of New Zealand",
            "volume": "500mL",
            "multipack": {
                "quantity": "1"
            }
        },
        "priceData": {
            "bestPrice": "1.99",
            "price": "1.99",
            "pricePerLitre": 4.0,
            "bestPricePerLitre": 4.0
        },
        "store": {
            "id": "d4408e0f-5268-42c2-ba76-2bc9732d4316",
            "name": "New World Island Bay"
        }
    },
    {
        "productData": {
            "name": "Monster Super Fuel Purple Passion Energy Drink 550ml",
            "productId": "5284332_ea_000",
            "productShopPage": "https://www.newworld.co.nz/shop/product/5284332_ea_000nw",
            "productImageURL": "https://a.fsimg.co.nz/product/retail/fan/image/master/5284332.png",
            "productDescription": "Product of Imported",
            "volume": "550mL",
            "multipack": {
                "quantity": "1"
            }
        },
        "priceData": {
            "bestPrice": "3.49",
            "price": "3.49",
            "pricePerLitre": 6.345454545454546,
            "bestPricePerLitre": 6.345454545454546
        },
        "store": {
            "id": "d4408e0f-5268-42c2-ba76-2bc9732d4316",
            "name": "New World Island Bay"
        }
    },
    {
        "productData": {
            "name": "Monster Energy Drink 500ml",
            "productId": "5007647_ea_000",
            "productShopPage": "https://www.newworld.co.nz/shop/product/5007647_ea_000nw",
            "productImageURL": "https://a.fsimg.co.nz/product/retail/fan/image/master/5007647.png",
            "productDescription": "Contains Caffeine.\n\nProduct of Imported",
            "volume": "500mL",
            "multipack": {
                "quantity": "1"
            }
        },
        "priceData": {
            "bestPrice": "2.99",
            "price": "2.99",
            "pricePerLitre": 6.0,
            "bestPricePerLitre": 6.0
        },
        "store": {
            "id": "d4408e0f-5268-42c2-ba76-2bc9732d4316",
            "name": "New World Island Bay"
        }
    },
    {
        "productData": {
            "name": "V Sugarfree Guarana Energy Drink 500ml",
            "productId": "5007644_ea_000",
            "productShopPage": "https://www.newworld.co.nz/shop/product/5007644_ea_000nw",
            "productImageURL": "https://a.fsimg.co.nz/product/retail/fan/image/master/5007644.png",
            "productDescription": "Sugar Free.\n\nProduct of New Zealand",
            "volume": "500mL",
            "multipack": {
                "quantity": "1"
            }
        },
        "priceData": {
            "bestPrice": "3.49",
            "price": "3.49",
            "pricePerLitre": 7.0,
            "bestPricePerLitre": 7.0
        },
        "store": {
            "id": "d4408e0f-5268-42c2-ba76-2bc9732d4316",
            "name": "New World Island Bay"
        }
    },
    {
        "productData": {
            "name": "V Original Guarana Energy Drink 500ml",
            "productId": "5004703_ea_000",
            "productShopPage": "https://www.newworld.co.nz/shop/product/5004703_ea_000nw",
            "productImageURL": "https://a.fsimg.co.nz/product/retail/fan/image/master/5004703.png",
            "productDescription": "Contains Caffeine.\n\nProduct of New Zealand",
            "volume": "500mL",
            "multipack": {
                "quantity": "1"
            }
        },
        "priceData": {
            "bestPrice": "3.49",
            "price": "3.49",
            "pricePerLitre": 7.0,
            "bestPricePerLitre": 7.0
        },
        "store": {
            "id": "d4408e0f-5268-42c2-ba76-2bc9732d4316",
            "name": "New World Island Bay"
        }
    },
    {
        "productData": {
            "name": "V Original Guarana Energy Drink 4pk",
            "productId": "5210048_ea_000",
            "productShopPage": "https://www.newworld.co.nz/shop/product/5210048_ea_000nw",
            "productImageURL": "https://a.fsimg.co.nz/product/retail/fan/image/master/5210048.png",
            "productDescription": "Product of New Zealand",
            "volume": "275mL",
            "multipack": {
                "quantity": "4"
            }
        },
        "priceData": {
            "bestPrice": "9.19",
            "price": "9.19",
            "pricePerLitre": 8.4,
            "bestPricePerLitre": 8.4
        },
        "store": {
            "id": "d4408e0f-5268-42c2-ba76-2bc9732d4316",
            "name": "New World Island Bay"
        }
    },
    {
        "productData": {
            "name": "V Original Guarana Energy Drink 500ml",
            "productId": "5007441_ea_000",
            "productShopPage": "https://www.newworld.co.nz/shop/product/5007441_ea_000nw",
            "productImageURL": "https://a.fsimg.co.nz/product/retail/fan/image/master/5007441.png",
            "productDescription": "Buy 2 for $5.00.\n\n\nContains Wheat Derivatives, Caffeine.\n\nProduct of New Zealand",
            "volume": "500mL",
            "multipack": {
                "quantity": "1"
            }
        },
        "priceData": {
            "bestPrice": 2.5,
            "price": 2.0,
            "pricePerLitre": 4.0,
            "bestPricePerLitre": 5.0,
            "multiBuy": {
                "quantity": 2.0,
                "value": 5.0,
                "perUnit": 2.5
            }
        },
        "store": {
            "id": "d4408e0f-5268-42c2-ba76-2bc9732d4316",
            "name": "New World Island Bay"
        }
    },
    {
        "productData": {
            "name": "V Blue Guarana Energy Drink 10pk",
            "productId": "5290181_ea_000",
            "productShopPage": "https://www.newworld.co.nz/shop/product/5290181_ea_000nw",
            "productImageURL": "https://a.fsimg.co.nz/product/retail/fan/image/master/5290181.png",
            "productDescription": "Product of New Zealand",
            "volume": "250mL",
            "multipack": {
                "quantity": "10"
            }
        },
        "priceData": {
            "bestPrice": "17.99",
            "price": "17.99",
            "pricePerLitre": 7.2,
            "bestPricePerLitre": 7.2
        },
        "store": {
            "id": "f95243ac-bfc9-483a-b10a-b681f4fc4ba2",
            "name": "New World Te Puke"
        }
    },
    {
        "productData": {
            "name": "V Blue Guarana Energy Drink 250ml",
            "productId": "5007495_ea_000",
            "productShopPage": "https://www.newworld.co.nz/shop/product/5007495_ea_000nw",
            "productImageURL": "https://a.fsimg.co.nz/product/retail/fan/image/master/5007495.png",
            "productDescription": "Contains Caffeine, Wheat Derivatives.\n\nProduct of New Zealand",
            "volume": "250mL",
            "multipack": {
                "quantity": "1"
            }
        },
        "priceData": {
            "bestPrice": "1.99",
            "price": "1.99",
            "pricePerLitre": 8.0,
            "bestPricePerLitre": 8.0
        },
        "store": {
            "id": "f95243ac-bfc9-483a-b10a-b681f4fc4ba2",
            "name": "New World Te Puke"
        }
    },
    {
        "productData": {
            "name": "V Sugarfree Blue Guarana Energy Drink 4pk",
            "productId": "5289891_ea_000",
            "productShopPage": "https://www.newworld.co.nz/shop/product/5289891_ea_000nw",
            "productImageURL": "https://a.fsimg.co.nz/product/retail/fan/image/master/5289891.png",
            "productDescription": "Limit 12 assorted.\n\n\n\n\nProduct of New Zealand",
            "volume": "250mL",
            "multipack": {
                "quantity": "4"
            }
        },
        "priceData": {
            "bestPrice": "5.99",
            "price": "5.99",
            "pricePerLitre": 5.99,
            "bestPricePerLitre": 5.99
        },
        "store": {
            "id": "f95243ac-bfc9-483a-b10a-b681f4fc4ba2",
            "name": "New World Te Puke"
        }
    },
    {
        "productData": {
            "name": "V Sugarfree Guarana Energy Drink 250ml",
            "productId": "5001639_ea_000",
            "productShopPage": "https://www.newworld.co.nz/shop/product/5001639_ea_000nw",
            "productImageURL": "https://a.fsimg.co.nz/product/retail/fan/image/master/5001639.png",
            "productDescription": "Sugar Free. Contains Caffeine.\n\nProduct of New Zealand",
            "volume": "250mL",
            "multipack": {
                "quantity": "1"
            }
        },
        "priceData": {
            "bestPrice": "1.99",
            "price": "1.99",
            "pricePerLitre": 8.0,
            "bestPricePerLitre": 8.0
        },
        "store": {
            "id": "f95243ac-bfc9-483a-b10a-b681f4fc4ba2",
            "name": "New World Te Puke"
        }
    },
    {
        "productData": {
            "name": "V Sugarfree Guarana Energy Drink 10pk",
            "productId": "5289890_ea_000",
            "productShopPage": "https://www.newworld.co.nz/shop/product/5289890_ea_000nw",
            "productImageURL": "https://a.fsimg.co.nz/product/retail/fan/image/master/5289890.png",
            "productDescription": "Product of New Zealand",
            "volume": "",
            "multipack": {
                "quantity": ""
            }
        },
        "priceData": {
            "bestPrice": "17.99",
            "price": "17.99",
            "pricePerLitre": 72.0,
            "bestPricePerLitre": 72.0
        },
        "store": {
            "id": "f95243ac-bfc9-483a-b10a-b681f4fc4ba2",
            "name": "New World Te Puke"
        }
    },
    {
        "productData": {
            "name": "V Green Guarana Energy Drink 6pk",
            "productId": "5272987_ea_000",
            "productShopPage": "https://www.newworld.co.nz/shop/product/5272987_ea_000nw",
            "productImageURL": "https://a.fsimg.co.nz/product/retail/fan/image/master/5272987.png",
            "productDescription": "Product of New Zealand",
            "volume": "330mL",
            "multipack": {
                "quantity": "6"
            }
        },
        "priceData": {
            "bestPrice": "11.99",
            "price": "11.99",
            "pricePerLitre": 6.05,
            "bestPricePerLitre": 6.05
        },
        "store": {
            "id": "f95243ac-bfc9-483a-b10a-b681f4fc4ba2",
            "name": "New World Te Puke"
        }
    },
    {
        "productData": {
            "name": "Live Plus Ascend Energy Drink 250ml",
            "productId": "5236675_ea_000",
            "productShopPage": "https://www.newworld.co.nz/shop/product/5236675_ea_000nw",
            "productImageURL": "https://a.fsimg.co.nz/product/retail/fan/image/master/5236675.png",
            "productDescription": "Limit 12 assorted.\n\n\n\n\nProduct of New Zealand",
            "volume": "",
            "multipack": {
                "quantity": ""
            }
        },
        "priceData": {
            "bestPrice": "0.99",
            "price": "0.99"
        },
        "store": {
            "id": "f95243ac-bfc9-483a-b10a-b681f4fc4ba2",
            "name": "New World Te Puke"
        }
    },
    {
        "productData": {
            "name": "Live Plus Tart Apple Energy Drink 250ml",
            "productId": "5236676_ea_000",
            "productShopPage": "https://www.newworld.co.nz/shop/product/5236676_ea_000nw",
            "productImageURL": "https://a.fsimg.co.nz/product/retail/fan/image/master/5236676.png",
            "productDescription": "Limit 12 assorted.\n\n\n\n\nProduct of New Zealand",
            "volume": "250mL",
            "multipack": {
                "quantity": "1"
            }
        },
        "priceData": {
            "bestPrice": "0.99",
            "price": "0.99",
            "pricePerLitre": 3.96,
            "bestPricePerLitre": 3.96
        },
        "store": {
            "id": "f95243ac-bfc9-483a-b10a-b681f4fc4ba2",
            "name": "New World Te Puke"
        }
    },
    {
        "productData": {
            "name": "Live Plus Persist Energy Drink 250ml",
            "productId": "5236678_ea_000",
            "productShopPage": "https://www.newworld.co.nz/shop/product/5236678_ea_000nw",
            "productImageURL": "https://a.fsimg.co.nz/product/retail/fan/image/master/5236678.png",
            "productDescription": "Limit 12 assorted.\n\n\n\n\nProduct of New Zealand",
            "volume": "",
            "multipack": {
                "quantity": ""
            }
        },
        "priceData": {
            "bestPrice": "0.99",
            "price": "0.99"
        },
        "store": {
            "id": "f95243ac-bfc9-483a-b10a-b681f4fc4ba2",
            "name": "New World Te Puke"
        }
    },
    {
        "productData": {
            "name": "V Green Guarana Energy Drink 10pk",
            "productId": "5289889_ea_000",
            "productShopPage": "https://www.newworld.co.nz/shop/product/5289889_ea_000nw",
            "productImageURL": "https://a.fsimg.co.nz/product/retail/fan/image/master/5289889.png",
            "productDescription": "Product of New Zealand",
            "volume": "250mL",
            "multipack": {
                "quantity": "10"
            }
        },
        "priceData": {
            "bestPrice": "17.99",
            "price": "17.99",
            "pricePerLitre": 7.2,
            "bestPricePerLitre": 7.2
        },
        "store": {
            "id": "f95243ac-bfc9-483a-b10a-b681f4fc4ba2",
            "name": "New World Te Puke"
        }
    },
    {
        "productData": {
            "name": "V Sugarfree Blue Guarana Energy Drink 500ml",
            "productId": "5283362_ea_000",
            "productShopPage": "https://www.newworld.co.nz/shop/product/5283362_ea_000nw",
            "productImageURL": "https://a.fsimg.co.nz/product/retail/fan/image/master/5283362.png",
            "productDescription": "Sugar free\n\nProduct of New Zealand",
            "volume": "500mL",
            "multipack": {
                "quantity": "1"
            }
        },
        "priceData": {
            "bestPrice": "3.49",
            "price": "3.49",
            "pricePerLitre": 7.0,
            "bestPricePerLitre": 7.0
        },
        "store": {
            "id": "f95243ac-bfc9-483a-b10a-b681f4fc4ba2",
            "name": "New World Te Puke"
        }
    },
    {
        "productData": {
            "name": "V Original Guarana Energy Drink 350ml",
            "productId": "5003156_ea_000",
            "productShopPage": "https://www.newworld.co.nz/shop/product/5003156_ea_000nw",
            "productImageURL": "https://a.fsimg.co.nz/product/retail/fan/image/master/5003156.png",
            "productDescription": "Buy 2 for $5.00.\n\n\nContains Caffeine.\n\nProduct of New Zealand",
            "volume": "350mL",
            "multipack": {
                "quantity": "1"
            }
        },
        "priceData": {
            "bestPrice": 2.5,
            "price": 2.0,
            "pricePerLitre": 5.714285714285714,
            "bestPricePerLitre": 7.142857142857143,
            "multiBuy": {
                "quantity": 2.0,
                "value": 5.0,
                "perUnit": 2.5
            }
        },
        "store": {
            "id": "f95243ac-bfc9-483a-b10a-b681f4fc4ba2",
            "name": "New World Te Puke"
        }
    },
    {
        "productData": {
            "name": "V Blue Guarana Energy Drink 4pk",
            "productId": "5210055_ea_000",
            "productShopPage": "https://www.newworld.co.nz/shop/product/5210055_ea_000nw",
            "productImageURL": "https://a.fsimg.co.nz/product/retail/fan/image/master/5210055.png",
            "productDescription": "Product of New Zealand",
            "volume": "275mL",
            "multipack": {
                "quantity": "4"
            }
        },
        "priceData": {
            "bestPrice": "9.19",
            "price": "9.19",
            "pricePerLitre": 8.4,
            "bestPricePerLitre": 8.4
        },
        "store": {
            "id": "f95243ac-bfc9-483a-b10a-b681f4fc4ba2",
            "name": "New World Te Puke"
        }
    },
    {
        "productData": {
            "name": "V Blue Guarana Energy Drink 350ml",
            "productId": "5007492_ea_000",
            "productShopPage": "https://www.newworld.co.nz/shop/product/5007492_ea_000nw",
            "productImageURL": "https://a.fsimg.co.nz/product/retail/fan/image/master/5007492.png",
            "productDescription": "Buy 2 for $5.00.\n\n\nContains Caffeine, Wheat Derivatives.\n\nProduct of New Zealand",
            "volume": "350mL",
            "multipack": {
                "quantity": "1"
            }
        },
        "priceData": {
            "bestPrice": 2.5,
            "price": 2.0,
            "pricePerLitre": 5.714285714285714,
            "bestPricePerLitre": 7.142857142857143,
            "multiBuy": {
                "quantity": 2.0,
                "value": 5.0,
                "perUnit": 2.5
            }
        },
        "store": {
            "id": "f95243ac-bfc9-483a-b10a-b681f4fc4ba2",
            "name": "New World Te Puke"
        }
    },
    {
        "productData": {
            "name": "V Blue Energy Drink 500ml",
            "productId": "5020662_ea_000",
            "productShopPage": "https://www.newworld.co.nz/shop/product/5020662_ea_000nw",
            "productImageURL": "https://a.fsimg.co.nz/product/retail/fan/image/master/5020662.png",
            "productDescription": "Buy 2 for $5.00.\n\n\n\n\nProduct of New Zealand",
            "volume": "500mL",
            "multipack": {
                "quantity": "1"
            }
        },
        "priceData": {
            "bestPrice": 2.5,
            "price": 2.0,
            "pricePerLitre": 4.0,
            "bestPricePerLitre": 5.0,
            "multiBuy": {
                "quantity": 2.0,
                "value": 5.0,
                "perUnit": 2.5
            }
        },
        "store": {
            "id": "f95243ac-bfc9-483a-b10a-b681f4fc4ba2",
            "name": "New World Te Puke"
        }
    },
    {
        "productData": {
            "name": "V Blue Guarana Energy Drink 500ml",
            "productId": "5007494_ea_000",
            "productShopPage": "https://www.newworld.co.nz/shop/product/5007494_ea_000nw",
            "productImageURL": "https://a.fsimg.co.nz/product/retail/fan/image/master/5007494.png",
            "productDescription": "Contains Wheat Derivatives, Caffeine.\n\nProduct of New Zealand",
            "volume": "500mL",
            "multipack": {
                "quantity": "1"
            }
        },
        "priceData": {
            "bestPrice": "3.49",
            "price": "3.49",
            "pricePerLitre": 7.0,
            "bestPricePerLitre": 7.0
        },
        "store": {
            "id": "f95243ac-bfc9-483a-b10a-b681f4fc4ba2",
            "name": "New World Te Puke"
        }
    },
    {
        "productData": {
            "name": "Red Bull Energy Drink 473ml",
            "productId": "5005255_ea_000",
            "productShopPage": "https://www.newworld.co.nz/shop/product/5005255_ea_000nw",
            "productImageURL": "https://a.fsimg.co.nz/product/retail/fan/image/master/5005255.png",
            "productDescription": "Red Bull Energy Drink's special formula contains ingredients of high quality: Caffeine, Taurine, B-Group Vitamins, Sugars, Alpine Water.One 250ml can of Red Bull Energy Drinks contains 80 mg of caffeine, about the same amount as in a cup of home-brewed coffee.The amount of sugars in a can of Red Bull Energy Drink is comparable to the level of sugars in an equivalent amount of apple or orange juice – 11 g per 100ml.Red Bull cans are made of 100% recyclable aluminium.Red Bull Energy Drink 473ml canVitalizes Body and Mind.®RED BULL GIVES YOU WINGSInspired by functional drinks from the Far East, Dietrich Mateschitz founded Red Bull in the mid-1980s. He developed a new product and a unique marketing concept and launched Red Bull Energy Drink on April 1, 1987 in Austria. A brand new product category - Energy Drinks - was born.\n\nProduct of Imported",
            "volume": "473mL",
            "multipack": {
                "quantity": "1"
            }
        },
        "priceData": {
            "bestPrice": "3.59",
            "price": "3.59",
            "pricePerLitre": 7.6,
            "bestPricePerLitre": 7.6
        },
        "store": {
            "id": "f95243ac-bfc9-483a-b10a-b681f4fc4ba2",
            "name": "New World Te Puke"
        }
    },
    {
        "productData": {
            "name": "V Original Guarana Energy Drink 250ml",
            "productId": "5003151_ea_000",
            "productShopPage": "https://www.newworld.co.nz/shop/product/5003151_ea_000nw",
            "productImageURL": "https://a.fsimg.co.nz/product/retail/fan/image/master/5003151.png",
            "productDescription": "Contains Caffeine.\n\nProduct of New Zealand",
            "volume": "250mL",
            "multipack": {
                "quantity": "1"
            }
        },
        "priceData": {
            "bestPrice": "1.99",
            "price": "1.99",
            "pricePerLitre": 8.0,
            "bestPricePerLitre": 8.0
        },
        "store": {
            "id": "f95243ac-bfc9-483a-b10a-b681f4fc4ba2",
            "name": "New World Te Puke"
        }
    },
    {
        "productData": {
            "name": "Red Bull Energy Drink 250ml Cans 4pk",
            "productId": "5001443_ea_000",
            "productShopPage": "https://www.newworld.co.nz/shop/product/5001443_ea_000nw",
            "productImageURL": "https://a.fsimg.co.nz/product/retail/fan/image/master/5001443.png",
            "productDescription": "Red Bull Energy Drink's special formula contains ingredients of high quality: Caffeine, Taurine, B-Group Vitamins, Sugars, Alpine Water.One 250ml can of Red Bull Energy Drinks contains 80 mg of caffeine, about the same amount as in a cup of home-brewed coffee.The amount of sugars in a can of Red Bull Energy Drink is comparable to the level of sugars in an equivalent amount of apple or orange juice – 11 g per 100ml.Red Bull cans are made of 100% recyclable aluminium.Pack of four 250ml Red Bull Energy Drink cansVitalizes Body and Mind.®RED BULL GIVES YOU WINGSInspired by functional drinks from the Far East, Dietrich Mateschitz founded Red Bull in the mid-1980s. He developed a new product and a unique marketing concept and launched Red Bull Energy Drink on April 1, 1987 in Austria. A brand new product category - Energy Drinks - was born.",
            "volume": "250mL",
            "multipack": {
                "quantity": "4"
            }
        },
        "priceData": {
            "bestPrice": "8.29",
            "price": "8.29",
            "pricePerLitre": 8.299999999999999,
            "bestPricePerLitre": 8.299999999999999
        },
        "store": {
            "id": "f95243ac-bfc9-483a-b10a-b681f4fc4ba2",
            "name": "New World Te Puke"
        }
    },
    {
        "productData": {
            "name": "V Green Guarana Energy Drink 710ml",
            "productId": "5030250_ea_000",
            "productShopPage": "https://www.newworld.co.nz/shop/product/5030250_ea_000nw",
            "productImageURL": "https://a.fsimg.co.nz/product/retail/fan/image/master/5030250.png",
            "productDescription": "Contains Wheat Derivatives\n\nProduct of Imported",
            "volume": "250mL",
            "multipack": {
                "quantity": "3"
            }
        },
        "priceData": {
            "bestPrice": "3.49",
            "price": "3.49",
            "pricePerLitre": 4.9,
            "bestPricePerLitre": 4.9
        },
        "store": {
            "id": "f95243ac-bfc9-483a-b10a-b681f4fc4ba2",
            "name": "New World Te Puke"
        }
    },
    {
        "productData": {
            "name": "Lucozade Orange Energy Drink 380ml",
            "productId": "5009239_ea_000",
            "productShopPage": "https://www.newworld.co.nz/shop/product/5009239_ea_000nw",
            "productImageURL": "https://a.fsimg.co.nz/product/retail/fan/image/master/5009239.png",
            "productDescription": "Powered by Glucose.\n\nProduct of New Zealand",
            "volume": "380mL",
            "multipack": {
                "quantity": "1"
            }
        },
        "priceData": {
            "bestPrice": "2.69",
            "price": "2.69",
            "pricePerLitre": 7.08,
            "bestPricePerLitre": 7.08
        },
        "store": {
            "id": "f95243ac-bfc9-483a-b10a-b681f4fc4ba2",
            "name": "New World Te Puke"
        }
    },
    {
        "productData": {
            "name": "V Pure Natural Energy Drink Glass Bottle 330ml",
            "productId": "5237753_ea_000",
            "productShopPage": "https://www.newworld.co.nz/shop/product/5237753_ea_000nw",
            "productImageURL": "https://a.fsimg.co.nz/product/retail/fan/image/master/5237753.png",
            "productDescription": "Buy 2 for $5.00.\n\n\nNothing artificial\n\nProduct of New Zealand",
            "volume": "330mL",
            "multipack": {
                "quantity": "1"
            }
        },
        "priceData": {
            "bestPrice": 2.5,
            "price": 2.0,
            "pricePerLitre": 6.0606060606060606,
            "bestPricePerLitre": 7.575757575757575,
            "multiBuy": {
                "quantity": 2.0,
                "value": 5.0,
                "perUnit": 2.5
            }
        },
        "store": {
            "id": "f95243ac-bfc9-483a-b10a-b681f4fc4ba2",
            "name": "New World Te Puke"
        }
    },
    {
        "productData": {
            "name": "Lucozade Original Energy Drink 380ml",
            "productId": "5009240_ea_000",
            "productShopPage": "https://www.newworld.co.nz/shop/product/5009240_ea_000nw",
            "productImageURL": "https://a.fsimg.co.nz/product/retail/fan/image/master/5009240.png",
            "productDescription": "Energy from Glucose.\n\nProduct of New Zealand",
            "volume": "380mL",
            "multipack": {
                "quantity": "1"
            }
        },
        "priceData": {
            "bestPrice": "2.69",
            "price": "2.69",
            "pricePerLitre": 7.08,
            "bestPricePerLitre": 7.08
        },
        "store": {
            "id": "f95243ac-bfc9-483a-b10a-b681f4fc4ba2",
            "name": "New World Te Puke"
        }
    },
    {
        "productData": {
            "name": "Rockstar Watermelon Freeze Energy Drink 500ml",
            "productId": "5257298_ea_000",
            "productShopPage": "https://www.newworld.co.nz/shop/product/5257298_ea_000nw",
            "productImageURL": "https://a.fsimg.co.nz/product/retail/fan/image/master/5257298.png",
            "productDescription": "Buy 3 for $5.00.\n\n\n\n\nProduct of New Zealand",
            "volume": "500mL",
            "multipack": {
                "quantity": "1"
            }
        },
        "priceData": {
            "bestPrice": 1.6666666666666667,
            "price": 1.0,
            "pricePerLitre": 2.0,
            "bestPricePerLitre": 3.3333333333333335,
            "multiBuy": {
                "quantity": 3.0,
                "value": 5.0,
                "perUnit": 1.6666666666666667
            }
        },
        "store": {
            "id": "f95243ac-bfc9-483a-b10a-b681f4fc4ba2",
            "name": "New World Te Puke"
        }
    },
    {
        "productData": {
            "name": "Rockstar Original Energy Drink 500ml",
            "productId": "5215383_ea_000",
            "productShopPage": "https://www.newworld.co.nz/shop/product/5215383_ea_000nw",
            "productImageURL": "https://a.fsimg.co.nz/product/retail/fan/image/master/5215383.png",
            "productDescription": "Buy 3 for $5.00.\n\n\nCaffeine; B vitamins; Vitamin C; Taurine; Ginseng\n\nProduct of New Zealand",
            "volume": "500mL",
            "multipack": {
                "quantity": "1"
            }
        },
        "priceData": {
            "bestPrice": 1.6666666666666667,
            "price": 1.0,
            "pricePerLitre": 2.0,
            "bestPricePerLitre": 3.3333333333333335,
            "multiBuy": {
                "quantity": 3.0,
                "value": 5.0,
                "perUnit": 1.6666666666666667
            }
        },
        "store": {
            "id": "f95243ac-bfc9-483a-b10a-b681f4fc4ba2",
            "name": "New World Te Puke"
        }
    },
    {
        "productData": {
            "name": "V Raspberry Lemonade Guarana Energy Drink 4pk",
            "productId": "5289907_ea_000",
            "productShopPage": "https://www.newworld.co.nz/shop/product/5289907_ea_000nw",
            "productImageURL": "https://a.fsimg.co.nz/product/retail/fan/image/master/5289907.png",
            "productDescription": "Limit 12 assorted.\n\n\n\n\nProduct of New Zealand",
            "volume": "250mL",
            "multipack": {
                "quantity": "4"
            }
        },
        "priceData": {
            "bestPrice": "5.99",
            "price": "5.99",
            "pricePerLitre": 5.99,
            "bestPricePerLitre": 5.99
        },
        "store": {
            "id": "f95243ac-bfc9-483a-b10a-b681f4fc4ba2",
            "name": "New World Te Puke"
        }
    },
    {
        "productData": {
            "name": "V Raspberry Lemonade Can 500ml",
            "productId": "5264523_ea_000",
            "productShopPage": "https://www.newworld.co.nz/shop/product/5264523_ea_000nw",
            "productImageURL": "https://a.fsimg.co.nz/product/retail/fan/image/master/5264523.png",
            "productDescription": "Product of New Zealand",
            "volume": "500mL",
            "multipack": {
                "quantity": "1"
            }
        },
        "priceData": {
            "bestPrice": "3.49",
            "price": "3.49",
            "pricePerLitre": 7.0,
            "bestPricePerLitre": 7.0
        },
        "store": {
            "id": "f95243ac-bfc9-483a-b10a-b681f4fc4ba2",
            "name": "New World Te Puke"
        }
    },
    {
        "productData": {
            "name": "V Blue Guarana Energy Drink 6pk",
            "productId": "5272988_ea_000",
            "productShopPage": "https://www.newworld.co.nz/shop/product/5272988_ea_000nw",
            "productImageURL": "https://a.fsimg.co.nz/product/retail/fan/image/master/5272988.png",
            "productDescription": "Product of New Zealand",
            "volume": "330mL",
            "multipack": {
                "quantity": "6"
            }
        },
        "priceData": {
            "bestPrice": "11.99",
            "price": "11.99",
            "pricePerLitre": 6.05,
            "bestPricePerLitre": 6.05
        },
        "store": {
            "id": "f95243ac-bfc9-483a-b10a-b681f4fc4ba2",
            "name": "New World Te Puke"
        }
    },
    {
        "productData": {
            "name": "Monster Mango Loco Energy Drink 500ml",
            "productId": "5242374_ea_000",
            "productShopPage": "https://www.newworld.co.nz/shop/product/5242374_ea_000nw",
            "productImageURL": "https://a.fsimg.co.nz/product/retail/fan/image/master/5242374.png",
            "productDescription": "Product of Imported",
            "volume": "500mL",
            "multipack": {
                "quantity": "1"
            }
        },
        "priceData": {
            "bestPrice": "2.99",
            "price": "2.99",
            "pricePerLitre": 6.0,
            "bestPricePerLitre": 6.0
        },
        "store": {
            "id": "f95243ac-bfc9-483a-b10a-b681f4fc4ba2",
            "name": "New World Te Puke"
        }
    },
    {
        "productData": {
            "name": "Monster Zero Sugar Ultra Rosa Energy Drink 500ml",
            "productId": "5278094_ea_000",
            "productShopPage": "https://www.newworld.co.nz/shop/product/5278094_ea_000nw",
            "productImageURL": "https://a.fsimg.co.nz/product/retail/fan/image/master/5278094.png",
            "productDescription": "Product of Imported",
            "volume": "500mL",
            "multipack": {
                "quantity": "1"
            }
        },
        "priceData": {
            "bestPrice": "2.99",
            "price": "2.99",
            "pricePerLitre": 6.0,
            "bestPricePerLitre": 6.0
        },
        "store": {
            "id": "f95243ac-bfc9-483a-b10a-b681f4fc4ba2",
            "name": "New World Te Puke"
        }
    },
    {
        "productData": {
            "name": "Monster Ultra Paradise Energy Drink 500ml",
            "productId": "5261257_ea_000",
            "productShopPage": "https://www.newworld.co.nz/shop/product/5261257_ea_000nw",
            "productImageURL": "https://a.fsimg.co.nz/product/retail/fan/image/master/5261257.png",
            "productDescription": "Product of Imported",
            "volume": "500mL",
            "multipack": {
                "quantity": "1"
            }
        },
        "priceData": {
            "bestPrice": "2.99",
            "price": "2.99",
            "pricePerLitre": 6.0,
            "bestPricePerLitre": 6.0
        },
        "store": {
            "id": "f95243ac-bfc9-483a-b10a-b681f4fc4ba2",
            "name": "New World Te Puke"
        }
    },
    {
        "productData": {
            "name": "Monster Ultra Zero Drink 500ml",
            "productId": "5090618_ea_000",
            "productShopPage": "https://www.newworld.co.nz/shop/product/5090618_ea_000nw",
            "productImageURL": "https://a.fsimg.co.nz/product/retail/fan/image/master/5090618.png",
            "productDescription": "A little less sweet, lighter-tasting, zero calories, but with a full load of our Monster energy blend. Sure, white is the new black. Monster Energy Zero Ultra. Unleash the Ultra Beast!\n\nProduct of Imported",
            "volume": "500mL",
            "multipack": {
                "quantity": "1"
            }
        },
        "priceData": {
            "bestPrice": "2.99",
            "price": "2.99",
            "pricePerLitre": 6.0,
            "bestPricePerLitre": 6.0
        },
        "store": {
            "id": "f95243ac-bfc9-483a-b10a-b681f4fc4ba2",
            "name": "New World Te Puke"
        }
    },
    {
        "productData": {
            "name": "Monster Super Fuel Zero Sugar Energy Drink 550ml",
            "productId": "5284331_ea_000",
            "productShopPage": "https://www.newworld.co.nz/shop/product/5284331_ea_000nw",
            "productImageURL": "https://a.fsimg.co.nz/product/retail/fan/image/master/5284331.png",
            "productDescription": "Product of Imported",
            "volume": "550mL",
            "multipack": {
                "quantity": "1"
            }
        },
        "priceData": {
            "bestPrice": "3.49",
            "price": "3.49",
            "pricePerLitre": 6.345454545454546,
            "bestPricePerLitre": 6.345454545454546
        },
        "store": {
            "id": "f95243ac-bfc9-483a-b10a-b681f4fc4ba2",
            "name": "New World Te Puke"
        }
    },
    {
        "productData": {
            "name": "Mother Energy Drink Can 500ml",
            "productId": "5011153_ea_000",
            "productShopPage": "https://www.newworld.co.nz/shop/product/5011153_ea_000nw",
            "productImageURL": "https://a.fsimg.co.nz/product/retail/fan/image/master/5011153.png",
            "productDescription": "Contains Caffeine.\n\nProduct of New Zealand",
            "volume": "500mL",
            "multipack": {
                "quantity": "1"
            }
        },
        "priceData": {
            "bestPrice": "1.99",
            "price": "1.99",
            "pricePerLitre": 4.0,
            "bestPricePerLitre": 4.0
        },
        "store": {
            "id": "f95243ac-bfc9-483a-b10a-b681f4fc4ba2",
            "name": "New World Te Puke"
        }
    },
    {
        "productData": {
            "name": "Monster Super Fuel Purple Passion Energy Drink 550ml",
            "productId": "5284332_ea_000",
            "productShopPage": "https://www.newworld.co.nz/shop/product/5284332_ea_000nw",
            "productImageURL": "https://a.fsimg.co.nz/product/retail/fan/image/master/5284332.png",
            "productDescription": "Product of Imported",
            "volume": "550mL",
            "multipack": {
                "quantity": "1"
            }
        },
        "priceData": {
            "bestPrice": "3.49",
            "price": "3.49",
            "pricePerLitre": 6.345454545454546,
            "bestPricePerLitre": 6.345454545454546
        },
        "store": {
            "id": "f95243ac-bfc9-483a-b10a-b681f4fc4ba2",
            "name": "New World Te Puke"
        }
    },
    {
        "productData": {
            "name": "Mother Energy Drink Can 6pk",
            "productId": "5009490_ea_000",
            "productShopPage": "https://www.newworld.co.nz/shop/product/5009490_ea_000nw",
            "productImageURL": "https://a.fsimg.co.nz/product/retail/fan/image/master/5009490.png",
            "productDescription": "Contains Caffeine.\n\nProduct of New Zealand",
            "volume": "250mL",
            "multipack": {
                "quantity": "6"
            }
        },
        "priceData": {
            "bestPrice": "7.49",
            "price": "7.49",
            "pricePerLitre": 5.0,
            "bestPricePerLitre": 5.0
        },
        "store": {
            "id": "f95243ac-bfc9-483a-b10a-b681f4fc4ba2",
            "name": "New World Te Puke"
        }
    },
    {
        "productData": {
            "name": "Monster Pipeline Punch Energy Drink 500ml",
            "productId": "5242373_ea_000",
            "productShopPage": "https://www.newworld.co.nz/shop/product/5242373_ea_000nw",
            "productImageURL": "https://a.fsimg.co.nz/product/retail/fan/image/master/5242373.png",
            "productDescription": "Product of Imported",
            "volume": "500mL",
            "multipack": {
                "quantity": "1"
            }
        },
        "priceData": {
            "bestPrice": "2.99",
            "price": "2.99",
            "pricePerLitre": 6.0,
            "bestPricePerLitre": 6.0
        },
        "store": {
            "id": "f95243ac-bfc9-483a-b10a-b681f4fc4ba2",
            "name": "New World Te Puke"
        }
    },
    {
        "productData": {
            "name": "Monster Energy Drink 500ml",
            "productId": "5007647_ea_000",
            "productShopPage": "https://www.newworld.co.nz/shop/product/5007647_ea_000nw",
            "productImageURL": "https://a.fsimg.co.nz/product/retail/fan/image/master/5007647.png",
            "productDescription": "Contains Caffeine.\n\nProduct of Imported",
            "volume": "500mL",
            "multipack": {
                "quantity": "1"
            }
        },
        "priceData": {
            "bestPrice": "2.99",
            "price": "2.99",
            "pricePerLitre": 6.0,
            "bestPricePerLitre": 6.0
        },
        "store": {
            "id": "f95243ac-bfc9-483a-b10a-b681f4fc4ba2",
            "name": "New World Te Puke"
        }
    },
    {
        "productData": {
            "name": "V Sugarfree Guarana Energy Drink 4pk",
            "productId": "5210130_ea_000",
            "productShopPage": "https://www.newworld.co.nz/shop/product/5210130_ea_000nw",
            "productImageURL": "https://a.fsimg.co.nz/product/retail/fan/image/master/5210130.png",
            "productDescription": "Sugarfree\n\nProduct of New Zealand",
            "volume": "275mL",
            "multipack": {
                "quantity": "4"
            }
        },
        "priceData": {
            "bestPrice": "9.19",
            "price": "9.19",
            "pricePerLitre": 8.4,
            "bestPricePerLitre": 8.4
        },
        "store": {
            "id": "f95243ac-bfc9-483a-b10a-b681f4fc4ba2",
            "name": "New World Te Puke"
        }
    },
    {
        "productData": {
            "name": "Monster Energy Drink 4pk",
            "productId": "5107264_ea_000",
            "productShopPage": "https://www.newworld.co.nz/shop/product/5107264_ea_000nw",
            "productImageURL": "https://a.fsimg.co.nz/product/retail/fan/image/master/5107264.png",
            "productDescription": "Product of Imported",
            "volume": "",
            "multipack": {
                "quantity": ""
            }
        },
        "priceData": {
            "bestPrice": "11.99",
            "price": "11.99",
            "pricePerLitre": 6.0,
            "bestPricePerLitre": 6.0
        },
        "store": {
            "id": "f95243ac-bfc9-483a-b10a-b681f4fc4ba2",
            "name": "New World Te Puke"
        }
    },
    {
        "productData": {
            "name": "V Sugarfree Guarana Energy Drink 500ml",
            "productId": "5007644_ea_000",
            "productShopPage": "https://www.newworld.co.nz/shop/product/5007644_ea_000nw",
            "productImageURL": "https://a.fsimg.co.nz/product/retail/fan/image/master/5007644.png",
            "productDescription": "Sugar Free.\n\nProduct of New Zealand",
            "volume": "500mL",
            "multipack": {
                "quantity": "1"
            }
        },
        "priceData": {
            "bestPrice": "3.49",
            "price": "3.49",
            "pricePerLitre": 7.0,
            "bestPricePerLitre": 7.0
        },
        "store": {
            "id": "f95243ac-bfc9-483a-b10a-b681f4fc4ba2",
            "name": "New World Te Puke"
        }
    },
    {
        "productData": {
            "name": "V Original Guarana Energy Drink 500ml",
            "productId": "5004703_ea_000",
            "productShopPage": "https://www.newworld.co.nz/shop/product/5004703_ea_000nw",
            "productImageURL": "https://a.fsimg.co.nz/product/retail/fan/image/master/5004703.png",
            "productDescription": "Contains Caffeine.\n\nProduct of New Zealand",
            "volume": "500mL",
            "multipack": {
                "quantity": "1"
            }
        },
        "priceData": {
            "bestPrice": "3.49",
            "price": "3.49",
            "pricePerLitre": 7.0,
            "bestPricePerLitre": 7.0
        },
        "store": {
            "id": "f95243ac-bfc9-483a-b10a-b681f4fc4ba2",
            "name": "New World Te Puke"
        }
    },
    {
        "productData": {
            "name": "V Original Guarana Energy Drink 500ml",
            "productId": "5007441_ea_000",
            "productShopPage": "https://www.newworld.co.nz/shop/product/5007441_ea_000nw",
            "productImageURL": "https://a.fsimg.co.nz/product/retail/fan/image/master/5007441.png",
            "productDescription": "Buy 2 for $5.00.\n\n\nContains Wheat Derivatives, Caffeine.\n\nProduct of New Zealand",
            "volume": "500mL",
            "multipack": {
                "quantity": "1"
            }
        },
        "priceData": {
            "bestPrice": 2.5,
            "price": 2.0,
            "pricePerLitre": 4.0,
            "bestPricePerLitre": 5.0,
            "multiBuy": {
                "quantity": 2.0,
                "value": 5.0,
                "perUnit": 2.5
            }
        },
        "store": {
            "id": "f95243ac-bfc9-483a-b10a-b681f4fc4ba2",
            "name": "New World Te Puke"
        }
    },
    {
        "productData": {
            "name": "V Blue Guarana Energy Drink 10pk",
            "productId": "5290181_ea_000",
            "productShopPage": "https://www.newworld.co.nz/shop/product/5290181_ea_000nw",
            "productImageURL": "https://a.fsimg.co.nz/product/retail/fan/image/master/5290181.png",
            "productDescription": "Product of New Zealand",
            "volume": "250mL",
            "multipack": {
                "quantity": "10"
            }
        },
        "priceData": {
            "bestPrice": "17.99",
            "price": "17.99",
            "pricePerLitre": 7.2,
            "bestPricePerLitre": 7.2
        },
        "store": {
            "id": "513fc849-3dbe-4333-a148-4edee5baef67",
            "name": "New World Devonport"
        }
    },
    {
        "productData": {
            "name": "V Blue Guarana Energy Drink 250ml",
            "productId": "5007495_ea_000",
            "productShopPage": "https://www.newworld.co.nz/shop/product/5007495_ea_000nw",
            "productImageURL": "https://a.fsimg.co.nz/product/retail/fan/image/master/5007495.png",
            "productDescription": "Contains Caffeine, Wheat Derivatives.\n\nProduct of New Zealand",
            "volume": "250mL",
            "multipack": {
                "quantity": "1"
            }
        },
        "priceData": {
            "bestPrice": "1.99",
            "price": "1.99",
            "pricePerLitre": 8.0,
            "bestPricePerLitre": 8.0
        },
        "store": {
            "id": "513fc849-3dbe-4333-a148-4edee5baef67",
            "name": "New World Devonport"
        }
    },
    {
        "productData": {
            "name": "V Sugarfree Blue Guarana Energy Drink 4pk",
            "productId": "5289891_ea_000",
            "productShopPage": "https://www.newworld.co.nz/shop/product/5289891_ea_000nw",
            "productImageURL": "https://a.fsimg.co.nz/product/retail/fan/image/master/5289891.png",
            "productDescription": "Limit 12 assorted.\n\n\n\n\nProduct of New Zealand",
            "volume": "250mL",
            "multipack": {
                "quantity": "4"
            }
        },
        "priceData": {
            "bestPrice": "5.99",
            "price": "5.99",
            "pricePerLitre": 5.99,
            "bestPricePerLitre": 5.99
        },
        "store": {
            "id": "513fc849-3dbe-4333-a148-4edee5baef67",
            "name": "New World Devonport"
        }
    },
    {
        "productData": {
            "name": "V Sugarfree Guarana Energy Drink 250ml",
            "productId": "5001639_ea_000",
            "productShopPage": "https://www.newworld.co.nz/shop/product/5001639_ea_000nw",
            "productImageURL": "https://a.fsimg.co.nz/product/retail/fan/image/master/5001639.png",
            "productDescription": "Sugar Free. Contains Caffeine.\n\nProduct of New Zealand",
            "volume": "250mL",
            "multipack": {
                "quantity": "1"
            }
        },
        "priceData": {
            "bestPrice": "1.99",
            "price": "1.99",
            "pricePerLitre": 8.0,
            "bestPricePerLitre": 8.0
        },
        "store": {
            "id": "513fc849-3dbe-4333-a148-4edee5baef67",
            "name": "New World Devonport"
        }
    },
    {
        "productData": {
            "name": "V Sugarfree Guarana Energy Drink 10pk",
            "productId": "5289890_ea_000",
            "productShopPage": "https://www.newworld.co.nz/shop/product/5289890_ea_000nw",
            "productImageURL": "https://a.fsimg.co.nz/product/retail/fan/image/master/5289890.png",
            "productDescription": "Product of New Zealand",
            "volume": "",
            "multipack": {
                "quantity": ""
            }
        },
        "priceData": {
            "bestPrice": "17.99",
            "price": "17.99",
            "pricePerLitre": 72.0,
            "bestPricePerLitre": 72.0
        },
        "store": {
            "id": "513fc849-3dbe-4333-a148-4edee5baef67",
            "name": "New World Devonport"
        }
    },
    {
        "productData": {
            "name": "Live Plus Persist Energy Drink 250ml",
            "productId": "5236678_ea_000",
            "productShopPage": "https://www.newworld.co.nz/shop/product/5236678_ea_000nw",
            "productImageURL": "https://a.fsimg.co.nz/product/retail/fan/image/master/5236678.png",
            "productDescription": "Limit 12 assorted.\n\n\n\n\nProduct of New Zealand",
            "volume": "",
            "multipack": {
                "quantity": ""
            }
        },
        "priceData": {
            "bestPrice": "0.99",
            "price": "0.99"
        },
        "store": {
            "id": "513fc849-3dbe-4333-a148-4edee5baef67",
            "name": "New World Devonport"
        }
    },
    {
        "productData": {
            "name": "V Green Guarana Energy Drink 10pk",
            "productId": "5289889_ea_000",
            "productShopPage": "https://www.newworld.co.nz/shop/product/5289889_ea_000nw",
            "productImageURL": "https://a.fsimg.co.nz/product/retail/fan/image/master/5289889.png",
            "productDescription": "Product of New Zealand",
            "volume": "250mL",
            "multipack": {
                "quantity": "10"
            }
        },
        "priceData": {
            "bestPrice": "17.99",
            "price": "17.99",
            "pricePerLitre": 7.2,
            "bestPricePerLitre": 7.2
        },
        "store": {
            "id": "513fc849-3dbe-4333-a148-4edee5baef67",
            "name": "New World Devonport"
        }
    },
    {
        "productData": {
            "name": "V Sugarfree Blue Guarana Energy Drink 500ml",
            "productId": "5283362_ea_000",
            "productShopPage": "https://www.newworld.co.nz/shop/product/5283362_ea_000nw",
            "productImageURL": "https://a.fsimg.co.nz/product/retail/fan/image/master/5283362.png",
            "productDescription": "Sugar free\n\nProduct of New Zealand",
            "volume": "500mL",
            "multipack": {
                "quantity": "1"
            }
        },
        "priceData": {
            "bestPrice": "3.49",
            "price": "3.49",
            "pricePerLitre": 7.0,
            "bestPricePerLitre": 7.0
        },
        "store": {
            "id": "513fc849-3dbe-4333-a148-4edee5baef67",
            "name": "New World Devonport"
        }
    },
    {
        "productData": {
            "name": "V Original Guarana Energy Drink 350ml",
            "productId": "5003156_ea_000",
            "productShopPage": "https://www.newworld.co.nz/shop/product/5003156_ea_000nw",
            "productImageURL": "https://a.fsimg.co.nz/product/retail/fan/image/master/5003156.png",
            "productDescription": "Buy 2 for $5.00.\n\n\nContains Caffeine.\n\nProduct of New Zealand",
            "volume": "350mL",
            "multipack": {
                "quantity": "1"
            }
        },
        "priceData": {
            "bestPrice": 2.5,
            "price": 2.0,
            "pricePerLitre": 5.714285714285714,
            "bestPricePerLitre": 7.142857142857143,
            "multiBuy": {
                "quantity": 2.0,
                "value": 5.0,
                "perUnit": 2.5
            }
        },
        "store": {
            "id": "513fc849-3dbe-4333-a148-4edee5baef67",
            "name": "New World Devonport"
        }
    },
    {
        "productData": {
            "name": "V Blue Guarana Energy Drink 350ml",
            "productId": "5007492_ea_000",
            "productShopPage": "https://www.newworld.co.nz/shop/product/5007492_ea_000nw",
            "productImageURL": "https://a.fsimg.co.nz/product/retail/fan/image/master/5007492.png",
            "productDescription": "Buy 2 for $5.00.\n\n\nContains Caffeine, Wheat Derivatives.\n\nProduct of New Zealand",
            "volume": "350mL",
            "multipack": {
                "quantity": "1"
            }
        },
        "priceData": {
            "bestPrice": 2.5,
            "price": 2.0,
            "pricePerLitre": 5.714285714285714,
            "bestPricePerLitre": 7.142857142857143,
            "multiBuy": {
                "quantity": 2.0,
                "value": 5.0,
                "perUnit": 2.5
            }
        },
        "store": {
            "id": "513fc849-3dbe-4333-a148-4edee5baef67",
            "name": "New World Devonport"
        }
    },
    {
        "productData": {
            "name": "V Blue Guarana Energy Drink 500ml",
            "productId": "5007494_ea_000",
            "productShopPage": "https://www.newworld.co.nz/shop/product/5007494_ea_000nw",
            "productImageURL": "https://a.fsimg.co.nz/product/retail/fan/image/master/5007494.png",
            "productDescription": "Contains Wheat Derivatives, Caffeine.\n\nProduct of New Zealand",
            "volume": "500mL",
            "multipack": {
                "quantity": "1"
            }
        },
        "priceData": {
            "bestPrice": "3.49",
            "price": "3.49",
            "pricePerLitre": 7.0,
            "bestPricePerLitre": 7.0
        },
        "store": {
            "id": "513fc849-3dbe-4333-a148-4edee5baef67",
            "name": "New World Devonport"
        }
    },
    {
        "productData": {
            "name": "Red Bull Energy Drink 473ml",
            "productId": "5005255_ea_000",
            "productShopPage": "https://www.newworld.co.nz/shop/product/5005255_ea_000nw",
            "productImageURL": "https://a.fsimg.co.nz/product/retail/fan/image/master/5005255.png",
            "productDescription": "Red Bull Energy Drink's special formula contains ingredients of high quality: Caffeine, Taurine, B-Group Vitamins, Sugars, Alpine Water.One 250ml can of Red Bull Energy Drinks contains 80 mg of caffeine, about the same amount as in a cup of home-brewed coffee.The amount of sugars in a can of Red Bull Energy Drink is comparable to the level of sugars in an equivalent amount of apple or orange juice – 11 g per 100ml.Red Bull cans are made of 100% recyclable aluminium.Red Bull Energy Drink 473ml canVitalizes Body and Mind.®RED BULL GIVES YOU WINGSInspired by functional drinks from the Far East, Dietrich Mateschitz founded Red Bull in the mid-1980s. He developed a new product and a unique marketing concept and launched Red Bull Energy Drink on April 1, 1987 in Austria. A brand new product category - Energy Drinks - was born.\n\nProduct of Imported",
            "volume": "473mL",
            "multipack": {
                "quantity": "1"
            }
        },
        "priceData": {
            "bestPrice": "3.59",
            "price": "3.59",
            "pricePerLitre": 7.6,
            "bestPricePerLitre": 7.6
        },
        "store": {
            "id": "513fc849-3dbe-4333-a148-4edee5baef67",
            "name": "New World Devonport"
        }
    },
    {
        "productData": {
            "name": "V Original Guarana Energy Drink 250ml",
            "productId": "5003151_ea_000",
            "productShopPage": "https://www.newworld.co.nz/shop/product/5003151_ea_000nw",
            "productImageURL": "https://a.fsimg.co.nz/product/retail/fan/image/master/5003151.png",
            "productDescription": "Contains Caffeine.\n\nProduct of New Zealand",
            "volume": "250mL",
            "multipack": {
                "quantity": "1"
            }
        },
        "priceData": {
            "bestPrice": "1.99",
            "price": "1.99",
            "pricePerLitre": 8.0,
            "bestPricePerLitre": 8.0
        },
        "store": {
            "id": "513fc849-3dbe-4333-a148-4edee5baef67",
            "name": "New World Devonport"
        }
    },
    {
        "productData": {
            "name": "Red Bull Energy Drink 250ml Cans 4pk",
            "productId": "5001443_ea_000",
            "productShopPage": "https://www.newworld.co.nz/shop/product/5001443_ea_000nw",
            "productImageURL": "https://a.fsimg.co.nz/product/retail/fan/image/master/5001443.png",
            "productDescription": "Red Bull Energy Drink's special formula contains ingredients of high quality: Caffeine, Taurine, B-Group Vitamins, Sugars, Alpine Water.One 250ml can of Red Bull Energy Drinks contains 80 mg of caffeine, about the same amount as in a cup of home-brewed coffee.The amount of sugars in a can of Red Bull Energy Drink is comparable to the level of sugars in an equivalent amount of apple or orange juice – 11 g per 100ml.Red Bull cans are made of 100% recyclable aluminium.Pack of four 250ml Red Bull Energy Drink cansVitalizes Body and Mind.®RED BULL GIVES YOU WINGSInspired by functional drinks from the Far East, Dietrich Mateschitz founded Red Bull in the mid-1980s. He developed a new product and a unique marketing concept and launched Red Bull Energy Drink on April 1, 1987 in Austria. A brand new product category - Energy Drinks - was born.",
            "volume": "250mL",
            "multipack": {
                "quantity": "4"
            }
        },
        "priceData": {
            "bestPrice": "8.29",
            "price": "8.29",
            "pricePerLitre": 8.299999999999999,
            "bestPricePerLitre": 8.299999999999999
        },
        "store": {
            "id": "513fc849-3dbe-4333-a148-4edee5baef67",
            "name": "New World Devonport"
        }
    },
    {
        "productData": {
            "name": "Lucozade Orange Energy Drink 380ml",
            "productId": "5009239_ea_000",
            "productShopPage": "https://www.newworld.co.nz/shop/product/5009239_ea_000nw",
            "productImageURL": "https://a.fsimg.co.nz/product/retail/fan/image/master/5009239.png",
            "productDescription": "Powered by Glucose.\n\nProduct of New Zealand",
            "volume": "380mL",
            "multipack": {
                "quantity": "1"
            }
        },
        "priceData": {
            "bestPrice": "2.69",
            "price": "2.69",
            "pricePerLitre": 7.08,
            "bestPricePerLitre": 7.08
        },
        "store": {
            "id": "513fc849-3dbe-4333-a148-4edee5baef67",
            "name": "New World Devonport"
        }
    },
    {
        "productData": {
            "name": "Lucozade Original Energy Drink 380ml",
            "productId": "5009240_ea_000",
            "productShopPage": "https://www.newworld.co.nz/shop/product/5009240_ea_000nw",
            "productImageURL": "https://a.fsimg.co.nz/product/retail/fan/image/master/5009240.png",
            "productDescription": "Energy from Glucose.\n\nProduct of New Zealand",
            "volume": "380mL",
            "multipack": {
                "quantity": "1"
            }
        },
        "priceData": {
            "bestPrice": "2.69",
            "price": "2.69",
            "pricePerLitre": 7.08,
            "bestPricePerLitre": 7.08
        },
        "store": {
            "id": "513fc849-3dbe-4333-a148-4edee5baef67",
            "name": "New World Devonport"
        }
    },
    {
        "productData": {
            "name": "V Pure Natural Energy Drink Can 250ml",
            "productId": "5237735_ea_000",
            "productShopPage": "https://www.newworld.co.nz/shop/product/5237735_ea_000nw",
            "productImageURL": "https://a.fsimg.co.nz/product/retail/fan/image/master/5237735.png",
            "productDescription": "6 natural ingredients; Nothing artificial; Apple juice - Apple and lemon juice is reconstituted; Lemon juice - Apple and lemon juice is reconstituted\n\nProduct of New Zealand",
            "volume": "250mL",
            "multipack": {
                "quantity": "1"
            }
        },
        "priceData": {
            "bestPrice": "1.99",
            "price": "1.99",
            "pricePerLitre": 8.0,
            "bestPricePerLitre": 8.0
        },
        "store": {
            "id": "513fc849-3dbe-4333-a148-4edee5baef67",
            "name": "New World Devonport"
        }
    },
    {
        "productData": {
            "name": "V Raspberry Lemonade Guarana Energy Drink 4pk",
            "productId": "5289907_ea_000",
            "productShopPage": "https://www.newworld.co.nz/shop/product/5289907_ea_000nw",
            "productImageURL": "https://a.fsimg.co.nz/product/retail/fan/image/master/5289907.png",
            "productDescription": "Limit 12 assorted.\n\n\n\n\nProduct of New Zealand",
            "volume": "250mL",
            "multipack": {
                "quantity": "4"
            }
        },
        "priceData": {
            "bestPrice": "5.99",
            "price": "5.99",
            "pricePerLitre": 5.99,
            "bestPricePerLitre": 5.99
        },
        "store": {
            "id": "513fc849-3dbe-4333-a148-4edee5baef67",
            "name": "New World Devonport"
        }
    },
    {
        "productData": {
            "name": "V Blue Can 4pk",
            "productId": "5030249_ea_000",
            "productShopPage": "https://www.newworld.co.nz/shop/product/5030249_ea_000nw",
            "productImageURL": "https://a.fsimg.co.nz/product/retail/fan/image/master/5030249.png",
            "productDescription": "Limit 12 assorted.\n\n\nContains Wheat Derivatives, Caffeine.\n\nProduct of New Zealand",
            "volume": "250mL",
            "multipack": {
                "quantity": "4"
            }
        },
        "priceData": {
            "bestPrice": "5.99",
            "price": "5.99",
            "pricePerLitre": 5.99,
            "bestPricePerLitre": 5.99
        },
        "store": {
            "id": "513fc849-3dbe-4333-a148-4edee5baef67",
            "name": "New World Devonport"
        }
    },
    {
        "productData": {
            "name": "V Energy Drink Sugarfree Cans 4pk",
            "productId": "5004117_ea_000",
            "productShopPage": "https://www.newworld.co.nz/shop/product/5004117_ea_000nw",
            "productImageURL": "https://a.fsimg.co.nz/product/retail/fan/image/master/5004117.png",
            "productDescription": "Limit 12 assorted.\n\n\nSugar Free. Contains Caffeine.\n\nProduct of New Zealand",
            "volume": "250mL",
            "multipack": {
                "quantity": "4"
            }
        },
        "priceData": {
            "bestPrice": "5.99",
            "price": "5.99",
            "pricePerLitre": 5.99,
            "bestPricePerLitre": 5.99
        },
        "store": {
            "id": "513fc849-3dbe-4333-a148-4edee5baef67",
            "name": "New World Devonport"
        }
    },
    {
        "productData": {
            "name": "Monster Mango Loco Energy Drink 500ml",
            "productId": "5242374_ea_000",
            "productShopPage": "https://www.newworld.co.nz/shop/product/5242374_ea_000nw",
            "productImageURL": "https://a.fsimg.co.nz/product/retail/fan/image/master/5242374.png",
            "productDescription": "Product of Imported",
            "volume": "500mL",
            "multipack": {
                "quantity": "1"
            }
        },
        "priceData": {
            "bestPrice": "2.99",
            "price": "2.99",
            "pricePerLitre": 6.0,
            "bestPricePerLitre": 6.0
        },
        "store": {
            "id": "513fc849-3dbe-4333-a148-4edee5baef67",
            "name": "New World Devonport"
        }
    },
    {
        "productData": {
            "name": "V Energy Drink Green Cans 4pk",
            "productId": "5002893_ea_000",
            "productShopPage": "https://www.newworld.co.nz/shop/product/5002893_ea_000nw",
            "productImageURL": "https://a.fsimg.co.nz/product/retail/fan/image/master/5002893.png",
            "productDescription": "Limit 12 assorted.\n\n\nContains Caffeine.\n\nProduct of New Zealand",
            "volume": "250mL",
            "multipack": {
                "quantity": "4"
            }
        },
        "priceData": {
            "bestPrice": "5.99",
            "price": "5.99",
            "pricePerLitre": 5.99,
            "bestPricePerLitre": 5.99
        },
        "store": {
            "id": "513fc849-3dbe-4333-a148-4edee5baef67",
            "name": "New World Devonport"
        }
    },
    {
        "productData": {
            "name": "Monster Ultra Zero Drink 500ml",
            "productId": "5090618_ea_000",
            "productShopPage": "https://www.newworld.co.nz/shop/product/5090618_ea_000nw",
            "productImageURL": "https://a.fsimg.co.nz/product/retail/fan/image/master/5090618.png",
            "productDescription": "A little less sweet, lighter-tasting, zero calories, but with a full load of our Monster energy blend. Sure, white is the new black. Monster Energy Zero Ultra. Unleash the Ultra Beast!\n\nProduct of Imported",
            "volume": "500mL",
            "multipack": {
                "quantity": "1"
            }
        },
        "priceData": {
            "bestPrice": "2.99",
            "price": "2.99",
            "pricePerLitre": 6.0,
            "bestPricePerLitre": 6.0
        },
        "store": {
            "id": "513fc849-3dbe-4333-a148-4edee5baef67",
            "name": "New World Devonport"
        }
    },
    {
        "productData": {
            "name": "Monster Super Fuel Zero Sugar Energy Drink 550ml",
            "productId": "5284331_ea_000",
            "productShopPage": "https://www.newworld.co.nz/shop/product/5284331_ea_000nw",
            "productImageURL": "https://a.fsimg.co.nz/product/retail/fan/image/master/5284331.png",
            "productDescription": "Product of Imported",
            "volume": "550mL",
            "multipack": {
                "quantity": "1"
            }
        },
        "priceData": {
            "bestPrice": "3.49",
            "price": "3.49",
            "pricePerLitre": 6.345454545454546,
            "bestPricePerLitre": 6.345454545454546
        },
        "store": {
            "id": "513fc849-3dbe-4333-a148-4edee5baef67",
            "name": "New World Devonport"
        }
    },
    {
        "productData": {
            "name": "Mother Energy Drink Can 500ml",
            "productId": "5011153_ea_000",
            "productShopPage": "https://www.newworld.co.nz/shop/product/5011153_ea_000nw",
            "productImageURL": "https://a.fsimg.co.nz/product/retail/fan/image/master/5011153.png",
            "productDescription": "Contains Caffeine.\n\nProduct of New Zealand",
            "volume": "500mL",
            "multipack": {
                "quantity": "1"
            }
        },
        "priceData": {
            "bestPrice": "1.99",
            "price": "1.99",
            "pricePerLitre": 4.0,
            "bestPricePerLitre": 4.0
        },
        "store": {
            "id": "513fc849-3dbe-4333-a148-4edee5baef67",
            "name": "New World Devonport"
        }
    },
    {
        "productData": {
            "name": "V Sugarfree Guarana Energy Drink 500ml",
            "productId": "5007644_ea_000",
            "productShopPage": "https://www.newworld.co.nz/shop/product/5007644_ea_000nw",
            "productImageURL": "https://a.fsimg.co.nz/product/retail/fan/image/master/5007644.png",
            "productDescription": "Sugar Free.\n\nProduct of New Zealand",
            "volume": "500mL",
            "multipack": {
                "quantity": "1"
            }
        },
        "priceData": {
            "bestPrice": "3.49",
            "price": "3.49",
            "pricePerLitre": 7.0,
            "bestPricePerLitre": 7.0
        },
        "store": {
            "id": "513fc849-3dbe-4333-a148-4edee5baef67",
            "name": "New World Devonport"
        }
    },
    {
        "productData": {
            "name": "V Original Guarana Energy Drink 500ml",
            "productId": "5004703_ea_000",
            "productShopPage": "https://www.newworld.co.nz/shop/product/5004703_ea_000nw",
            "productImageURL": "https://a.fsimg.co.nz/product/retail/fan/image/master/5004703.png",
            "productDescription": "Contains Caffeine.\n\nProduct of New Zealand",
            "volume": "500mL",
            "multipack": {
                "quantity": "1"
            }
        },
        "priceData": {
            "bestPrice": "3.49",
            "price": "3.49",
            "pricePerLitre": 7.0,
            "bestPricePerLitre": 7.0
        },
        "store": {
            "id": "513fc849-3dbe-4333-a148-4edee5baef67",
            "name": "New World Devonport"
        }
    },
    {
        "productData": {
            "name": "V Original Guarana Energy Drink 500ml",
            "productId": "5007441_ea_000",
            "productShopPage": "https://www.newworld.co.nz/shop/product/5007441_ea_000nw",
            "productImageURL": "https://a.fsimg.co.nz/product/retail/fan/image/master/5007441.png",
            "productDescription": "Buy 2 for $5.00.\n\n\nContains Wheat Derivatives, Caffeine.\n\nProduct of New Zealand",
            "volume": "500mL",
            "multipack": {
                "quantity": "1"
            }
        },
        "priceData": {
            "bestPrice": 2.5,
            "price": 2.0,
            "pricePerLitre": 4.0,
            "bestPricePerLitre": 5.0,
            "multiBuy": {
                "quantity": 2.0,
                "value": 5.0,
                "perUnit": 2.5
            }
        },
        "store": {
            "id": "513fc849-3dbe-4333-a148-4edee5baef67",
            "name": "New World Devonport"
        }
    },
    {
        "productData": {
            "name": "V Blue Guarana Energy Drink 10pk",
            "productId": "5290181_ea_000",
            "productShopPage": "https://www.newworld.co.nz/shop/product/5290181_ea_000nw",
            "productImageURL": "https://a.fsimg.co.nz/product/retail/fan/image/master/5290181.png",
            "productDescription": "Product of New Zealand",
            "volume": "250mL",
            "multipack": {
                "quantity": "10"
            }
        },
        "priceData": {
            "bestPrice": "17.99",
            "price": "17.99",
            "pricePerLitre": 7.2,
            "bestPricePerLitre": 7.2
        },
        "store": {
            "id": "aed206ae-c0ba-4c81-b7e9-7b420bc3616c",
            "name": "New World Dannevirke"
        }
    },
    {
        "productData": {
            "name": "V Blue Guarana Energy Drink 250ml",
            "productId": "5007495_ea_000",
            "productShopPage": "https://www.newworld.co.nz/shop/product/5007495_ea_000nw",
            "productImageURL": "https://a.fsimg.co.nz/product/retail/fan/image/master/5007495.png",
            "productDescription": "Contains Caffeine, Wheat Derivatives.\n\nProduct of New Zealand",
            "volume": "250mL",
            "multipack": {
                "quantity": "1"
            }
        },
        "priceData": {
            "bestPrice": "1.99",
            "price": "1.99",
            "pricePerLitre": 8.0,
            "bestPricePerLitre": 8.0
        },
        "store": {
            "id": "aed206ae-c0ba-4c81-b7e9-7b420bc3616c",
            "name": "New World Dannevirke"
        }
    },
    {
        "productData": {
            "name": "V Sugarfree Blue Guarana Energy Drink 4pk",
            "productId": "5289891_ea_000",
            "productShopPage": "https://www.newworld.co.nz/shop/product/5289891_ea_000nw",
            "productImageURL": "https://a.fsimg.co.nz/product/retail/fan/image/master/5289891.png",
            "productDescription": "Limit 12 assorted.\n\n\n\n\nProduct of New Zealand",
            "volume": "250mL",
            "multipack": {
                "quantity": "4"
            }
        },
        "priceData": {
            "bestPrice": "5.99",
            "price": "5.99",
            "pricePerLitre": 5.99,
            "bestPricePerLitre": 5.99
        },
        "store": {
            "id": "aed206ae-c0ba-4c81-b7e9-7b420bc3616c",
            "name": "New World Dannevirke"
        }
    },
    {
        "productData": {
            "name": "V Sugarfree Guarana Energy Drink 250ml",
            "productId": "5001639_ea_000",
            "productShopPage": "https://www.newworld.co.nz/shop/product/5001639_ea_000nw",
            "productImageURL": "https://a.fsimg.co.nz/product/retail/fan/image/master/5001639.png",
            "productDescription": "Sugar Free. Contains Caffeine.\n\nProduct of New Zealand",
            "volume": "250mL",
            "multipack": {
                "quantity": "1"
            }
        },
        "priceData": {
            "bestPrice": "1.99",
            "price": "1.99",
            "pricePerLitre": 8.0,
            "bestPricePerLitre": 8.0
        },
        "store": {
            "id": "aed206ae-c0ba-4c81-b7e9-7b420bc3616c",
            "name": "New World Dannevirke"
        }
    },
    {
        "productData": {
            "name": "V Sugarfree Guarana Energy Drink 10pk",
            "productId": "5289890_ea_000",
            "productShopPage": "https://www.newworld.co.nz/shop/product/5289890_ea_000nw",
            "productImageURL": "https://a.fsimg.co.nz/product/retail/fan/image/master/5289890.png",
            "productDescription": "Product of New Zealand",
            "volume": "",
            "multipack": {
                "quantity": ""
            }
        },
        "priceData": {
            "bestPrice": "17.99",
            "price": "17.99",
            "pricePerLitre": 72.0,
            "bestPricePerLitre": 72.0
        },
        "store": {
            "id": "aed206ae-c0ba-4c81-b7e9-7b420bc3616c",
            "name": "New World Dannevirke"
        }
    },
    {
        "productData": {
            "name": "Live Plus Ascend Energy Drink 250ml",
            "productId": "5236675_ea_000",
            "productShopPage": "https://www.newworld.co.nz/shop/product/5236675_ea_000nw",
            "productImageURL": "https://a.fsimg.co.nz/product/retail/fan/image/master/5236675.png",
            "productDescription": "Limit 12 assorted.\n\n\n\n\nProduct of New Zealand",
            "volume": "",
            "multipack": {
                "quantity": ""
            }
        },
        "priceData": {
            "bestPrice": "0.99",
            "price": "0.99"
        },
        "store": {
            "id": "aed206ae-c0ba-4c81-b7e9-7b420bc3616c",
            "name": "New World Dannevirke"
        }
    },
    {
        "productData": {
            "name": "Live Plus Tart Apple Energy Drink 250ml",
            "productId": "5236676_ea_000",
            "productShopPage": "https://www.newworld.co.nz/shop/product/5236676_ea_000nw",
            "productImageURL": "https://a.fsimg.co.nz/product/retail/fan/image/master/5236676.png",
            "productDescription": "Limit 12 assorted.\n\n\n\n\nProduct of New Zealand",
            "volume": "250mL",
            "multipack": {
                "quantity": "1"
            }
        },
        "priceData": {
            "bestPrice": "0.99",
            "price": "0.99",
            "pricePerLitre": 3.96,
            "bestPricePerLitre": 3.96
        },
        "store": {
            "id": "aed206ae-c0ba-4c81-b7e9-7b420bc3616c",
            "name": "New World Dannevirke"
        }
    },
    {
        "productData": {
            "name": "Live Plus Persist Energy Drink 250ml",
            "productId": "5236678_ea_000",
            "productShopPage": "https://www.newworld.co.nz/shop/product/5236678_ea_000nw",
            "productImageURL": "https://a.fsimg.co.nz/product/retail/fan/image/master/5236678.png",
            "productDescription": "Limit 12 assorted.\n\n\n\n\nProduct of New Zealand",
            "volume": "",
            "multipack": {
                "quantity": ""
            }
        },
        "priceData": {
            "bestPrice": "0.99",
            "price": "0.99"
        },
        "store": {
            "id": "aed206ae-c0ba-4c81-b7e9-7b420bc3616c",
            "name": "New World Dannevirke"
        }
    },
    {
        "productData": {
            "name": "V Green Guarana Energy Drink 10pk",
            "productId": "5289889_ea_000",
            "productShopPage": "https://www.newworld.co.nz/shop/product/5289889_ea_000nw",
            "productImageURL": "https://a.fsimg.co.nz/product/retail/fan/image/master/5289889.png",
            "productDescription": "Product of New Zealand",
            "volume": "250mL",
            "multipack": {
                "quantity": "10"
            }
        },
        "priceData": {
            "bestPrice": "17.99",
            "price": "17.99",
            "pricePerLitre": 7.2,
            "bestPricePerLitre": 7.2
        },
        "store": {
            "id": "aed206ae-c0ba-4c81-b7e9-7b420bc3616c",
            "name": "New World Dannevirke"
        }
    },
    {
        "productData": {
            "name": "V Sugarfree Blue Guarana Energy Drink 500ml",
            "productId": "5283362_ea_000",
            "productShopPage": "https://www.newworld.co.nz/shop/product/5283362_ea_000nw",
            "productImageURL": "https://a.fsimg.co.nz/product/retail/fan/image/master/5283362.png",
            "productDescription": "Sugar free\n\nProduct of New Zealand",
            "volume": "500mL",
            "multipack": {
                "quantity": "1"
            }
        },
        "priceData": {
            "bestPrice": "3.49",
            "price": "3.49",
            "pricePerLitre": 7.0,
            "bestPricePerLitre": 7.0
        },
        "store": {
            "id": "aed206ae-c0ba-4c81-b7e9-7b420bc3616c",
            "name": "New World Dannevirke"
        }
    },
    {
        "productData": {
            "name": "V Original Guarana Energy Drink 350ml",
            "productId": "5003156_ea_000",
            "productShopPage": "https://www.newworld.co.nz/shop/product/5003156_ea_000nw",
            "productImageURL": "https://a.fsimg.co.nz/product/retail/fan/image/master/5003156.png",
            "productDescription": "Buy 2 for $5.00.\n\n\nContains Caffeine.\n\nProduct of New Zealand",
            "volume": "350mL",
            "multipack": {
                "quantity": "1"
            }
        },
        "priceData": {
            "bestPrice": 2.5,
            "price": 2.0,
            "pricePerLitre": 5.714285714285714,
            "bestPricePerLitre": 7.142857142857143,
            "multiBuy": {
                "quantity": 2.0,
                "value": 5.0,
                "perUnit": 2.5
            }
        },
        "store": {
            "id": "aed206ae-c0ba-4c81-b7e9-7b420bc3616c",
            "name": "New World Dannevirke"
        }
    },
    {
        "productData": {
            "name": "V Blue Guarana Energy Drink 350ml",
            "productId": "5007492_ea_000",
            "productShopPage": "https://www.newworld.co.nz/shop/product/5007492_ea_000nw",
            "productImageURL": "https://a.fsimg.co.nz/product/retail/fan/image/master/5007492.png",
            "productDescription": "Buy 2 for $5.00.\n\n\nContains Caffeine, Wheat Derivatives.\n\nProduct of New Zealand",
            "volume": "350mL",
            "multipack": {
                "quantity": "1"
            }
        },
        "priceData": {
            "bestPrice": 2.5,
            "price": 2.0,
            "pricePerLitre": 5.714285714285714,
            "bestPricePerLitre": 7.142857142857143,
            "multiBuy": {
                "quantity": 2.0,
                "value": 5.0,
                "perUnit": 2.5
            }
        },
        "store": {
            "id": "aed206ae-c0ba-4c81-b7e9-7b420bc3616c",
            "name": "New World Dannevirke"
        }
    },
    {
        "productData": {
            "name": "V Blue Energy Drink 500ml",
            "productId": "5020662_ea_000",
            "productShopPage": "https://www.newworld.co.nz/shop/product/5020662_ea_000nw",
            "productImageURL": "https://a.fsimg.co.nz/product/retail/fan/image/master/5020662.png",
            "productDescription": "Buy 2 for $5.00.\n\n\n\n\nProduct of New Zealand",
            "volume": "500mL",
            "multipack": {
                "quantity": "1"
            }
        },
        "priceData": {
            "bestPrice": 2.5,
            "price": 2.0,
            "pricePerLitre": 4.0,
            "bestPricePerLitre": 5.0,
            "multiBuy": {
                "quantity": 2.0,
                "value": 5.0,
                "perUnit": 2.5
            }
        },
        "store": {
            "id": "aed206ae-c0ba-4c81-b7e9-7b420bc3616c",
            "name": "New World Dannevirke"
        }
    },
    {
        "productData": {
            "name": "V Blue Guarana Energy Drink 500ml",
            "productId": "5007494_ea_000",
            "productShopPage": "https://www.newworld.co.nz/shop/product/5007494_ea_000nw",
            "productImageURL": "https://a.fsimg.co.nz/product/retail/fan/image/master/5007494.png",
            "productDescription": "Contains Wheat Derivatives, Caffeine.\n\nProduct of New Zealand",
            "volume": "500mL",
            "multipack": {
                "quantity": "1"
            }
        },
        "priceData": {
            "bestPrice": "3.49",
            "price": "3.49",
            "pricePerLitre": 7.0,
            "bestPricePerLitre": 7.0
        },
        "store": {
            "id": "aed206ae-c0ba-4c81-b7e9-7b420bc3616c",
            "name": "New World Dannevirke"
        }
    },
    {
        "productData": {
            "name": "Red Bull Energy Drink 473ml",
            "productId": "5005255_ea_000",
            "productShopPage": "https://www.newworld.co.nz/shop/product/5005255_ea_000nw",
            "productImageURL": "https://a.fsimg.co.nz/product/retail/fan/image/master/5005255.png",
            "productDescription": "Red Bull Energy Drink's special formula contains ingredients of high quality: Caffeine, Taurine, B-Group Vitamins, Sugars, Alpine Water.One 250ml can of Red Bull Energy Drinks contains 80 mg of caffeine, about the same amount as in a cup of home-brewed coffee.The amount of sugars in a can of Red Bull Energy Drink is comparable to the level of sugars in an equivalent amount of apple or orange juice – 11 g per 100ml.Red Bull cans are made of 100% recyclable aluminium.Red Bull Energy Drink 473ml canVitalizes Body and Mind.®RED BULL GIVES YOU WINGSInspired by functional drinks from the Far East, Dietrich Mateschitz founded Red Bull in the mid-1980s. He developed a new product and a unique marketing concept and launched Red Bull Energy Drink on April 1, 1987 in Austria. A brand new product category - Energy Drinks - was born.\n\nProduct of Imported",
            "volume": "473mL",
            "multipack": {
                "quantity": "1"
            }
        },
        "priceData": {
            "bestPrice": "3.59",
            "price": "3.59",
            "pricePerLitre": 7.6,
            "bestPricePerLitre": 7.6
        },
        "store": {
            "id": "aed206ae-c0ba-4c81-b7e9-7b420bc3616c",
            "name": "New World Dannevirke"
        }
    },
    {
        "productData": {
            "name": "V Original Guarana Energy Drink 250ml",
            "productId": "5003151_ea_000",
            "productShopPage": "https://www.newworld.co.nz/shop/product/5003151_ea_000nw",
            "productImageURL": "https://a.fsimg.co.nz/product/retail/fan/image/master/5003151.png",
            "productDescription": "Contains Caffeine.\n\nProduct of New Zealand",
            "volume": "250mL",
            "multipack": {
                "quantity": "1"
            }
        },
        "priceData": {
            "bestPrice": "1.99",
            "price": "1.99",
            "pricePerLitre": 8.0,
            "bestPricePerLitre": 8.0
        },
        "store": {
            "id": "aed206ae-c0ba-4c81-b7e9-7b420bc3616c",
            "name": "New World Dannevirke"
        }
    },
    {
        "productData": {
            "name": "Red Bull Energy Drink 250ml Cans 4pk",
            "productId": "5001443_ea_000",
            "productShopPage": "https://www.newworld.co.nz/shop/product/5001443_ea_000nw",
            "productImageURL": "https://a.fsimg.co.nz/product/retail/fan/image/master/5001443.png",
            "productDescription": "Red Bull Energy Drink's special formula contains ingredients of high quality: Caffeine, Taurine, B-Group Vitamins, Sugars, Alpine Water.One 250ml can of Red Bull Energy Drinks contains 80 mg of caffeine, about the same amount as in a cup of home-brewed coffee.The amount of sugars in a can of Red Bull Energy Drink is comparable to the level of sugars in an equivalent amount of apple or orange juice – 11 g per 100ml.Red Bull cans are made of 100% recyclable aluminium.Pack of four 250ml Red Bull Energy Drink cansVitalizes Body and Mind.®RED BULL GIVES YOU WINGSInspired by functional drinks from the Far East, Dietrich Mateschitz founded Red Bull in the mid-1980s. He developed a new product and a unique marketing concept and launched Red Bull Energy Drink on April 1, 1987 in Austria. A brand new product category - Energy Drinks - was born.",
            "volume": "250mL",
            "multipack": {
                "quantity": "4"
            }
        },
        "priceData": {
            "bestPrice": "8.29",
            "price": "8.29",
            "pricePerLitre": 8.299999999999999,
            "bestPricePerLitre": 8.299999999999999
        },
        "store": {
            "id": "aed206ae-c0ba-4c81-b7e9-7b420bc3616c",
            "name": "New World Dannevirke"
        }
    },
    {
        "productData": {
            "name": "Lucozade Orange Energy Drink 380ml",
            "productId": "5009239_ea_000",
            "productShopPage": "https://www.newworld.co.nz/shop/product/5009239_ea_000nw",
            "productImageURL": "https://a.fsimg.co.nz/product/retail/fan/image/master/5009239.png",
            "productDescription": "Powered by Glucose.\n\nProduct of New Zealand",
            "volume": "380mL",
            "multipack": {
                "quantity": "1"
            }
        },
        "priceData": {
            "bestPrice": "2.69",
            "price": "2.69",
            "pricePerLitre": 7.08,
            "bestPricePerLitre": 7.08
        },
        "store": {
            "id": "aed206ae-c0ba-4c81-b7e9-7b420bc3616c",
            "name": "New World Dannevirke"
        }
    },
    {
        "productData": {
            "name": "V Pure Natural Energy Drink Glass Bottle 330ml",
            "productId": "5237753_ea_000",
            "productShopPage": "https://www.newworld.co.nz/shop/product/5237753_ea_000nw",
            "productImageURL": "https://a.fsimg.co.nz/product/retail/fan/image/master/5237753.png",
            "productDescription": "Buy 2 for $5.00.\n\n\nNothing artificial\n\nProduct of New Zealand",
            "volume": "330mL",
            "multipack": {
                "quantity": "1"
            }
        },
        "priceData": {
            "bestPrice": 2.5,
            "price": 2.0,
            "pricePerLitre": 6.0606060606060606,
            "bestPricePerLitre": 7.575757575757575,
            "multiBuy": {
                "quantity": 2.0,
                "value": 5.0,
                "perUnit": 2.5
            }
        },
        "store": {
            "id": "aed206ae-c0ba-4c81-b7e9-7b420bc3616c",
            "name": "New World Dannevirke"
        }
    },
    {
        "productData": {
            "name": "Lucozade Original Energy Drink 380ml",
            "productId": "5009240_ea_000",
            "productShopPage": "https://www.newworld.co.nz/shop/product/5009240_ea_000nw",
            "productImageURL": "https://a.fsimg.co.nz/product/retail/fan/image/master/5009240.png",
            "productDescription": "Energy from Glucose.\n\nProduct of New Zealand",
            "volume": "380mL",
            "multipack": {
                "quantity": "1"
            }
        },
        "priceData": {
            "bestPrice": "2.69",
            "price": "2.69",
            "pricePerLitre": 7.08,
            "bestPricePerLitre": 7.08
        },
        "store": {
            "id": "aed206ae-c0ba-4c81-b7e9-7b420bc3616c",
            "name": "New World Dannevirke"
        }
    },
    {
        "productData": {
            "name": "Rockstar Watermelon Freeze Energy Drink 500ml",
            "productId": "5257298_ea_000",
            "productShopPage": "https://www.newworld.co.nz/shop/product/5257298_ea_000nw",
            "productImageURL": "https://a.fsimg.co.nz/product/retail/fan/image/master/5257298.png",
            "productDescription": "Buy 3 for $5.00.\n\n\n\n\nProduct of New Zealand",
            "volume": "500mL",
            "multipack": {
                "quantity": "1"
            }
        },
        "priceData": {
            "bestPrice": 1.6666666666666667,
            "price": 1.0,
            "pricePerLitre": 2.0,
            "bestPricePerLitre": 3.3333333333333335,
            "multiBuy": {
                "quantity": 3.0,
                "value": 5.0,
                "perUnit": 1.6666666666666667
            }
        },
        "store": {
            "id": "aed206ae-c0ba-4c81-b7e9-7b420bc3616c",
            "name": "New World Dannevirke"
        }
    },
    {
        "productData": {
            "name": "Rockstar Original Energy Drink 500ml",
            "productId": "5215383_ea_000",
            "productShopPage": "https://www.newworld.co.nz/shop/product/5215383_ea_000nw",
            "productImageURL": "https://a.fsimg.co.nz/product/retail/fan/image/master/5215383.png",
            "productDescription": "Buy 3 for $5.00.\n\n\nCaffeine; B vitamins; Vitamin C; Taurine; Ginseng\n\nProduct of New Zealand",
            "volume": "500mL",
            "multipack": {
                "quantity": "1"
            }
        },
        "priceData": {
            "bestPrice": 1.6666666666666667,
            "price": 1.0,
            "pricePerLitre": 2.0,
            "bestPricePerLitre": 3.3333333333333335,
            "multiBuy": {
                "quantity": 3.0,
                "value": 5.0,
                "perUnit": 1.6666666666666667
            }
        },
        "store": {
            "id": "aed206ae-c0ba-4c81-b7e9-7b420bc3616c",
            "name": "New World Dannevirke"
        }
    },
    {
        "productData": {
            "name": "V Raspberry Lemonade Guarana Energy Drink 4pk",
            "productId": "5289907_ea_000",
            "productShopPage": "https://www.newworld.co.nz/shop/product/5289907_ea_000nw",
            "productImageURL": "https://a.fsimg.co.nz/product/retail/fan/image/master/5289907.png",
            "productDescription": "Limit 12 assorted.\n\n\n\n\nProduct of New Zealand",
            "volume": "250mL",
            "multipack": {
                "quantity": "4"
            }
        },
        "priceData": {
            "bestPrice": "5.99",
            "price": "5.99",
            "pricePerLitre": 5.99,
            "bestPricePerLitre": 5.99
        },
        "store": {
            "id": "aed206ae-c0ba-4c81-b7e9-7b420bc3616c",
            "name": "New World Dannevirke"
        }
    },
    {
        "productData": {
            "name": "V Raspberry Lemonade Can 500ml",
            "productId": "5264523_ea_000",
            "productShopPage": "https://www.newworld.co.nz/shop/product/5264523_ea_000nw",
            "productImageURL": "https://a.fsimg.co.nz/product/retail/fan/image/master/5264523.png",
            "productDescription": "Product of New Zealand",
            "volume": "500mL",
            "multipack": {
                "quantity": "1"
            }
        },
        "priceData": {
            "bestPrice": "3.49",
            "price": "3.49",
            "pricePerLitre": 7.0,
            "bestPricePerLitre": 7.0
        },
        "store": {
            "id": "aed206ae-c0ba-4c81-b7e9-7b420bc3616c",
            "name": "New World Dannevirke"
        }
    },
    {
        "productData": {
            "name": "V Blue Can 4pk",
            "productId": "5030249_ea_000",
            "productShopPage": "https://www.newworld.co.nz/shop/product/5030249_ea_000nw",
            "productImageURL": "https://a.fsimg.co.nz/product/retail/fan/image/master/5030249.png",
            "productDescription": "Limit 12 assorted.\n\n\nContains Wheat Derivatives, Caffeine.\n\nProduct of New Zealand",
            "volume": "250mL",
            "multipack": {
                "quantity": "4"
            }
        },
        "priceData": {
            "bestPrice": "5.99",
            "price": "5.99",
            "pricePerLitre": 5.99,
            "bestPricePerLitre": 5.99
        },
        "store": {
            "id": "aed206ae-c0ba-4c81-b7e9-7b420bc3616c",
            "name": "New World Dannevirke"
        }
    },
    {
        "productData": {
            "name": "V Energy Drink Sugarfree Cans 4pk",
            "productId": "5004117_ea_000",
            "productShopPage": "https://www.newworld.co.nz/shop/product/5004117_ea_000nw",
            "productImageURL": "https://a.fsimg.co.nz/product/retail/fan/image/master/5004117.png",
            "productDescription": "Limit 12 assorted.\n\n\nSugar Free. Contains Caffeine.\n\nProduct of New Zealand",
            "volume": "250mL",
            "multipack": {
                "quantity": "4"
            }
        },
        "priceData": {
            "bestPrice": "5.99",
            "price": "5.99",
            "pricePerLitre": 5.99,
            "bestPricePerLitre": 5.99
        },
        "store": {
            "id": "aed206ae-c0ba-4c81-b7e9-7b420bc3616c",
            "name": "New World Dannevirke"
        }
    },
    {
        "productData": {
            "name": "Monster Mango Loco Energy Drink 500ml",
            "productId": "5242374_ea_000",
            "productShopPage": "https://www.newworld.co.nz/shop/product/5242374_ea_000nw",
            "productImageURL": "https://a.fsimg.co.nz/product/retail/fan/image/master/5242374.png",
            "productDescription": "Product of Imported",
            "volume": "500mL",
            "multipack": {
                "quantity": "1"
            }
        },
        "priceData": {
            "bestPrice": "2.99",
            "price": "2.99",
            "pricePerLitre": 6.0,
            "bestPricePerLitre": 6.0
        },
        "store": {
            "id": "aed206ae-c0ba-4c81-b7e9-7b420bc3616c",
            "name": "New World Dannevirke"
        }
    },
    {
        "productData": {
            "name": "Monster Zero Sugar Ultra Rosa Energy Drink 500ml",
            "productId": "5278094_ea_000",
            "productShopPage": "https://www.newworld.co.nz/shop/product/5278094_ea_000nw",
            "productImageURL": "https://a.fsimg.co.nz/product/retail/fan/image/master/5278094.png",
            "productDescription": "Product of Imported",
            "volume": "500mL",
            "multipack": {
                "quantity": "1"
            }
        },
        "priceData": {
            "bestPrice": "2.99",
            "price": "2.99",
            "pricePerLitre": 6.0,
            "bestPricePerLitre": 6.0
        },
        "store": {
            "id": "aed206ae-c0ba-4c81-b7e9-7b420bc3616c",
            "name": "New World Dannevirke"
        }
    },
    {
        "productData": {
            "name": "Monster Mule Energy Drink 500ml",
            "productId": "5269459_ea_000",
            "productShopPage": "https://www.newworld.co.nz/shop/product/5269459_ea_000nw",
            "productImageURL": "https://a.fsimg.co.nz/product/retail/fan/image/master/5269459.png",
            "productDescription": "Product of Imported",
            "volume": "500mL",
            "multipack": {
                "quantity": "1"
            }
        },
        "priceData": {
            "bestPrice": "2.99",
            "price": "2.99",
            "pricePerLitre": 6.0,
            "bestPricePerLitre": 6.0
        },
        "store": {
            "id": "aed206ae-c0ba-4c81-b7e9-7b420bc3616c",
            "name": "New World Dannevirke"
        }
    },
    {
        "productData": {
            "name": "Monster Ultra Paradise Energy Drink 500ml",
            "productId": "5261257_ea_000",
            "productShopPage": "https://www.newworld.co.nz/shop/product/5261257_ea_000nw",
            "productImageURL": "https://a.fsimg.co.nz/product/retail/fan/image/master/5261257.png",
            "productDescription": "Product of Imported",
            "volume": "500mL",
            "multipack": {
                "quantity": "1"
            }
        },
        "priceData": {
            "bestPrice": "2.99",
            "price": "2.99",
            "pricePerLitre": 6.0,
            "bestPricePerLitre": 6.0
        },
        "store": {
            "id": "aed206ae-c0ba-4c81-b7e9-7b420bc3616c",
            "name": "New World Dannevirke"
        }
    },
    {
        "productData": {
            "name": "V Energy Drink Green Cans 4pk",
            "productId": "5002893_ea_000",
            "productShopPage": "https://www.newworld.co.nz/shop/product/5002893_ea_000nw",
            "productImageURL": "https://a.fsimg.co.nz/product/retail/fan/image/master/5002893.png",
            "productDescription": "Limit 12 assorted.\n\n\nContains Caffeine.\n\nProduct of New Zealand",
            "volume": "250mL",
            "multipack": {
                "quantity": "4"
            }
        },
        "priceData": {
            "bestPrice": "5.99",
            "price": "5.99",
            "pricePerLitre": 5.99,
            "bestPricePerLitre": 5.99
        },
        "store": {
            "id": "aed206ae-c0ba-4c81-b7e9-7b420bc3616c",
            "name": "New World Dannevirke"
        }
    },
    {
        "productData": {
            "name": "Monster Ultra Zero Drink 500ml",
            "productId": "5090618_ea_000",
            "productShopPage": "https://www.newworld.co.nz/shop/product/5090618_ea_000nw",
            "productImageURL": "https://a.fsimg.co.nz/product/retail/fan/image/master/5090618.png",
            "productDescription": "A little less sweet, lighter-tasting, zero calories, but with a full load of our Monster energy blend. Sure, white is the new black. Monster Energy Zero Ultra. Unleash the Ultra Beast!\n\nProduct of Imported",
            "volume": "500mL",
            "multipack": {
                "quantity": "1"
            }
        },
        "priceData": {
            "bestPrice": "2.99",
            "price": "2.99",
            "pricePerLitre": 6.0,
            "bestPricePerLitre": 6.0
        },
        "store": {
            "id": "aed206ae-c0ba-4c81-b7e9-7b420bc3616c",
            "name": "New World Dannevirke"
        }
    },
    {
        "productData": {
            "name": "Monster Super Fuel Zero Sugar Energy Drink 550ml",
            "productId": "5284331_ea_000",
            "productShopPage": "https://www.newworld.co.nz/shop/product/5284331_ea_000nw",
            "productImageURL": "https://a.fsimg.co.nz/product/retail/fan/image/master/5284331.png",
            "productDescription": "Product of Imported",
            "volume": "550mL",
            "multipack": {
                "quantity": "1"
            }
        },
        "priceData": {
            "bestPrice": "3.49",
            "price": "3.49",
            "pricePerLitre": 6.345454545454546,
            "bestPricePerLitre": 6.345454545454546
        },
        "store": {
            "id": "aed206ae-c0ba-4c81-b7e9-7b420bc3616c",
            "name": "New World Dannevirke"
        }
    },
    {
        "productData": {
            "name": "Mother Energy Drink Can 500ml",
            "productId": "5011153_ea_000",
            "productShopPage": "https://www.newworld.co.nz/shop/product/5011153_ea_000nw",
            "productImageURL": "https://a.fsimg.co.nz/product/retail/fan/image/master/5011153.png",
            "productDescription": "Contains Caffeine.\n\nProduct of New Zealand",
            "volume": "500mL",
            "multipack": {
                "quantity": "1"
            }
        },
        "priceData": {
            "bestPrice": "1.99",
            "price": "1.99",
            "pricePerLitre": 4.0,
            "bestPricePerLitre": 4.0
        },
        "store": {
            "id": "aed206ae-c0ba-4c81-b7e9-7b420bc3616c",
            "name": "New World Dannevirke"
        }
    },
    {
        "productData": {
            "name": "Monster Super Fuel Purple Passion Energy Drink 550ml",
            "productId": "5284332_ea_000",
            "productShopPage": "https://www.newworld.co.nz/shop/product/5284332_ea_000nw",
            "productImageURL": "https://a.fsimg.co.nz/product/retail/fan/image/master/5284332.png",
            "productDescription": "Product of Imported",
            "volume": "550mL",
            "multipack": {
                "quantity": "1"
            }
        },
        "priceData": {
            "bestPrice": "3.49",
            "price": "3.49",
            "pricePerLitre": 6.345454545454546,
            "bestPricePerLitre": 6.345454545454546
        },
        "store": {
            "id": "aed206ae-c0ba-4c81-b7e9-7b420bc3616c",
            "name": "New World Dannevirke"
        }
    },
    {
        "productData": {
            "name": "Monster Pipeline Punch Energy Drink 500ml",
            "productId": "5242373_ea_000",
            "productShopPage": "https://www.newworld.co.nz/shop/product/5242373_ea_000nw",
            "productImageURL": "https://a.fsimg.co.nz/product/retail/fan/image/master/5242373.png",
            "productDescription": "Product of Imported",
            "volume": "500mL",
            "multipack": {
                "quantity": "1"
            }
        },
        "priceData": {
            "bestPrice": "2.99",
            "price": "2.99",
            "pricePerLitre": 6.0,
            "bestPricePerLitre": 6.0
        },
        "store": {
            "id": "aed206ae-c0ba-4c81-b7e9-7b420bc3616c",
            "name": "New World Dannevirke"
        }
    },
    {
        "productData": {
            "name": "Monster Energy Drink 500ml",
            "productId": "5007647_ea_000",
            "productShopPage": "https://www.newworld.co.nz/shop/product/5007647_ea_000nw",
            "productImageURL": "https://a.fsimg.co.nz/product/retail/fan/image/master/5007647.png",
            "productDescription": "Contains Caffeine.\n\nProduct of Imported",
            "volume": "500mL",
            "multipack": {
                "quantity": "1"
            }
        },
        "priceData": {
            "bestPrice": "2.99",
            "price": "2.99",
            "pricePerLitre": 6.0,
            "bestPricePerLitre": 6.0
        },
        "store": {
            "id": "aed206ae-c0ba-4c81-b7e9-7b420bc3616c",
            "name": "New World Dannevirke"
        }
    },
    {
        "productData": {
            "name": "Monster Ultra Zero Drink 4pk",
            "productId": "5213974_ea_000",
            "productShopPage": "https://www.newworld.co.nz/shop/product/5213974_ea_000nw",
            "productImageURL": "https://a.fsimg.co.nz/product/retail/fan/image/master/5213974.png",
            "productDescription": "Product of Imported",
            "volume": "500mL",
            "multipack": {
                "quantity": "4"
            }
        },
        "priceData": {
            "bestPrice": "11.99",
            "price": "11.99",
            "pricePerLitre": 6.0,
            "bestPricePerLitre": 6.0
        },
        "store": {
            "id": "aed206ae-c0ba-4c81-b7e9-7b420bc3616c",
            "name": "New World Dannevirke"
        }
    },
    {
        "productData": {
            "name": "Monster Energy Drink 4pk",
            "productId": "5107264_ea_000",
            "productShopPage": "https://www.newworld.co.nz/shop/product/5107264_ea_000nw",
            "productImageURL": "https://a.fsimg.co.nz/product/retail/fan/image/master/5107264.png",
            "productDescription": "Product of Imported",
            "volume": "",
            "multipack": {
                "quantity": ""
            }
        },
        "priceData": {
            "bestPrice": "11.99",
            "price": "11.99",
            "pricePerLitre": 6.0,
            "bestPricePerLitre": 6.0
        },
        "store": {
            "id": "aed206ae-c0ba-4c81-b7e9-7b420bc3616c",
            "name": "New World Dannevirke"
        }
    },
    {
        "productData": {
            "name": "V Sugarfree Guarana Energy Drink 500ml",
            "productId": "5007644_ea_000",
            "productShopPage": "https://www.newworld.co.nz/shop/product/5007644_ea_000nw",
            "productImageURL": "https://a.fsimg.co.nz/product/retail/fan/image/master/5007644.png",
            "productDescription": "Sugar Free.\n\nProduct of New Zealand",
            "volume": "500mL",
            "multipack": {
                "quantity": "1"
            }
        },
        "priceData": {
            "bestPrice": "3.49",
            "price": "3.49",
            "pricePerLitre": 7.0,
            "bestPricePerLitre": 7.0
        },
        "store": {
            "id": "aed206ae-c0ba-4c81-b7e9-7b420bc3616c",
            "name": "New World Dannevirke"
        }
    },
    {
        "productData": {
            "name": "V Original Guarana Energy Drink 500ml",
            "productId": "5004703_ea_000",
            "productShopPage": "https://www.newworld.co.nz/shop/product/5004703_ea_000nw",
            "productImageURL": "https://a.fsimg.co.nz/product/retail/fan/image/master/5004703.png",
            "productDescription": "Contains Caffeine.\n\nProduct of New Zealand",
            "volume": "500mL",
            "multipack": {
                "quantity": "1"
            }
        },
        "priceData": {
            "bestPrice": "3.49",
            "price": "3.49",
            "pricePerLitre": 7.0,
            "bestPricePerLitre": 7.0
        },
        "store": {
            "id": "aed206ae-c0ba-4c81-b7e9-7b420bc3616c",
            "name": "New World Dannevirke"
        }
    },
    {
        "productData": {
            "name": "V Original Guarana Energy Drink 500ml",
            "productId": "5007441_ea_000",
            "productShopPage": "https://www.newworld.co.nz/shop/product/5007441_ea_000nw",
            "productImageURL": "https://a.fsimg.co.nz/product/retail/fan/image/master/5007441.png",
            "productDescription": "Buy 2 for $5.00.\n\n\nContains Wheat Derivatives, Caffeine.\n\nProduct of New Zealand",
            "volume": "500mL",
            "multipack": {
                "quantity": "1"
            }
        },
        "priceData": {
            "bestPrice": 2.5,
            "price": 2.0,
            "pricePerLitre": 4.0,
            "bestPricePerLitre": 5.0,
            "multiBuy": {
                "quantity": 2.0,
                "value": 5.0,
                "perUnit": 2.5
            }
        },
        "store": {
            "id": "aed206ae-c0ba-4c81-b7e9-7b420bc3616c",
            "name": "New World Dannevirke"
        }
    },
    {
        "productData": {
            "name": "V Blue Guarana Energy Drink 10pk",
            "productId": "5290181_ea_000",
            "productShopPage": "https://www.newworld.co.nz/shop/product/5290181_ea_000nw",
            "productImageURL": "https://a.fsimg.co.nz/product/retail/fan/image/master/5290181.png",
            "productDescription": "Product of New Zealand",
            "volume": "250mL",
            "multipack": {
                "quantity": "10"
            }
        },
        "priceData": {
            "bestPrice": "17.99",
            "price": "17.99",
            "pricePerLitre": 7.2,
            "bestPricePerLitre": 7.2
        },
        "store": {
            "id": "f54433e6-5c6c-41b9-a5e2-d7502f454da8",
            "name": "New World Kapiti"
        }
    },
    {
        "productData": {
            "name": "V Blue Guarana Energy Drink 250ml",
            "productId": "5007495_ea_000",
            "productShopPage": "https://www.newworld.co.nz/shop/product/5007495_ea_000nw",
            "productImageURL": "https://a.fsimg.co.nz/product/retail/fan/image/master/5007495.png",
            "productDescription": "Contains Caffeine, Wheat Derivatives.\n\nProduct of New Zealand",
            "volume": "250mL",
            "multipack": {
                "quantity": "1"
            }
        },
        "priceData": {
            "bestPrice": "1.99",
            "price": "1.99",
            "pricePerLitre": 8.0,
            "bestPricePerLitre": 8.0
        },
        "store": {
            "id": "f54433e6-5c6c-41b9-a5e2-d7502f454da8",
            "name": "New World Kapiti"
        }
    },
    {
        "productData": {
            "name": "V Sugarfree Guarana Energy Drink 250ml",
            "productId": "5001639_ea_000",
            "productShopPage": "https://www.newworld.co.nz/shop/product/5001639_ea_000nw",
            "productImageURL": "https://a.fsimg.co.nz/product/retail/fan/image/master/5001639.png",
            "productDescription": "Sugar Free. Contains Caffeine.\n\nProduct of New Zealand",
            "volume": "250mL",
            "multipack": {
                "quantity": "1"
            }
        },
        "priceData": {
            "bestPrice": "1.99",
            "price": "1.99",
            "pricePerLitre": 8.0,
            "bestPricePerLitre": 8.0
        },
        "store": {
            "id": "f54433e6-5c6c-41b9-a5e2-d7502f454da8",
            "name": "New World Kapiti"
        }
    },
    {
        "productData": {
            "name": "V Sugarfree Guarana Energy Drink 10pk",
            "productId": "5289890_ea_000",
            "productShopPage": "https://www.newworld.co.nz/shop/product/5289890_ea_000nw",
            "productImageURL": "https://a.fsimg.co.nz/product/retail/fan/image/master/5289890.png",
            "productDescription": "Product of New Zealand",
            "volume": "",
            "multipack": {
                "quantity": ""
            }
        },
        "priceData": {
            "bestPrice": "17.99",
            "price": "17.99",
            "pricePerLitre": 72.0,
            "bestPricePerLitre": 72.0
        },
        "store": {
            "id": "f54433e6-5c6c-41b9-a5e2-d7502f454da8",
            "name": "New World Kapiti"
        }
    },
    {
        "productData": {
            "name": "Live Plus Persist Energy Drink 250ml",
            "productId": "5236678_ea_000",
            "productShopPage": "https://www.newworld.co.nz/shop/product/5236678_ea_000nw",
            "productImageURL": "https://a.fsimg.co.nz/product/retail/fan/image/master/5236678.png",
            "productDescription": "Limit 12 assorted.\n\n\n\n\nProduct of New Zealand",
            "volume": "",
            "multipack": {
                "quantity": ""
            }
        },
        "priceData": {
            "bestPrice": "0.99",
            "price": "0.99"
        },
        "store": {
            "id": "f54433e6-5c6c-41b9-a5e2-d7502f454da8",
            "name": "New World Kapiti"
        }
    },
    {
        "productData": {
            "name": "V Green Guarana Energy Drink 10pk",
            "productId": "5289889_ea_000",
            "productShopPage": "https://www.newworld.co.nz/shop/product/5289889_ea_000nw",
            "productImageURL": "https://a.fsimg.co.nz/product/retail/fan/image/master/5289889.png",
            "productDescription": "Product of New Zealand",
            "volume": "250mL",
            "multipack": {
                "quantity": "10"
            }
        },
        "priceData": {
            "bestPrice": "17.99",
            "price": "17.99",
            "pricePerLitre": 7.2,
            "bestPricePerLitre": 7.2
        },
        "store": {
            "id": "f54433e6-5c6c-41b9-a5e2-d7502f454da8",
            "name": "New World Kapiti"
        }
    },
    {
        "productData": {
            "name": "V Sugarfree Blue Guarana Energy Drink 500ml",
            "productId": "5283362_ea_000",
            "productShopPage": "https://www.newworld.co.nz/shop/product/5283362_ea_000nw",
            "productImageURL": "https://a.fsimg.co.nz/product/retail/fan/image/master/5283362.png",
            "productDescription": "Sugar free\n\nProduct of New Zealand",
            "volume": "500mL",
            "multipack": {
                "quantity": "1"
            }
        },
        "priceData": {
            "bestPrice": "3.49",
            "price": "3.49",
            "pricePerLitre": 7.0,
            "bestPricePerLitre": 7.0
        },
        "store": {
            "id": "f54433e6-5c6c-41b9-a5e2-d7502f454da8",
            "name": "New World Kapiti"
        }
    },
    {
        "productData": {
            "name": "V Original Guarana Energy Drink 350ml",
            "productId": "5003156_ea_000",
            "productShopPage": "https://www.newworld.co.nz/shop/product/5003156_ea_000nw",
            "productImageURL": "https://a.fsimg.co.nz/product/retail/fan/image/master/5003156.png",
            "productDescription": "Buy 2 for $5.00.\n\n\nContains Caffeine.\n\nProduct of New Zealand",
            "volume": "350mL",
            "multipack": {
                "quantity": "1"
            }
        },
        "priceData": {
            "bestPrice": 2.5,
            "price": 2.0,
            "pricePerLitre": 5.714285714285714,
            "bestPricePerLitre": 7.142857142857143,
            "multiBuy": {
                "quantity": 2.0,
                "value": 5.0,
                "perUnit": 2.5
            }
        },
        "store": {
            "id": "f54433e6-5c6c-41b9-a5e2-d7502f454da8",
            "name": "New World Kapiti"
        }
    },
    {
        "productData": {
            "name": "V Blue Guarana Energy Drink 350ml",
            "productId": "5007492_ea_000",
            "productShopPage": "https://www.newworld.co.nz/shop/product/5007492_ea_000nw",
            "productImageURL": "https://a.fsimg.co.nz/product/retail/fan/image/master/5007492.png",
            "productDescription": "Buy 2 for $5.00.\n\n\nContains Caffeine, Wheat Derivatives.\n\nProduct of New Zealand",
            "volume": "350mL",
            "multipack": {
                "quantity": "1"
            }
        },
        "priceData": {
            "bestPrice": 2.5,
            "price": 2.0,
            "pricePerLitre": 5.714285714285714,
            "bestPricePerLitre": 7.142857142857143,
            "multiBuy": {
                "quantity": 2.0,
                "value": 5.0,
                "perUnit": 2.5
            }
        },
        "store": {
            "id": "f54433e6-5c6c-41b9-a5e2-d7502f454da8",
            "name": "New World Kapiti"
        }
    },
    {
        "productData": {
            "name": "V Blue Energy Drink 500ml",
            "productId": "5020662_ea_000",
            "productShopPage": "https://www.newworld.co.nz/shop/product/5020662_ea_000nw",
            "productImageURL": "https://a.fsimg.co.nz/product/retail/fan/image/master/5020662.png",
            "productDescription": "Buy 2 for $5.00.\n\n\n\n\nProduct of New Zealand",
            "volume": "500mL",
            "multipack": {
                "quantity": "1"
            }
        },
        "priceData": {
            "bestPrice": 2.5,
            "price": 2.0,
            "pricePerLitre": 4.0,
            "bestPricePerLitre": 5.0,
            "multiBuy": {
                "quantity": 2.0,
                "value": 5.0,
                "perUnit": 2.5
            }
        },
        "store": {
            "id": "f54433e6-5c6c-41b9-a5e2-d7502f454da8",
            "name": "New World Kapiti"
        }
    },
    {
        "productData": {
            "name": "V Blue Guarana Energy Drink 500ml",
            "productId": "5007494_ea_000",
            "productShopPage": "https://www.newworld.co.nz/shop/product/5007494_ea_000nw",
            "productImageURL": "https://a.fsimg.co.nz/product/retail/fan/image/master/5007494.png",
            "productDescription": "Contains Wheat Derivatives, Caffeine.\n\nProduct of New Zealand",
            "volume": "500mL",
            "multipack": {
                "quantity": "1"
            }
        },
        "priceData": {
            "bestPrice": "3.49",
            "price": "3.49",
            "pricePerLitre": 7.0,
            "bestPricePerLitre": 7.0
        },
        "store": {
            "id": "f54433e6-5c6c-41b9-a5e2-d7502f454da8",
            "name": "New World Kapiti"
        }
    },
    {
        "productData": {
            "name": "Red Bull Energy Drink 473ml",
            "productId": "5005255_ea_000",
            "productShopPage": "https://www.newworld.co.nz/shop/product/5005255_ea_000nw",
            "productImageURL": "https://a.fsimg.co.nz/product/retail/fan/image/master/5005255.png",
            "productDescription": "Red Bull Energy Drink's special formula contains ingredients of high quality: Caffeine, Taurine, B-Group Vitamins, Sugars, Alpine Water.One 250ml can of Red Bull Energy Drinks contains 80 mg of caffeine, about the same amount as in a cup of home-brewed coffee.The amount of sugars in a can of Red Bull Energy Drink is comparable to the level of sugars in an equivalent amount of apple or orange juice – 11 g per 100ml.Red Bull cans are made of 100% recyclable aluminium.Red Bull Energy Drink 473ml canVitalizes Body and Mind.®RED BULL GIVES YOU WINGSInspired by functional drinks from the Far East, Dietrich Mateschitz founded Red Bull in the mid-1980s. He developed a new product and a unique marketing concept and launched Red Bull Energy Drink on April 1, 1987 in Austria. A brand new product category - Energy Drinks - was born.\n\nProduct of Imported",
            "volume": "473mL",
            "multipack": {
                "quantity": "1"
            }
        },
        "priceData": {
            "bestPrice": "3.59",
            "price": "3.59",
            "pricePerLitre": 7.6,
            "bestPricePerLitre": 7.6
        },
        "store": {
            "id": "f54433e6-5c6c-41b9-a5e2-d7502f454da8",
            "name": "New World Kapiti"
        }
    },
    {
        "productData": {
            "name": "V Original Guarana Energy Drink 250ml",
            "productId": "5003151_ea_000",
            "productShopPage": "https://www.newworld.co.nz/shop/product/5003151_ea_000nw",
            "productImageURL": "https://a.fsimg.co.nz/product/retail/fan/image/master/5003151.png",
            "productDescription": "Contains Caffeine.\n\nProduct of New Zealand",
            "volume": "250mL",
            "multipack": {
                "quantity": "1"
            }
        },
        "priceData": {
            "bestPrice": "1.99",
            "price": "1.99",
            "pricePerLitre": 8.0,
            "bestPricePerLitre": 8.0
        },
        "store": {
            "id": "f54433e6-5c6c-41b9-a5e2-d7502f454da8",
            "name": "New World Kapiti"
        }
    },
    {
        "productData": {
            "name": "Red Bull Energy Drink 250ml Cans 4pk",
            "productId": "5001443_ea_000",
            "productShopPage": "https://www.newworld.co.nz/shop/product/5001443_ea_000nw",
            "productImageURL": "https://a.fsimg.co.nz/product/retail/fan/image/master/5001443.png",
            "productDescription": "Red Bull Energy Drink's special formula contains ingredients of high quality: Caffeine, Taurine, B-Group Vitamins, Sugars, Alpine Water.One 250ml can of Red Bull Energy Drinks contains 80 mg of caffeine, about the same amount as in a cup of home-brewed coffee.The amount of sugars in a can of Red Bull Energy Drink is comparable to the level of sugars in an equivalent amount of apple or orange juice – 11 g per 100ml.Red Bull cans are made of 100% recyclable aluminium.Pack of four 250ml Red Bull Energy Drink cansVitalizes Body and Mind.®RED BULL GIVES YOU WINGSInspired by functional drinks from the Far East, Dietrich Mateschitz founded Red Bull in the mid-1980s. He developed a new product and a unique marketing concept and launched Red Bull Energy Drink on April 1, 1987 in Austria. A brand new product category - Energy Drinks - was born.",
            "volume": "250mL",
            "multipack": {
                "quantity": "4"
            }
        },
        "priceData": {
            "bestPrice": "8.29",
            "price": "8.29",
            "pricePerLitre": 8.299999999999999,
            "bestPricePerLitre": 8.299999999999999
        },
        "store": {
            "id": "f54433e6-5c6c-41b9-a5e2-d7502f454da8",
            "name": "New World Kapiti"
        }
    },
    {
        "productData": {
            "name": "Lucozade Orange Energy Drink 380ml",
            "productId": "5009239_ea_000",
            "productShopPage": "https://www.newworld.co.nz/shop/product/5009239_ea_000nw",
            "productImageURL": "https://a.fsimg.co.nz/product/retail/fan/image/master/5009239.png",
            "productDescription": "Powered by Glucose.\n\nProduct of New Zealand",
            "volume": "380mL",
            "multipack": {
                "quantity": "1"
            }
        },
        "priceData": {
            "bestPrice": "2.69",
            "price": "2.69",
            "pricePerLitre": 7.08,
            "bestPricePerLitre": 7.08
        },
        "store": {
            "id": "f54433e6-5c6c-41b9-a5e2-d7502f454da8",
            "name": "New World Kapiti"
        }
    },
    {
        "productData": {
            "name": "V Pure Natural Energy Drink Glass Bottle 330ml",
            "productId": "5237753_ea_000",
            "productShopPage": "https://www.newworld.co.nz/shop/product/5237753_ea_000nw",
            "productImageURL": "https://a.fsimg.co.nz/product/retail/fan/image/master/5237753.png",
            "productDescription": "Buy 2 for $5.00.\n\n\nNothing artificial\n\nProduct of New Zealand",
            "volume": "330mL",
            "multipack": {
                "quantity": "1"
            }
        },
        "priceData": {
            "bestPrice": 2.5,
            "price": 2.0,
            "pricePerLitre": 6.0606060606060606,
            "bestPricePerLitre": 7.575757575757575,
            "multiBuy": {
                "quantity": 2.0,
                "value": 5.0,
                "perUnit": 2.5
            }
        },
        "store": {
            "id": "f54433e6-5c6c-41b9-a5e2-d7502f454da8",
            "name": "New World Kapiti"
        }
    },
    {
        "productData": {
            "name": "Lucozade Original Energy Drink 380ml",
            "productId": "5009240_ea_000",
            "productShopPage": "https://www.newworld.co.nz/shop/product/5009240_ea_000nw",
            "productImageURL": "https://a.fsimg.co.nz/product/retail/fan/image/master/5009240.png",
            "productDescription": "Energy from Glucose.\n\nProduct of New Zealand",
            "volume": "380mL",
            "multipack": {
                "quantity": "1"
            }
        },
        "priceData": {
            "bestPrice": "2.69",
            "price": "2.69",
            "pricePerLitre": 7.08,
            "bestPricePerLitre": 7.08
        },
        "store": {
            "id": "f54433e6-5c6c-41b9-a5e2-d7502f454da8",
            "name": "New World Kapiti"
        }
    },
    {
        "productData": {
            "name": "Rockstar Watermelon Freeze Energy Drink 500ml",
            "productId": "5257298_ea_000",
            "productShopPage": "https://www.newworld.co.nz/shop/product/5257298_ea_000nw",
            "productImageURL": "https://a.fsimg.co.nz/product/retail/fan/image/master/5257298.png",
            "productDescription": "Buy 3 for $5.00.\n\n\n\n\nProduct of New Zealand",
            "volume": "500mL",
            "multipack": {
                "quantity": "1"
            }
        },
        "priceData": {
            "bestPrice": 1.6666666666666667,
            "price": 1.0,
            "pricePerLitre": 2.0,
            "bestPricePerLitre": 3.3333333333333335,
            "multiBuy": {
                "quantity": 3.0,
                "value": 5.0,
                "perUnit": 1.6666666666666667
            }
        },
        "store": {
            "id": "f54433e6-5c6c-41b9-a5e2-d7502f454da8",
            "name": "New World Kapiti"
        }
    },
    {
        "productData": {
            "name": "V Pure Natural Energy Drink Can 250ml",
            "productId": "5237735_ea_000",
            "productShopPage": "https://www.newworld.co.nz/shop/product/5237735_ea_000nw",
            "productImageURL": "https://a.fsimg.co.nz/product/retail/fan/image/master/5237735.png",
            "productDescription": "6 natural ingredients; Nothing artificial; Apple juice - Apple and lemon juice is reconstituted; Lemon juice - Apple and lemon juice is reconstituted\n\nProduct of New Zealand",
            "volume": "250mL",
            "multipack": {
                "quantity": "1"
            }
        },
        "priceData": {
            "bestPrice": "1.99",
            "price": "1.99",
            "pricePerLitre": 8.0,
            "bestPricePerLitre": 8.0
        },
        "store": {
            "id": "f54433e6-5c6c-41b9-a5e2-d7502f454da8",
            "name": "New World Kapiti"
        }
    },
    {
        "productData": {
            "name": "V Berry Twist Sugar Free Can 500ml",
            "productId": "5254654_ea_000",
            "productShopPage": "https://www.newworld.co.nz/shop/product/5254654_ea_000nw",
            "productImageURL": "https://a.fsimg.co.nz/product/retail/fan/image/master/5254654.png",
            "productDescription": "Sugarfree\n\nProduct of New Zealand",
            "volume": "500mL",
            "multipack": {
                "quantity": "1"
            }
        },
        "priceData": {
            "bestPrice": "3.49",
            "price": "3.49",
            "pricePerLitre": 7.0,
            "bestPricePerLitre": 7.0
        },
        "store": {
            "id": "f54433e6-5c6c-41b9-a5e2-d7502f454da8",
            "name": "New World Kapiti"
        }
    },
    {
        "productData": {
            "name": "V Raspberry Lemonade Can 500ml",
            "productId": "5264523_ea_000",
            "productShopPage": "https://www.newworld.co.nz/shop/product/5264523_ea_000nw",
            "productImageURL": "https://a.fsimg.co.nz/product/retail/fan/image/master/5264523.png",
            "productDescription": "Product of New Zealand",
            "volume": "500mL",
            "multipack": {
                "quantity": "1"
            }
        },
        "priceData": {
            "bestPrice": "3.49",
            "price": "3.49",
            "pricePerLitre": 7.0,
            "bestPricePerLitre": 7.0
        },
        "store": {
            "id": "f54433e6-5c6c-41b9-a5e2-d7502f454da8",
            "name": "New World Kapiti"
        }
    },
    {
        "productData": {
            "name": "V Blue Can 4pk",
            "productId": "5030249_ea_000",
            "productShopPage": "https://www.newworld.co.nz/shop/product/5030249_ea_000nw",
            "productImageURL": "https://a.fsimg.co.nz/product/retail/fan/image/master/5030249.png",
            "productDescription": "Limit 12 assorted.\n\n\nContains Wheat Derivatives, Caffeine.\n\nProduct of New Zealand",
            "volume": "250mL",
            "multipack": {
                "quantity": "4"
            }
        },
        "priceData": {
            "bestPrice": "5.99",
            "price": "5.99",
            "pricePerLitre": 5.99,
            "bestPricePerLitre": 5.99
        },
        "store": {
            "id": "f54433e6-5c6c-41b9-a5e2-d7502f454da8",
            "name": "New World Kapiti"
        }
    },
    {
        "productData": {
            "name": "Monster Mule Energy Drink 500ml",
            "productId": "5269459_ea_000",
            "productShopPage": "https://www.newworld.co.nz/shop/product/5269459_ea_000nw",
            "productImageURL": "https://a.fsimg.co.nz/product/retail/fan/image/master/5269459.png",
            "productDescription": "Product of Imported",
            "volume": "500mL",
            "multipack": {
                "quantity": "1"
            }
        },
        "priceData": {
            "bestPrice": "2.99",
            "price": "2.99",
            "pricePerLitre": 6.0,
            "bestPricePerLitre": 6.0
        },
        "store": {
            "id": "f54433e6-5c6c-41b9-a5e2-d7502f454da8",
            "name": "New World Kapiti"
        }
    },
    {
        "productData": {
            "name": "Monster Ultra Paradise Energy Drink 500ml",
            "productId": "5261257_ea_000",
            "productShopPage": "https://www.newworld.co.nz/shop/product/5261257_ea_000nw",
            "productImageURL": "https://a.fsimg.co.nz/product/retail/fan/image/master/5261257.png",
            "productDescription": "Product of Imported",
            "volume": "500mL",
            "multipack": {
                "quantity": "1"
            }
        },
        "priceData": {
            "bestPrice": "2.99",
            "price": "2.99",
            "pricePerLitre": 6.0,
            "bestPricePerLitre": 6.0
        },
        "store": {
            "id": "f54433e6-5c6c-41b9-a5e2-d7502f454da8",
            "name": "New World Kapiti"
        }
    },
    {
        "productData": {
            "name": "V Energy Drink Green Cans 4pk",
            "productId": "5002893_ea_000",
            "productShopPage": "https://www.newworld.co.nz/shop/product/5002893_ea_000nw",
            "productImageURL": "https://a.fsimg.co.nz/product/retail/fan/image/master/5002893.png",
            "productDescription": "Limit 12 assorted.\n\n\nContains Caffeine.\n\nProduct of New Zealand",
            "volume": "250mL",
            "multipack": {
                "quantity": "4"
            }
        },
        "priceData": {
            "bestPrice": "5.99",
            "price": "5.99",
            "pricePerLitre": 5.99,
            "bestPricePerLitre": 5.99
        },
        "store": {
            "id": "f54433e6-5c6c-41b9-a5e2-d7502f454da8",
            "name": "New World Kapiti"
        }
    },
    {
        "productData": {
            "name": "Monster Ultra Zero Drink 500ml",
            "productId": "5090618_ea_000",
            "productShopPage": "https://www.newworld.co.nz/shop/product/5090618_ea_000nw",
            "productImageURL": "https://a.fsimg.co.nz/product/retail/fan/image/master/5090618.png",
            "productDescription": "A little less sweet, lighter-tasting, zero calories, but with a full load of our Monster energy blend. Sure, white is the new black. Monster Energy Zero Ultra. Unleash the Ultra Beast!\n\nProduct of Imported",
            "volume": "500mL",
            "multipack": {
                "quantity": "1"
            }
        },
        "priceData": {
            "bestPrice": "2.99",
            "price": "2.99",
            "pricePerLitre": 6.0,
            "bestPricePerLitre": 6.0
        },
        "store": {
            "id": "f54433e6-5c6c-41b9-a5e2-d7502f454da8",
            "name": "New World Kapiti"
        }
    },
    {
        "productData": {
            "name": "Monster Super Fuel Zero Sugar Energy Drink 550ml",
            "productId": "5284331_ea_000",
            "productShopPage": "https://www.newworld.co.nz/shop/product/5284331_ea_000nw",
            "productImageURL": "https://a.fsimg.co.nz/product/retail/fan/image/master/5284331.png",
            "productDescription": "Product of Imported",
            "volume": "550mL",
            "multipack": {
                "quantity": "1"
            }
        },
        "priceData": {
            "bestPrice": "3.49",
            "price": "3.49",
            "pricePerLitre": 6.345454545454546,
            "bestPricePerLitre": 6.345454545454546
        },
        "store": {
            "id": "f54433e6-5c6c-41b9-a5e2-d7502f454da8",
            "name": "New World Kapiti"
        }
    },
    {
        "productData": {
            "name": "Mother Energy Drink Can 500ml",
            "productId": "5011153_ea_000",
            "productShopPage": "https://www.newworld.co.nz/shop/product/5011153_ea_000nw",
            "productImageURL": "https://a.fsimg.co.nz/product/retail/fan/image/master/5011153.png",
            "productDescription": "Contains Caffeine.\n\nProduct of New Zealand",
            "volume": "500mL",
            "multipack": {
                "quantity": "1"
            }
        },
        "priceData": {
            "bestPrice": "1.99",
            "price": "1.99",
            "pricePerLitre": 4.0,
            "bestPricePerLitre": 4.0
        },
        "store": {
            "id": "f54433e6-5c6c-41b9-a5e2-d7502f454da8",
            "name": "New World Kapiti"
        }
    },
    {
        "productData": {
            "name": "Monster Super Fuel Purple Passion Energy Drink 550ml",
            "productId": "5284332_ea_000",
            "productShopPage": "https://www.newworld.co.nz/shop/product/5284332_ea_000nw",
            "productImageURL": "https://a.fsimg.co.nz/product/retail/fan/image/master/5284332.png",
            "productDescription": "Product of Imported",
            "volume": "550mL",
            "multipack": {
                "quantity": "1"
            }
        },
        "priceData": {
            "bestPrice": "3.49",
            "price": "3.49",
            "pricePerLitre": 6.345454545454546,
            "bestPricePerLitre": 6.345454545454546
        },
        "store": {
            "id": "f54433e6-5c6c-41b9-a5e2-d7502f454da8",
            "name": "New World Kapiti"
        }
    },
    {
        "productData": {
            "name": "Monster Pipeline Punch Energy Drink 500ml",
            "productId": "5242373_ea_000",
            "productShopPage": "https://www.newworld.co.nz/shop/product/5242373_ea_000nw",
            "productImageURL": "https://a.fsimg.co.nz/product/retail/fan/image/master/5242373.png",
            "productDescription": "Product of Imported",
            "volume": "500mL",
            "multipack": {
                "quantity": "1"
            }
        },
        "priceData": {
            "bestPrice": "2.99",
            "price": "2.99",
            "pricePerLitre": 6.0,
            "bestPricePerLitre": 6.0
        },
        "store": {
            "id": "f54433e6-5c6c-41b9-a5e2-d7502f454da8",
            "name": "New World Kapiti"
        }
    },
    {
        "productData": {
            "name": "Monster Energy Drink 500ml",
            "productId": "5007647_ea_000",
            "productShopPage": "https://www.newworld.co.nz/shop/product/5007647_ea_000nw",
            "productImageURL": "https://a.fsimg.co.nz/product/retail/fan/image/master/5007647.png",
            "productDescription": "Contains Caffeine.\n\nProduct of Imported",
            "volume": "500mL",
            "multipack": {
                "quantity": "1"
            }
        },
        "priceData": {
            "bestPrice": "2.99",
            "price": "2.99",
            "pricePerLitre": 6.0,
            "bestPricePerLitre": 6.0
        },
        "store": {
            "id": "f54433e6-5c6c-41b9-a5e2-d7502f454da8",
            "name": "New World Kapiti"
        }
    },
    {
        "productData": {
            "name": "Monster Ultra Zero Drink 4pk",
            "productId": "5213974_ea_000",
            "productShopPage": "https://www.newworld.co.nz/shop/product/5213974_ea_000nw",
            "productImageURL": "https://a.fsimg.co.nz/product/retail/fan/image/master/5213974.png",
            "productDescription": "Product of Imported",
            "volume": "500mL",
            "multipack": {
                "quantity": "4"
            }
        },
        "priceData": {
            "bestPrice": "11.99",
            "price": "11.99",
            "pricePerLitre": 6.0,
            "bestPricePerLitre": 6.0
        },
        "store": {
            "id": "f54433e6-5c6c-41b9-a5e2-d7502f454da8",
            "name": "New World Kapiti"
        }
    },
    {
        "productData": {
            "name": "Monster Energy Drink 4pk",
            "productId": "5107264_ea_000",
            "productShopPage": "https://www.newworld.co.nz/shop/product/5107264_ea_000nw",
            "productImageURL": "https://a.fsimg.co.nz/product/retail/fan/image/master/5107264.png",
            "productDescription": "Product of Imported",
            "volume": "",
            "multipack": {
                "quantity": ""
            }
        },
        "priceData": {
            "bestPrice": "11.99",
            "price": "11.99",
            "pricePerLitre": 6.0,
            "bestPricePerLitre": 6.0
        },
        "store": {
            "id": "f54433e6-5c6c-41b9-a5e2-d7502f454da8",
            "name": "New World Kapiti"
        }
    },
    {
        "productData": {
            "name": "V Sugarfree Guarana Energy Drink 500ml",
            "productId": "5007644_ea_000",
            "productShopPage": "https://www.newworld.co.nz/shop/product/5007644_ea_000nw",
            "productImageURL": "https://a.fsimg.co.nz/product/retail/fan/image/master/5007644.png",
            "productDescription": "Sugar Free.\n\nProduct of New Zealand",
            "volume": "500mL",
            "multipack": {
                "quantity": "1"
            }
        },
        "priceData": {
            "bestPrice": "3.49",
            "price": "3.49",
            "pricePerLitre": 7.0,
            "bestPricePerLitre": 7.0
        },
        "store": {
            "id": "f54433e6-5c6c-41b9-a5e2-d7502f454da8",
            "name": "New World Kapiti"
        }
    },
    {
        "productData": {
            "name": "V Original Guarana Energy Drink 500ml",
            "productId": "5004703_ea_000",
            "productShopPage": "https://www.newworld.co.nz/shop/product/5004703_ea_000nw",
            "productImageURL": "https://a.fsimg.co.nz/product/retail/fan/image/master/5004703.png",
            "productDescription": "Contains Caffeine.\n\nProduct of New Zealand",
            "volume": "500mL",
            "multipack": {
                "quantity": "1"
            }
        },
        "priceData": {
            "bestPrice": "3.49",
            "price": "3.49",
            "pricePerLitre": 7.0,
            "bestPricePerLitre": 7.0
        },
        "store": {
            "id": "f54433e6-5c6c-41b9-a5e2-d7502f454da8",
            "name": "New World Kapiti"
        }
    },
    {
        "productData": {
            "name": "V Original Guarana Energy Drink 500ml",
            "productId": "5007441_ea_000",
            "productShopPage": "https://www.newworld.co.nz/shop/product/5007441_ea_000nw",
            "productImageURL": "https://a.fsimg.co.nz/product/retail/fan/image/master/5007441.png",
            "productDescription": "Buy 2 for $5.00.\n\n\nContains Wheat Derivatives, Caffeine.\n\nProduct of New Zealand",
            "volume": "500mL",
            "multipack": {
                "quantity": "1"
            }
        },
        "priceData": {
            "bestPrice": 2.5,
            "price": 2.0,
            "pricePerLitre": 4.0,
            "bestPricePerLitre": 5.0,
            "multiBuy": {
                "quantity": 2.0,
                "value": 5.0,
                "perUnit": 2.5
            }
        },
        "store": {
            "id": "f54433e6-5c6c-41b9-a5e2-d7502f454da8",
            "name": "New World Kapiti"
        }
    },
    {
        "productData": {
            "name": "V Blue Guarana Energy Drink 10pk",
            "productId": "5290181_ea_000",
            "productShopPage": "https://www.newworld.co.nz/shop/product/5290181_ea_000nw",
            "productImageURL": "https://a.fsimg.co.nz/product/retail/fan/image/master/5290181.png",
            "productDescription": "Product of New Zealand",
            "volume": "250mL",
            "multipack": {
                "quantity": "10"
            }
        },
        "priceData": {
            "bestPrice": "17.99",
            "price": "17.99",
            "pricePerLitre": 7.2,
            "bestPricePerLitre": 7.2
        },
        "store": {
            "id": "dbdfdd2a-55f7-4870-9b51-979286323647",
            "name": "New World Browns Bay"
        }
    },
    {
        "productData": {
            "name": "V Blue Guarana Energy Drink 250ml",
            "productId": "5007495_ea_000",
            "productShopPage": "https://www.newworld.co.nz/shop/product/5007495_ea_000nw",
            "productImageURL": "https://a.fsimg.co.nz/product/retail/fan/image/master/5007495.png",
            "productDescription": "Contains Caffeine, Wheat Derivatives.\n\nProduct of New Zealand",
            "volume": "250mL",
            "multipack": {
                "quantity": "1"
            }
        },
        "priceData": {
            "bestPrice": "1.99",
            "price": "1.99",
            "pricePerLitre": 8.0,
            "bestPricePerLitre": 8.0
        },
        "store": {
            "id": "dbdfdd2a-55f7-4870-9b51-979286323647",
            "name": "New World Browns Bay"
        }
    },
    {
        "productData": {
            "name": "V Sugarfree Blue Guarana Energy Drink 4pk",
            "productId": "5289891_ea_000",
            "productShopPage": "https://www.newworld.co.nz/shop/product/5289891_ea_000nw",
            "productImageURL": "https://a.fsimg.co.nz/product/retail/fan/image/master/5289891.png",
            "productDescription": "Limit 12 assorted.\n\n\n\n\nProduct of New Zealand",
            "volume": "250mL",
            "multipack": {
                "quantity": "4"
            }
        },
        "priceData": {
            "bestPrice": "5.99",
            "price": "5.99",
            "pricePerLitre": 5.99,
            "bestPricePerLitre": 5.99
        },
        "store": {
            "id": "dbdfdd2a-55f7-4870-9b51-979286323647",
            "name": "New World Browns Bay"
        }
    },
    {
        "productData": {
            "name": "V Sugarfree Guarana Energy Drink 250ml",
            "productId": "5001639_ea_000",
            "productShopPage": "https://www.newworld.co.nz/shop/product/5001639_ea_000nw",
            "productImageURL": "https://a.fsimg.co.nz/product/retail/fan/image/master/5001639.png",
            "productDescription": "Sugar Free. Contains Caffeine.\n\nProduct of New Zealand",
            "volume": "250mL",
            "multipack": {
                "quantity": "1"
            }
        },
        "priceData": {
            "bestPrice": "1.99",
            "price": "1.99",
            "pricePerLitre": 8.0,
            "bestPricePerLitre": 8.0
        },
        "store": {
            "id": "dbdfdd2a-55f7-4870-9b51-979286323647",
            "name": "New World Browns Bay"
        }
    },
    {
        "productData": {
            "name": "V Sugarfree Guarana Energy Drink 10pk",
            "productId": "5289890_ea_000",
            "productShopPage": "https://www.newworld.co.nz/shop/product/5289890_ea_000nw",
            "productImageURL": "https://a.fsimg.co.nz/product/retail/fan/image/master/5289890.png",
            "productDescription": "Product of New Zealand",
            "volume": "",
            "multipack": {
                "quantity": ""
            }
        },
        "priceData": {
            "bestPrice": "17.99",
            "price": "17.99",
            "pricePerLitre": 72.0,
            "bestPricePerLitre": 72.0
        },
        "store": {
            "id": "dbdfdd2a-55f7-4870-9b51-979286323647",
            "name": "New World Browns Bay"
        }
    },
    {
        "productData": {
            "name": "V Green Guarana Energy Drink 6pk",
            "productId": "5272987_ea_000",
            "productShopPage": "https://www.newworld.co.nz/shop/product/5272987_ea_000nw",
            "productImageURL": "https://a.fsimg.co.nz/product/retail/fan/image/master/5272987.png",
            "productDescription": "Product of New Zealand",
            "volume": "330mL",
            "multipack": {
                "quantity": "6"
            }
        },
        "priceData": {
            "bestPrice": "11.99",
            "price": "11.99",
            "pricePerLitre": 6.05,
            "bestPricePerLitre": 6.05
        },
        "store": {
            "id": "dbdfdd2a-55f7-4870-9b51-979286323647",
            "name": "New World Browns Bay"
        }
    },
    {
        "productData": {
            "name": "Live Plus Persist Energy Drink 250ml",
            "productId": "5236678_ea_000",
            "productShopPage": "https://www.newworld.co.nz/shop/product/5236678_ea_000nw",
            "productImageURL": "https://a.fsimg.co.nz/product/retail/fan/image/master/5236678.png",
            "productDescription": "Limit 12 assorted.\n\n\n\n\nProduct of New Zealand",
            "volume": "",
            "multipack": {
                "quantity": ""
            }
        },
        "priceData": {
            "bestPrice": "0.99",
            "price": "0.99"
        },
        "store": {
            "id": "dbdfdd2a-55f7-4870-9b51-979286323647",
            "name": "New World Browns Bay"
        }
    },
    {
        "productData": {
            "name": "V Green Guarana Energy Drink 10pk",
            "productId": "5289889_ea_000",
            "productShopPage": "https://www.newworld.co.nz/shop/product/5289889_ea_000nw",
            "productImageURL": "https://a.fsimg.co.nz/product/retail/fan/image/master/5289889.png",
            "productDescription": "Product of New Zealand",
            "volume": "250mL",
            "multipack": {
                "quantity": "10"
            }
        },
        "priceData": {
            "bestPrice": "17.99",
            "price": "17.99",
            "pricePerLitre": 7.2,
            "bestPricePerLitre": 7.2
        },
        "store": {
            "id": "dbdfdd2a-55f7-4870-9b51-979286323647",
            "name": "New World Browns Bay"
        }
    },
    {
        "productData": {
            "name": "V Sugarfree Blue Guarana Energy Drink 500ml",
            "productId": "5283362_ea_000",
            "productShopPage": "https://www.newworld.co.nz/shop/product/5283362_ea_000nw",
            "productImageURL": "https://a.fsimg.co.nz/product/retail/fan/image/master/5283362.png",
            "productDescription": "Sugar free\n\nProduct of New Zealand",
            "volume": "500mL",
            "multipack": {
                "quantity": "1"
            }
        },
        "priceData": {
            "bestPrice": "3.49",
            "price": "3.49",
            "pricePerLitre": 7.0,
            "bestPricePerLitre": 7.0
        },
        "store": {
            "id": "dbdfdd2a-55f7-4870-9b51-979286323647",
            "name": "New World Browns Bay"
        }
    },
    {
        "productData": {
            "name": "V Original Guarana Energy Drink 350ml",
            "productId": "5003156_ea_000",
            "productShopPage": "https://www.newworld.co.nz/shop/product/5003156_ea_000nw",
            "productImageURL": "https://a.fsimg.co.nz/product/retail/fan/image/master/5003156.png",
            "productDescription": "Buy 2 for $5.00.\n\n\nContains Caffeine.\n\nProduct of New Zealand",
            "volume": "350mL",
            "multipack": {
                "quantity": "1"
            }
        },
        "priceData": {
            "bestPrice": 2.5,
            "price": 2.0,
            "pricePerLitre": 5.714285714285714,
            "bestPricePerLitre": 7.142857142857143,
            "multiBuy": {
                "quantity": 2.0,
                "value": 5.0,
                "perUnit": 2.5
            }
        },
        "store": {
            "id": "dbdfdd2a-55f7-4870-9b51-979286323647",
            "name": "New World Browns Bay"
        }
    },
    {
        "productData": {
            "name": "V Blue Guarana Energy Drink 350ml",
            "productId": "5007492_ea_000",
            "productShopPage": "https://www.newworld.co.nz/shop/product/5007492_ea_000nw",
            "productImageURL": "https://a.fsimg.co.nz/product/retail/fan/image/master/5007492.png",
            "productDescription": "Buy 2 for $5.00.\n\n\nContains Caffeine, Wheat Derivatives.\n\nProduct of New Zealand",
            "volume": "350mL",
            "multipack": {
                "quantity": "1"
            }
        },
        "priceData": {
            "bestPrice": 2.5,
            "price": 2.0,
            "pricePerLitre": 5.714285714285714,
            "bestPricePerLitre": 7.142857142857143,
            "multiBuy": {
                "quantity": 2.0,
                "value": 5.0,
                "perUnit": 2.5
            }
        },
        "store": {
            "id": "dbdfdd2a-55f7-4870-9b51-979286323647",
            "name": "New World Browns Bay"
        }
    },
    {
        "productData": {
            "name": "V Blue Guarana Energy Drink 500ml",
            "productId": "5007494_ea_000",
            "productShopPage": "https://www.newworld.co.nz/shop/product/5007494_ea_000nw",
            "productImageURL": "https://a.fsimg.co.nz/product/retail/fan/image/master/5007494.png",
            "productDescription": "Contains Wheat Derivatives, Caffeine.\n\nProduct of New Zealand",
            "volume": "500mL",
            "multipack": {
                "quantity": "1"
            }
        },
        "priceData": {
            "bestPrice": "3.49",
            "price": "3.49",
            "pricePerLitre": 7.0,
            "bestPricePerLitre": 7.0
        },
        "store": {
            "id": "dbdfdd2a-55f7-4870-9b51-979286323647",
            "name": "New World Browns Bay"
        }
    },
    {
        "productData": {
            "name": "Red Bull Energy Drink 473ml",
            "productId": "5005255_ea_000",
            "productShopPage": "https://www.newworld.co.nz/shop/product/5005255_ea_000nw",
            "productImageURL": "https://a.fsimg.co.nz/product/retail/fan/image/master/5005255.png",
            "productDescription": "Red Bull Energy Drink's special formula contains ingredients of high quality: Caffeine, Taurine, B-Group Vitamins, Sugars, Alpine Water.One 250ml can of Red Bull Energy Drinks contains 80 mg of caffeine, about the same amount as in a cup of home-brewed coffee.The amount of sugars in a can of Red Bull Energy Drink is comparable to the level of sugars in an equivalent amount of apple or orange juice – 11 g per 100ml.Red Bull cans are made of 100% recyclable aluminium.Red Bull Energy Drink 473ml canVitalizes Body and Mind.®RED BULL GIVES YOU WINGSInspired by functional drinks from the Far East, Dietrich Mateschitz founded Red Bull in the mid-1980s. He developed a new product and a unique marketing concept and launched Red Bull Energy Drink on April 1, 1987 in Austria. A brand new product category - Energy Drinks - was born.\n\nProduct of Imported",
            "volume": "473mL",
            "multipack": {
                "quantity": "1"
            }
        },
        "priceData": {
            "bestPrice": "3.59",
            "price": "3.59",
            "pricePerLitre": 7.6,
            "bestPricePerLitre": 7.6
        },
        "store": {
            "id": "dbdfdd2a-55f7-4870-9b51-979286323647",
            "name": "New World Browns Bay"
        }
    },
    {
        "productData": {
            "name": "V Original Guarana Energy Drink 250ml",
            "productId": "5003151_ea_000",
            "productShopPage": "https://www.newworld.co.nz/shop/product/5003151_ea_000nw",
            "productImageURL": "https://a.fsimg.co.nz/product/retail/fan/image/master/5003151.png",
            "productDescription": "Contains Caffeine.\n\nProduct of New Zealand",
            "volume": "250mL",
            "multipack": {
                "quantity": "1"
            }
        },
        "priceData": {
            "bestPrice": "1.99",
            "price": "1.99",
            "pricePerLitre": 8.0,
            "bestPricePerLitre": 8.0
        },
        "store": {
            "id": "dbdfdd2a-55f7-4870-9b51-979286323647",
            "name": "New World Browns Bay"
        }
    },
    {
        "productData": {
            "name": "Red Bull Energy Drink 250ml Cans 4pk",
            "productId": "5001443_ea_000",
            "productShopPage": "https://www.newworld.co.nz/shop/product/5001443_ea_000nw",
            "productImageURL": "https://a.fsimg.co.nz/product/retail/fan/image/master/5001443.png",
            "productDescription": "Red Bull Energy Drink's special formula contains ingredients of high quality: Caffeine, Taurine, B-Group Vitamins, Sugars, Alpine Water.One 250ml can of Red Bull Energy Drinks contains 80 mg of caffeine, about the same amount as in a cup of home-brewed coffee.The amount of sugars in a can of Red Bull Energy Drink is comparable to the level of sugars in an equivalent amount of apple or orange juice – 11 g per 100ml.Red Bull cans are made of 100% recyclable aluminium.Pack of four 250ml Red Bull Energy Drink cansVitalizes Body and Mind.®RED BULL GIVES YOU WINGSInspired by functional drinks from the Far East, Dietrich Mateschitz founded Red Bull in the mid-1980s. He developed a new product and a unique marketing concept and launched Red Bull Energy Drink on April 1, 1987 in Austria. A brand new product category - Energy Drinks - was born.",
            "volume": "250mL",
            "multipack": {
                "quantity": "4"
            }
        },
        "priceData": {
            "bestPrice": "8.29",
            "price": "8.29",
            "pricePerLitre": 8.299999999999999,
            "bestPricePerLitre": 8.299999999999999
        },
        "store": {
            "id": "dbdfdd2a-55f7-4870-9b51-979286323647",
            "name": "New World Browns Bay"
        }
    },
    {
        "productData": {
            "name": "Lucozade Original Energy Drink 380ml",
            "productId": "5009240_ea_000",
            "productShopPage": "https://www.newworld.co.nz/shop/product/5009240_ea_000nw",
            "productImageURL": "https://a.fsimg.co.nz/product/retail/fan/image/master/5009240.png",
            "productDescription": "Energy from Glucose.\n\nProduct of New Zealand",
            "volume": "380mL",
            "multipack": {
                "quantity": "1"
            }
        },
        "priceData": {
            "bestPrice": "2.69",
            "price": "2.69",
            "pricePerLitre": 7.08,
            "bestPricePerLitre": 7.08
        },
        "store": {
            "id": "dbdfdd2a-55f7-4870-9b51-979286323647",
            "name": "New World Browns Bay"
        }
    },
    {
        "productData": {
            "name": "Rockstar Watermelon Freeze Energy Drink 500ml",
            "productId": "5257298_ea_000",
            "productShopPage": "https://www.newworld.co.nz/shop/product/5257298_ea_000nw",
            "productImageURL": "https://a.fsimg.co.nz/product/retail/fan/image/master/5257298.png",
            "productDescription": "Buy 3 for $5.00.\n\n\n\n\nProduct of New Zealand",
            "volume": "500mL",
            "multipack": {
                "quantity": "1"
            }
        },
        "priceData": {
            "bestPrice": 1.6666666666666667,
            "price": 1.0,
            "pricePerLitre": 2.0,
            "bestPricePerLitre": 3.3333333333333335,
            "multiBuy": {
                "quantity": 3.0,
                "value": 5.0,
                "perUnit": 1.6666666666666667
            }
        },
        "store": {
            "id": "dbdfdd2a-55f7-4870-9b51-979286323647",
            "name": "New World Browns Bay"
        }
    },
    {
        "productData": {
            "name": "V Blue Guarana Energy Drink 6pk",
            "productId": "5272988_ea_000",
            "productShopPage": "https://www.newworld.co.nz/shop/product/5272988_ea_000nw",
            "productImageURL": "https://a.fsimg.co.nz/product/retail/fan/image/master/5272988.png",
            "productDescription": "Product of New Zealand",
            "volume": "330mL",
            "multipack": {
                "quantity": "6"
            }
        },
        "priceData": {
            "bestPrice": "11.99",
            "price": "11.99",
            "pricePerLitre": 6.05,
            "bestPricePerLitre": 6.05
        },
        "store": {
            "id": "dbdfdd2a-55f7-4870-9b51-979286323647",
            "name": "New World Browns Bay"
        }
    },
    {
        "productData": {
            "name": "V Blue Can 4pk",
            "productId": "5030249_ea_000",
            "productShopPage": "https://www.newworld.co.nz/shop/product/5030249_ea_000nw",
            "productImageURL": "https://a.fsimg.co.nz/product/retail/fan/image/master/5030249.png",
            "productDescription": "Limit 12 assorted.\n\n\nContains Wheat Derivatives, Caffeine.\n\nProduct of New Zealand",
            "volume": "250mL",
            "multipack": {
                "quantity": "4"
            }
        },
        "priceData": {
            "bestPrice": "5.99",
            "price": "5.99",
            "pricePerLitre": 5.99,
            "bestPricePerLitre": 5.99
        },
        "store": {
            "id": "dbdfdd2a-55f7-4870-9b51-979286323647",
            "name": "New World Browns Bay"
        }
    },
    {
        "productData": {
            "name": "V Energy Drink Sugarfree Cans 4pk",
            "productId": "5004117_ea_000",
            "productShopPage": "https://www.newworld.co.nz/shop/product/5004117_ea_000nw",
            "productImageURL": "https://a.fsimg.co.nz/product/retail/fan/image/master/5004117.png",
            "productDescription": "Limit 12 assorted.\n\n\nSugar Free. Contains Caffeine.\n\nProduct of New Zealand",
            "volume": "250mL",
            "multipack": {
                "quantity": "4"
            }
        },
        "priceData": {
            "bestPrice": "5.99",
            "price": "5.99",
            "pricePerLitre": 5.99,
            "bestPricePerLitre": 5.99
        },
        "store": {
            "id": "dbdfdd2a-55f7-4870-9b51-979286323647",
            "name": "New World Browns Bay"
        }
    },
    {
        "productData": {
            "name": "Monster Mule Energy Drink 500ml",
            "productId": "5269459_ea_000",
            "productShopPage": "https://www.newworld.co.nz/shop/product/5269459_ea_000nw",
            "productImageURL": "https://a.fsimg.co.nz/product/retail/fan/image/master/5269459.png",
            "productDescription": "Product of Imported",
            "volume": "500mL",
            "multipack": {
                "quantity": "1"
            }
        },
        "priceData": {
            "bestPrice": "2.99",
            "price": "2.99",
            "pricePerLitre": 6.0,
            "bestPricePerLitre": 6.0
        },
        "store": {
            "id": "dbdfdd2a-55f7-4870-9b51-979286323647",
            "name": "New World Browns Bay"
        }
    },
    {
        "productData": {
            "name": "V Energy Drink Green Cans 4pk",
            "productId": "5002893_ea_000",
            "productShopPage": "https://www.newworld.co.nz/shop/product/5002893_ea_000nw",
            "productImageURL": "https://a.fsimg.co.nz/product/retail/fan/image/master/5002893.png",
            "productDescription": "Limit 12 assorted.\n\n\nContains Caffeine.\n\nProduct of New Zealand",
            "volume": "250mL",
            "multipack": {
                "quantity": "4"
            }
        },
        "priceData": {
            "bestPrice": "5.99",
            "price": "5.99",
            "pricePerLitre": 5.99,
            "bestPricePerLitre": 5.99
        },
        "store": {
            "id": "dbdfdd2a-55f7-4870-9b51-979286323647",
            "name": "New World Browns Bay"
        }
    },
    {
        "productData": {
            "name": "Monster Ultra Zero Drink 500ml",
            "productId": "5090618_ea_000",
            "productShopPage": "https://www.newworld.co.nz/shop/product/5090618_ea_000nw",
            "productImageURL": "https://a.fsimg.co.nz/product/retail/fan/image/master/5090618.png",
            "productDescription": "A little less sweet, lighter-tasting, zero calories, but with a full load of our Monster energy blend. Sure, white is the new black. Monster Energy Zero Ultra. Unleash the Ultra Beast!\n\nProduct of Imported",
            "volume": "500mL",
            "multipack": {
                "quantity": "1"
            }
        },
        "priceData": {
            "bestPrice": "2.99",
            "price": "2.99",
            "pricePerLitre": 6.0,
            "bestPricePerLitre": 6.0
        },
        "store": {
            "id": "dbdfdd2a-55f7-4870-9b51-979286323647",
            "name": "New World Browns Bay"
        }
    },
    {
        "productData": {
            "name": "Monster Super Fuel Zero Sugar Energy Drink 550ml",
            "productId": "5284331_ea_000",
            "productShopPage": "https://www.newworld.co.nz/shop/product/5284331_ea_000nw",
            "productImageURL": "https://a.fsimg.co.nz/product/retail/fan/image/master/5284331.png",
            "productDescription": "Product of Imported",
            "volume": "550mL",
            "multipack": {
                "quantity": "1"
            }
        },
        "priceData": {
            "bestPrice": "3.49",
            "price": "3.49",
            "pricePerLitre": 6.345454545454546,
            "bestPricePerLitre": 6.345454545454546
        },
        "store": {
            "id": "dbdfdd2a-55f7-4870-9b51-979286323647",
            "name": "New World Browns Bay"
        }
    },
    {
        "productData": {
            "name": "Mother Energy Drink Can 500ml",
            "productId": "5011153_ea_000",
            "productShopPage": "https://www.newworld.co.nz/shop/product/5011153_ea_000nw",
            "productImageURL": "https://a.fsimg.co.nz/product/retail/fan/image/master/5011153.png",
            "productDescription": "Contains Caffeine.\n\nProduct of New Zealand",
            "volume": "500mL",
            "multipack": {
                "quantity": "1"
            }
        },
        "priceData": {
            "bestPrice": "1.99",
            "price": "1.99",
            "pricePerLitre": 4.0,
            "bestPricePerLitre": 4.0
        },
        "store": {
            "id": "dbdfdd2a-55f7-4870-9b51-979286323647",
            "name": "New World Browns Bay"
        }
    },
    {
        "productData": {
            "name": "Monster Super Fuel Purple Passion Energy Drink 550ml",
            "productId": "5284332_ea_000",
            "productShopPage": "https://www.newworld.co.nz/shop/product/5284332_ea_000nw",
            "productImageURL": "https://a.fsimg.co.nz/product/retail/fan/image/master/5284332.png",
            "productDescription": "Product of Imported",
            "volume": "550mL",
            "multipack": {
                "quantity": "1"
            }
        },
        "priceData": {
            "bestPrice": "3.49",
            "price": "3.49",
            "pricePerLitre": 6.345454545454546,
            "bestPricePerLitre": 6.345454545454546
        },
        "store": {
            "id": "dbdfdd2a-55f7-4870-9b51-979286323647",
            "name": "New World Browns Bay"
        }
    },
    {
        "productData": {
            "name": "Mother Energy Drink Can 6pk",
            "productId": "5009490_ea_000",
            "productShopPage": "https://www.newworld.co.nz/shop/product/5009490_ea_000nw",
            "productImageURL": "https://a.fsimg.co.nz/product/retail/fan/image/master/5009490.png",
            "productDescription": "Contains Caffeine.\n\nProduct of New Zealand",
            "volume": "250mL",
            "multipack": {
                "quantity": "6"
            }
        },
        "priceData": {
            "bestPrice": "7.49",
            "price": "7.49",
            "pricePerLitre": 5.0,
            "bestPricePerLitre": 5.0
        },
        "store": {
            "id": "dbdfdd2a-55f7-4870-9b51-979286323647",
            "name": "New World Browns Bay"
        }
    },
    {
        "productData": {
            "name": "Monster Energy Drink 500ml",
            "productId": "5007647_ea_000",
            "productShopPage": "https://www.newworld.co.nz/shop/product/5007647_ea_000nw",
            "productImageURL": "https://a.fsimg.co.nz/product/retail/fan/image/master/5007647.png",
            "productDescription": "Contains Caffeine.\n\nProduct of Imported",
            "volume": "500mL",
            "multipack": {
                "quantity": "1"
            }
        },
        "priceData": {
            "bestPrice": "2.99",
            "price": "2.99",
            "pricePerLitre": 6.0,
            "bestPricePerLitre": 6.0
        },
        "store": {
            "id": "dbdfdd2a-55f7-4870-9b51-979286323647",
            "name": "New World Browns Bay"
        }
    },
    {
        "productData": {
            "name": "V Sugarfree Guarana Energy Drink 500ml",
            "productId": "5007644_ea_000",
            "productShopPage": "https://www.newworld.co.nz/shop/product/5007644_ea_000nw",
            "productImageURL": "https://a.fsimg.co.nz/product/retail/fan/image/master/5007644.png",
            "productDescription": "Sugar Free.\n\nProduct of New Zealand",
            "volume": "500mL",
            "multipack": {
                "quantity": "1"
            }
        },
        "priceData": {
            "bestPrice": "3.49",
            "price": "3.49",
            "pricePerLitre": 7.0,
            "bestPricePerLitre": 7.0
        },
        "store": {
            "id": "dbdfdd2a-55f7-4870-9b51-979286323647",
            "name": "New World Browns Bay"
        }
    },
    {
        "productData": {
            "name": "V Original Guarana Energy Drink 500ml",
            "productId": "5004703_ea_000",
            "productShopPage": "https://www.newworld.co.nz/shop/product/5004703_ea_000nw",
            "productImageURL": "https://a.fsimg.co.nz/product/retail/fan/image/master/5004703.png",
            "productDescription": "Contains Caffeine.\n\nProduct of New Zealand",
            "volume": "500mL",
            "multipack": {
                "quantity": "1"
            }
        },
        "priceData": {
            "bestPrice": "3.49",
            "price": "3.49",
            "pricePerLitre": 7.0,
            "bestPricePerLitre": 7.0
        },
        "store": {
            "id": "dbdfdd2a-55f7-4870-9b51-979286323647",
            "name": "New World Browns Bay"
        }
    },
    {
        "productData": {
            "name": "V Blue Guarana Energy Drink 10pk",
            "productId": "5290181_ea_000",
            "productShopPage": "https://www.newworld.co.nz/shop/product/5290181_ea_000nw",
            "productImageURL": "https://a.fsimg.co.nz/product/retail/fan/image/master/5290181.png",
            "productDescription": "Product of New Zealand",
            "volume": "250mL",
            "multipack": {
                "quantity": "10"
            }
        },
        "priceData": {
            "bestPrice": "17.99",
            "price": "17.99",
            "pricePerLitre": 7.2,
            "bestPricePerLitre": 7.2
        },
        "store": {
            "id": "4664daab-1897-4e69-9117-067b4afd41bb",
            "name": "New World Onerahi"
        }
    },
    {
        "productData": {
            "name": "V Blue Guarana Energy Drink 250ml",
            "productId": "5007495_ea_000",
            "productShopPage": "https://www.newworld.co.nz/shop/product/5007495_ea_000nw",
            "productImageURL": "https://a.fsimg.co.nz/product/retail/fan/image/master/5007495.png",
            "productDescription": "Contains Caffeine, Wheat Derivatives.\n\nProduct of New Zealand",
            "volume": "250mL",
            "multipack": {
                "quantity": "1"
            }
        },
        "priceData": {
            "bestPrice": "1.99",
            "price": "1.99",
            "pricePerLitre": 8.0,
            "bestPricePerLitre": 8.0
        },
        "store": {
            "id": "4664daab-1897-4e69-9117-067b4afd41bb",
            "name": "New World Onerahi"
        }
    },
    {
        "productData": {
            "name": "V Sugarfree Blue Guarana Energy Drink 4pk",
            "productId": "5289891_ea_000",
            "productShopPage": "https://www.newworld.co.nz/shop/product/5289891_ea_000nw",
            "productImageURL": "https://a.fsimg.co.nz/product/retail/fan/image/master/5289891.png",
            "productDescription": "Limit 12 assorted.\n\n\n\n\nProduct of New Zealand",
            "volume": "250mL",
            "multipack": {
                "quantity": "4"
            }
        },
        "priceData": {
            "bestPrice": "5.99",
            "price": "5.99",
            "pricePerLitre": 5.99,
            "bestPricePerLitre": 5.99
        },
        "store": {
            "id": "4664daab-1897-4e69-9117-067b4afd41bb",
            "name": "New World Onerahi"
        }
    },
    {
        "productData": {
            "name": "V Sugarfree Guarana Energy Drink 250ml",
            "productId": "5001639_ea_000",
            "productShopPage": "https://www.newworld.co.nz/shop/product/5001639_ea_000nw",
            "productImageURL": "https://a.fsimg.co.nz/product/retail/fan/image/master/5001639.png",
            "productDescription": "Sugar Free. Contains Caffeine.\n\nProduct of New Zealand",
            "volume": "250mL",
            "multipack": {
                "quantity": "1"
            }
        },
        "priceData": {
            "bestPrice": "1.99",
            "price": "1.99",
            "pricePerLitre": 8.0,
            "bestPricePerLitre": 8.0
        },
        "store": {
            "id": "4664daab-1897-4e69-9117-067b4afd41bb",
            "name": "New World Onerahi"
        }
    },
    {
        "productData": {
            "name": "V Sugarfree Guarana Energy Drink 10pk",
            "productId": "5289890_ea_000",
            "productShopPage": "https://www.newworld.co.nz/shop/product/5289890_ea_000nw",
            "productImageURL": "https://a.fsimg.co.nz/product/retail/fan/image/master/5289890.png",
            "productDescription": "Product of New Zealand",
            "volume": "",
            "multipack": {
                "quantity": ""
            }
        },
        "priceData": {
            "bestPrice": "17.99",
            "price": "17.99",
            "pricePerLitre": 72.0,
            "bestPricePerLitre": 72.0
        },
        "store": {
            "id": "4664daab-1897-4e69-9117-067b4afd41bb",
            "name": "New World Onerahi"
        }
    },
    {
        "productData": {
            "name": "V Green Guarana Energy Drink 6pk",
            "productId": "5272987_ea_000",
            "productShopPage": "https://www.newworld.co.nz/shop/product/5272987_ea_000nw",
            "productImageURL": "https://a.fsimg.co.nz/product/retail/fan/image/master/5272987.png",
            "productDescription": "Product of New Zealand",
            "volume": "330mL",
            "multipack": {
                "quantity": "6"
            }
        },
        "priceData": {
            "bestPrice": "11.99",
            "price": "11.99",
            "pricePerLitre": 6.05,
            "bestPricePerLitre": 6.05
        },
        "store": {
            "id": "4664daab-1897-4e69-9117-067b4afd41bb",
            "name": "New World Onerahi"
        }
    },
    {
        "productData": {
            "name": "Live Plus Persist Energy Drink 250ml",
            "productId": "5236678_ea_000",
            "productShopPage": "https://www.newworld.co.nz/shop/product/5236678_ea_000nw",
            "productImageURL": "https://a.fsimg.co.nz/product/retail/fan/image/master/5236678.png",
            "productDescription": "Limit 12 assorted.\n\n\n\n\nProduct of New Zealand",
            "volume": "",
            "multipack": {
                "quantity": ""
            }
        },
        "priceData": {
            "bestPrice": "0.99",
            "price": "0.99"
        },
        "store": {
            "id": "4664daab-1897-4e69-9117-067b4afd41bb",
            "name": "New World Onerahi"
        }
    },
    {
        "productData": {
            "name": "V Green Guarana Energy Drink 10pk",
            "productId": "5289889_ea_000",
            "productShopPage": "https://www.newworld.co.nz/shop/product/5289889_ea_000nw",
            "productImageURL": "https://a.fsimg.co.nz/product/retail/fan/image/master/5289889.png",
            "productDescription": "Product of New Zealand",
            "volume": "250mL",
            "multipack": {
                "quantity": "10"
            }
        },
        "priceData": {
            "bestPrice": "17.99",
            "price": "17.99",
            "pricePerLitre": 7.2,
            "bestPricePerLitre": 7.2
        },
        "store": {
            "id": "4664daab-1897-4e69-9117-067b4afd41bb",
            "name": "New World Onerahi"
        }
    },
    {
        "productData": {
            "name": "V Sugarfree Blue Guarana Energy Drink 500ml",
            "productId": "5283362_ea_000",
            "productShopPage": "https://www.newworld.co.nz/shop/product/5283362_ea_000nw",
            "productImageURL": "https://a.fsimg.co.nz/product/retail/fan/image/master/5283362.png",
            "productDescription": "Sugar free\n\nProduct of New Zealand",
            "volume": "500mL",
            "multipack": {
                "quantity": "1"
            }
        },
        "priceData": {
            "bestPrice": "3.49",
            "price": "3.49",
            "pricePerLitre": 7.0,
            "bestPricePerLitre": 7.0
        },
        "store": {
            "id": "4664daab-1897-4e69-9117-067b4afd41bb",
            "name": "New World Onerahi"
        }
    },
    {
        "productData": {
            "name": "V Original Guarana Energy Drink 350ml",
            "productId": "5003156_ea_000",
            "productShopPage": "https://www.newworld.co.nz/shop/product/5003156_ea_000nw",
            "productImageURL": "https://a.fsimg.co.nz/product/retail/fan/image/master/5003156.png",
            "productDescription": "Buy 2 for $5.00.\n\n\nContains Caffeine.\n\nProduct of New Zealand",
            "volume": "350mL",
            "multipack": {
                "quantity": "1"
            }
        },
        "priceData": {
            "bestPrice": 2.5,
            "price": 2.0,
            "pricePerLitre": 5.714285714285714,
            "bestPricePerLitre": 7.142857142857143,
            "multiBuy": {
                "quantity": 2.0,
                "value": 5.0,
                "perUnit": 2.5
            }
        },
        "store": {
            "id": "4664daab-1897-4e69-9117-067b4afd41bb",
            "name": "New World Onerahi"
        }
    },
    {
        "productData": {
            "name": "V Blue Guarana Energy Drink 500ml",
            "productId": "5007494_ea_000",
            "productShopPage": "https://www.newworld.co.nz/shop/product/5007494_ea_000nw",
            "productImageURL": "https://a.fsimg.co.nz/product/retail/fan/image/master/5007494.png",
            "productDescription": "Contains Wheat Derivatives, Caffeine.\n\nProduct of New Zealand",
            "volume": "500mL",
            "multipack": {
                "quantity": "1"
            }
        },
        "priceData": {
            "bestPrice": "3.49",
            "price": "3.49",
            "pricePerLitre": 7.0,
            "bestPricePerLitre": 7.0
        },
        "store": {
            "id": "4664daab-1897-4e69-9117-067b4afd41bb",
            "name": "New World Onerahi"
        }
    },
    {
        "productData": {
            "name": "Red Bull Energy Drink 473ml",
            "productId": "5005255_ea_000",
            "productShopPage": "https://www.newworld.co.nz/shop/product/5005255_ea_000nw",
            "productImageURL": "https://a.fsimg.co.nz/product/retail/fan/image/master/5005255.png",
            "productDescription": "Red Bull Energy Drink's special formula contains ingredients of high quality: Caffeine, Taurine, B-Group Vitamins, Sugars, Alpine Water.One 250ml can of Red Bull Energy Drinks contains 80 mg of caffeine, about the same amount as in a cup of home-brewed coffee.The amount of sugars in a can of Red Bull Energy Drink is comparable to the level of sugars in an equivalent amount of apple or orange juice – 11 g per 100ml.Red Bull cans are made of 100% recyclable aluminium.Red Bull Energy Drink 473ml canVitalizes Body and Mind.®RED BULL GIVES YOU WINGSInspired by functional drinks from the Far East, Dietrich Mateschitz founded Red Bull in the mid-1980s. He developed a new product and a unique marketing concept and launched Red Bull Energy Drink on April 1, 1987 in Austria. A brand new product category - Energy Drinks - was born.\n\nProduct of Imported",
            "volume": "473mL",
            "multipack": {
                "quantity": "1"
            }
        },
        "priceData": {
            "bestPrice": "3.59",
            "price": "3.59",
            "pricePerLitre": 7.6,
            "bestPricePerLitre": 7.6
        },
        "store": {
            "id": "4664daab-1897-4e69-9117-067b4afd41bb",
            "name": "New World Onerahi"
        }
    },
    {
        "productData": {
            "name": "V Original Guarana Energy Drink 250ml",
            "productId": "5003151_ea_000",
            "productShopPage": "https://www.newworld.co.nz/shop/product/5003151_ea_000nw",
            "productImageURL": "https://a.fsimg.co.nz/product/retail/fan/image/master/5003151.png",
            "productDescription": "Contains Caffeine.\n\nProduct of New Zealand",
            "volume": "250mL",
            "multipack": {
                "quantity": "1"
            }
        },
        "priceData": {
            "bestPrice": "1.99",
            "price": "1.99",
            "pricePerLitre": 8.0,
            "bestPricePerLitre": 8.0
        },
        "store": {
            "id": "4664daab-1897-4e69-9117-067b4afd41bb",
            "name": "New World Onerahi"
        }
    },
    {
        "productData": {
            "name": "Red Bull Energy Drink 250ml Cans 4pk",
            "productId": "5001443_ea_000",
            "productShopPage": "https://www.newworld.co.nz/shop/product/5001443_ea_000nw",
            "productImageURL": "https://a.fsimg.co.nz/product/retail/fan/image/master/5001443.png",
            "productDescription": "Red Bull Energy Drink's special formula contains ingredients of high quality: Caffeine, Taurine, B-Group Vitamins, Sugars, Alpine Water.One 250ml can of Red Bull Energy Drinks contains 80 mg of caffeine, about the same amount as in a cup of home-brewed coffee.The amount of sugars in a can of Red Bull Energy Drink is comparable to the level of sugars in an equivalent amount of apple or orange juice – 11 g per 100ml.Red Bull cans are made of 100% recyclable aluminium.Pack of four 250ml Red Bull Energy Drink cansVitalizes Body and Mind.®RED BULL GIVES YOU WINGSInspired by functional drinks from the Far East, Dietrich Mateschitz founded Red Bull in the mid-1980s. He developed a new product and a unique marketing concept and launched Red Bull Energy Drink on April 1, 1987 in Austria. A brand new product category - Energy Drinks - was born.",
            "volume": "250mL",
            "multipack": {
                "quantity": "4"
            }
        },
        "priceData": {
            "bestPrice": "8.29",
            "price": "8.29",
            "pricePerLitre": 8.299999999999999,
            "bestPricePerLitre": 8.299999999999999
        },
        "store": {
            "id": "4664daab-1897-4e69-9117-067b4afd41bb",
            "name": "New World Onerahi"
        }
    },
    {
        "productData": {
            "name": "Lucozade Orange Energy Drink 380ml",
            "productId": "5009239_ea_000",
            "productShopPage": "https://www.newworld.co.nz/shop/product/5009239_ea_000nw",
            "productImageURL": "https://a.fsimg.co.nz/product/retail/fan/image/master/5009239.png",
            "productDescription": "Powered by Glucose.\n\nProduct of New Zealand",
            "volume": "380mL",
            "multipack": {
                "quantity": "1"
            }
        },
        "priceData": {
            "bestPrice": "2.69",
            "price": "2.69",
            "pricePerLitre": 7.08,
            "bestPricePerLitre": 7.08
        },
        "store": {
            "id": "4664daab-1897-4e69-9117-067b4afd41bb",
            "name": "New World Onerahi"
        }
    },
    {
        "productData": {
            "name": "V Raspberry Lemonade Guarana Energy Drink 4pk",
            "productId": "5289907_ea_000",
            "productShopPage": "https://www.newworld.co.nz/shop/product/5289907_ea_000nw",
            "productImageURL": "https://a.fsimg.co.nz/product/retail/fan/image/master/5289907.png",
            "productDescription": "Limit 12 assorted.\n\n\n\n\nProduct of New Zealand",
            "volume": "250mL",
            "multipack": {
                "quantity": "4"
            }
        },
        "priceData": {
            "bestPrice": "5.99",
            "price": "5.99",
            "pricePerLitre": 5.99,
            "bestPricePerLitre": 5.99
        },
        "store": {
            "id": "4664daab-1897-4e69-9117-067b4afd41bb",
            "name": "New World Onerahi"
        }
    },
    {
        "productData": {
            "name": "V Blue Can 4pk",
            "productId": "5030249_ea_000",
            "productShopPage": "https://www.newworld.co.nz/shop/product/5030249_ea_000nw",
            "productImageURL": "https://a.fsimg.co.nz/product/retail/fan/image/master/5030249.png",
            "productDescription": "Limit 12 assorted.\n\n\nContains Wheat Derivatives, Caffeine.\n\nProduct of New Zealand",
            "volume": "250mL",
            "multipack": {
                "quantity": "4"
            }
        },
        "priceData": {
            "bestPrice": "5.99",
            "price": "5.99",
            "pricePerLitre": 5.99,
            "bestPricePerLitre": 5.99
        },
        "store": {
            "id": "4664daab-1897-4e69-9117-067b4afd41bb",
            "name": "New World Onerahi"
        }
    },
    {
        "productData": {
            "name": "V Energy Drink Sugarfree Cans 4pk",
            "productId": "5004117_ea_000",
            "productShopPage": "https://www.newworld.co.nz/shop/product/5004117_ea_000nw",
            "productImageURL": "https://a.fsimg.co.nz/product/retail/fan/image/master/5004117.png",
            "productDescription": "Limit 12 assorted.\n\n\nSugar Free. Contains Caffeine.\n\nProduct of New Zealand",
            "volume": "250mL",
            "multipack": {
                "quantity": "4"
            }
        },
        "priceData": {
            "bestPrice": "5.99",
            "price": "5.99",
            "pricePerLitre": 5.99,
            "bestPricePerLitre": 5.99
        },
        "store": {
            "id": "4664daab-1897-4e69-9117-067b4afd41bb",
            "name": "New World Onerahi"
        }
    },
    {
        "productData": {
            "name": "Monster Ultra Paradise Energy Drink 500ml",
            "productId": "5261257_ea_000",
            "productShopPage": "https://www.newworld.co.nz/shop/product/5261257_ea_000nw",
            "productImageURL": "https://a.fsimg.co.nz/product/retail/fan/image/master/5261257.png",
            "productDescription": "Product of Imported",
            "volume": "500mL",
            "multipack": {
                "quantity": "1"
            }
        },
        "priceData": {
            "bestPrice": "2.99",
            "price": "2.99",
            "pricePerLitre": 6.0,
            "bestPricePerLitre": 6.0
        },
        "store": {
            "id": "4664daab-1897-4e69-9117-067b4afd41bb",
            "name": "New World Onerahi"
        }
    },
    {
        "productData": {
            "name": "V Energy Drink Green Cans 4pk",
            "productId": "5002893_ea_000",
            "productShopPage": "https://www.newworld.co.nz/shop/product/5002893_ea_000nw",
            "productImageURL": "https://a.fsimg.co.nz/product/retail/fan/image/master/5002893.png",
            "productDescription": "Limit 12 assorted.\n\n\nContains Caffeine.\n\nProduct of New Zealand",
            "volume": "250mL",
            "multipack": {
                "quantity": "4"
            }
        },
        "priceData": {
            "bestPrice": "5.99",
            "price": "5.99",
            "pricePerLitre": 5.99,
            "bestPricePerLitre": 5.99
        },
        "store": {
            "id": "4664daab-1897-4e69-9117-067b4afd41bb",
            "name": "New World Onerahi"
        }
    },
    {
        "productData": {
            "name": "Mother Energy Drink Can 500ml",
            "productId": "5011153_ea_000",
            "productShopPage": "https://www.newworld.co.nz/shop/product/5011153_ea_000nw",
            "productImageURL": "https://a.fsimg.co.nz/product/retail/fan/image/master/5011153.png",
            "productDescription": "Contains Caffeine.\n\nProduct of New Zealand",
            "volume": "500mL",
            "multipack": {
                "quantity": "1"
            }
        },
        "priceData": {
            "bestPrice": "1.99",
            "price": "1.99",
            "pricePerLitre": 4.0,
            "bestPricePerLitre": 4.0
        },
        "store": {
            "id": "4664daab-1897-4e69-9117-067b4afd41bb",
            "name": "New World Onerahi"
        }
    },
    {
        "productData": {
            "name": "Mother Energy Drink Can 6pk",
            "productId": "5009490_ea_000",
            "productShopPage": "https://www.newworld.co.nz/shop/product/5009490_ea_000nw",
            "productImageURL": "https://a.fsimg.co.nz/product/retail/fan/image/master/5009490.png",
            "productDescription": "Contains Caffeine.\n\nProduct of New Zealand",
            "volume": "250mL",
            "multipack": {
                "quantity": "6"
            }
        },
        "priceData": {
            "bestPrice": "7.49",
            "price": "7.49",
            "pricePerLitre": 5.0,
            "bestPricePerLitre": 5.0
        },
        "store": {
            "id": "4664daab-1897-4e69-9117-067b4afd41bb",
            "name": "New World Onerahi"
        }
    },
    {
        "productData": {
            "name": "V Original Guarana Energy Drink 500ml",
            "productId": "5004703_ea_000",
            "productShopPage": "https://www.newworld.co.nz/shop/product/5004703_ea_000nw",
            "productImageURL": "https://a.fsimg.co.nz/product/retail/fan/image/master/5004703.png",
            "productDescription": "Contains Caffeine.\n\nProduct of New Zealand",
            "volume": "500mL",
            "multipack": {
                "quantity": "1"
            }
        },
        "priceData": {
            "bestPrice": "3.49",
            "price": "3.49",
            "pricePerLitre": 7.0,
            "bestPricePerLitre": 7.0
        },
        "store": {
            "id": "4664daab-1897-4e69-9117-067b4afd41bb",
            "name": "New World Onerahi"
        }
    },
    {
        "productData": {
            "name": "V Blue Guarana Energy Drink 10pk",
            "productId": "5290181_ea_000",
            "productShopPage": "https://www.newworld.co.nz/shop/product/5290181_ea_000nw",
            "productImageURL": "https://a.fsimg.co.nz/product/retail/fan/image/master/5290181.png",
            "productDescription": "Product of New Zealand",
            "volume": "250mL",
            "multipack": {
                "quantity": "10"
            }
        },
        "priceData": {
            "bestPrice": "17.99",
            "price": "17.99",
            "pricePerLitre": 7.2,
            "bestPricePerLitre": 7.2
        },
        "store": {
            "id": "810832cb-2748-4e87-bc17-929eab5a5a61",
            "name": "New World Feilding"
        }
    },
    {
        "productData": {
            "name": "V Blue Guarana Energy Drink 250ml",
            "productId": "5007495_ea_000",
            "productShopPage": "https://www.newworld.co.nz/shop/product/5007495_ea_000nw",
            "productImageURL": "https://a.fsimg.co.nz/product/retail/fan/image/master/5007495.png",
            "productDescription": "Contains Caffeine, Wheat Derivatives.\n\nProduct of New Zealand",
            "volume": "250mL",
            "multipack": {
                "quantity": "1"
            }
        },
        "priceData": {
            "bestPrice": "1.99",
            "price": "1.99",
            "pricePerLitre": 8.0,
            "bestPricePerLitre": 8.0
        },
        "store": {
            "id": "810832cb-2748-4e87-bc17-929eab5a5a61",
            "name": "New World Feilding"
        }
    },
    {
        "productData": {
            "name": "V Sugarfree Blue Guarana Energy Drink 4pk",
            "productId": "5289891_ea_000",
            "productShopPage": "https://www.newworld.co.nz/shop/product/5289891_ea_000nw",
            "productImageURL": "https://a.fsimg.co.nz/product/retail/fan/image/master/5289891.png",
            "productDescription": "Limit 12 assorted.\n\n\n\n\nProduct of New Zealand",
            "volume": "250mL",
            "multipack": {
                "quantity": "4"
            }
        },
        "priceData": {
            "bestPrice": "5.99",
            "price": "5.99",
            "pricePerLitre": 5.99,
            "bestPricePerLitre": 5.99
        },
        "store": {
            "id": "810832cb-2748-4e87-bc17-929eab5a5a61",
            "name": "New World Feilding"
        }
    },
    {
        "productData": {
            "name": "V Sugarfree Guarana Energy Drink 250ml",
            "productId": "5001639_ea_000",
            "productShopPage": "https://www.newworld.co.nz/shop/product/5001639_ea_000nw",
            "productImageURL": "https://a.fsimg.co.nz/product/retail/fan/image/master/5001639.png",
            "productDescription": "Sugar Free. Contains Caffeine.\n\nProduct of New Zealand",
            "volume": "250mL",
            "multipack": {
                "quantity": "1"
            }
        },
        "priceData": {
            "bestPrice": "1.99",
            "price": "1.99",
            "pricePerLitre": 8.0,
            "bestPricePerLitre": 8.0
        },
        "store": {
            "id": "810832cb-2748-4e87-bc17-929eab5a5a61",
            "name": "New World Feilding"
        }
    },
    {
        "productData": {
            "name": "V Sugarfree Guarana Energy Drink 10pk",
            "productId": "5289890_ea_000",
            "productShopPage": "https://www.newworld.co.nz/shop/product/5289890_ea_000nw",
            "productImageURL": "https://a.fsimg.co.nz/product/retail/fan/image/master/5289890.png",
            "productDescription": "Product of New Zealand",
            "volume": "",
            "multipack": {
                "quantity": ""
            }
        },
        "priceData": {
            "bestPrice": "17.99",
            "price": "17.99",
            "pricePerLitre": 72.0,
            "bestPricePerLitre": 72.0
        },
        "store": {
            "id": "810832cb-2748-4e87-bc17-929eab5a5a61",
            "name": "New World Feilding"
        }
    },
    {
        "productData": {
            "name": "Live Plus Persist Energy Drink 250ml",
            "productId": "5236678_ea_000",
            "productShopPage": "https://www.newworld.co.nz/shop/product/5236678_ea_000nw",
            "productImageURL": "https://a.fsimg.co.nz/product/retail/fan/image/master/5236678.png",
            "productDescription": "Limit 12 assorted.\n\n\n\n\nProduct of New Zealand",
            "volume": "",
            "multipack": {
                "quantity": ""
            }
        },
        "priceData": {
            "bestPrice": "0.99",
            "price": "0.99"
        },
        "store": {
            "id": "810832cb-2748-4e87-bc17-929eab5a5a61",
            "name": "New World Feilding"
        }
    },
    {
        "productData": {
            "name": "V Green Guarana Energy Drink 10pk",
            "productId": "5289889_ea_000",
            "productShopPage": "https://www.newworld.co.nz/shop/product/5289889_ea_000nw",
            "productImageURL": "https://a.fsimg.co.nz/product/retail/fan/image/master/5289889.png",
            "productDescription": "Product of New Zealand",
            "volume": "250mL",
            "multipack": {
                "quantity": "10"
            }
        },
        "priceData": {
            "bestPrice": "17.99",
            "price": "17.99",
            "pricePerLitre": 7.2,
            "bestPricePerLitre": 7.2
        },
        "store": {
            "id": "810832cb-2748-4e87-bc17-929eab5a5a61",
            "name": "New World Feilding"
        }
    },
    {
        "productData": {
            "name": "V Sugarfree Blue Guarana Energy Drink 500ml",
            "productId": "5283362_ea_000",
            "productShopPage": "https://www.newworld.co.nz/shop/product/5283362_ea_000nw",
            "productImageURL": "https://a.fsimg.co.nz/product/retail/fan/image/master/5283362.png",
            "productDescription": "Sugar free\n\nProduct of New Zealand",
            "volume": "500mL",
            "multipack": {
                "quantity": "1"
            }
        },
        "priceData": {
            "bestPrice": "3.49",
            "price": "3.49",
            "pricePerLitre": 7.0,
            "bestPricePerLitre": 7.0
        },
        "store": {
            "id": "810832cb-2748-4e87-bc17-929eab5a5a61",
            "name": "New World Feilding"
        }
    },
    {
        "productData": {
            "name": "V Original Guarana Energy Drink 350ml",
            "productId": "5003156_ea_000",
            "productShopPage": "https://www.newworld.co.nz/shop/product/5003156_ea_000nw",
            "productImageURL": "https://a.fsimg.co.nz/product/retail/fan/image/master/5003156.png",
            "productDescription": "Buy 2 for $5.00.\n\n\nContains Caffeine.\n\nProduct of New Zealand",
            "volume": "350mL",
            "multipack": {
                "quantity": "1"
            }
        },
        "priceData": {
            "bestPrice": 2.5,
            "price": 2.0,
            "pricePerLitre": 5.714285714285714,
            "bestPricePerLitre": 7.142857142857143,
            "multiBuy": {
                "quantity": 2.0,
                "value": 5.0,
                "perUnit": 2.5
            }
        },
        "store": {
            "id": "810832cb-2748-4e87-bc17-929eab5a5a61",
            "name": "New World Feilding"
        }
    },
    {
        "productData": {
            "name": "V Blue Guarana Energy Drink 350ml",
            "productId": "5007492_ea_000",
            "productShopPage": "https://www.newworld.co.nz/shop/product/5007492_ea_000nw",
            "productImageURL": "https://a.fsimg.co.nz/product/retail/fan/image/master/5007492.png",
            "productDescription": "Buy 2 for $5.00.\n\n\nContains Caffeine, Wheat Derivatives.\n\nProduct of New Zealand",
            "volume": "350mL",
            "multipack": {
                "quantity": "1"
            }
        },
        "priceData": {
            "bestPrice": 2.5,
            "price": 2.0,
            "pricePerLitre": 5.714285714285714,
            "bestPricePerLitre": 7.142857142857143,
            "multiBuy": {
                "quantity": 2.0,
                "value": 5.0,
                "perUnit": 2.5
            }
        },
        "store": {
            "id": "810832cb-2748-4e87-bc17-929eab5a5a61",
            "name": "New World Feilding"
        }
    },
    {
        "productData": {
            "name": "V Blue Energy Drink 500ml",
            "productId": "5020662_ea_000",
            "productShopPage": "https://www.newworld.co.nz/shop/product/5020662_ea_000nw",
            "productImageURL": "https://a.fsimg.co.nz/product/retail/fan/image/master/5020662.png",
            "productDescription": "Buy 2 for $5.00.\n\n\n\n\nProduct of New Zealand",
            "volume": "500mL",
            "multipack": {
                "quantity": "1"
            }
        },
        "priceData": {
            "bestPrice": 2.5,
            "price": 2.0,
            "pricePerLitre": 4.0,
            "bestPricePerLitre": 5.0,
            "multiBuy": {
                "quantity": 2.0,
                "value": 5.0,
                "perUnit": 2.5
            }
        },
        "store": {
            "id": "810832cb-2748-4e87-bc17-929eab5a5a61",
            "name": "New World Feilding"
        }
    },
    {
        "productData": {
            "name": "V Blue Guarana Energy Drink 500ml",
            "productId": "5007494_ea_000",
            "productShopPage": "https://www.newworld.co.nz/shop/product/5007494_ea_000nw",
            "productImageURL": "https://a.fsimg.co.nz/product/retail/fan/image/master/5007494.png",
            "productDescription": "Contains Wheat Derivatives, Caffeine.\n\nProduct of New Zealand",
            "volume": "500mL",
            "multipack": {
                "quantity": "1"
            }
        },
        "priceData": {
            "bestPrice": "3.49",
            "price": "3.49",
            "pricePerLitre": 7.0,
            "bestPricePerLitre": 7.0
        },
        "store": {
            "id": "810832cb-2748-4e87-bc17-929eab5a5a61",
            "name": "New World Feilding"
        }
    },
    {
        "productData": {
            "name": "Red Bull Energy Drink 473ml",
            "productId": "5005255_ea_000",
            "productShopPage": "https://www.newworld.co.nz/shop/product/5005255_ea_000nw",
            "productImageURL": "https://a.fsimg.co.nz/product/retail/fan/image/master/5005255.png",
            "productDescription": "Red Bull Energy Drink's special formula contains ingredients of high quality: Caffeine, Taurine, B-Group Vitamins, Sugars, Alpine Water.One 250ml can of Red Bull Energy Drinks contains 80 mg of caffeine, about the same amount as in a cup of home-brewed coffee.The amount of sugars in a can of Red Bull Energy Drink is comparable to the level of sugars in an equivalent amount of apple or orange juice – 11 g per 100ml.Red Bull cans are made of 100% recyclable aluminium.Red Bull Energy Drink 473ml canVitalizes Body and Mind.®RED BULL GIVES YOU WINGSInspired by functional drinks from the Far East, Dietrich Mateschitz founded Red Bull in the mid-1980s. He developed a new product and a unique marketing concept and launched Red Bull Energy Drink on April 1, 1987 in Austria. A brand new product category - Energy Drinks - was born.\n\nProduct of Imported",
            "volume": "473mL",
            "multipack": {
                "quantity": "1"
            }
        },
        "priceData": {
            "bestPrice": "3.59",
            "price": "3.59",
            "pricePerLitre": 7.6,
            "bestPricePerLitre": 7.6
        },
        "store": {
            "id": "810832cb-2748-4e87-bc17-929eab5a5a61",
            "name": "New World Feilding"
        }
    },
    {
        "productData": {
            "name": "V Original Guarana Energy Drink 250ml",
            "productId": "5003151_ea_000",
            "productShopPage": "https://www.newworld.co.nz/shop/product/5003151_ea_000nw",
            "productImageURL": "https://a.fsimg.co.nz/product/retail/fan/image/master/5003151.png",
            "productDescription": "Contains Caffeine.\n\nProduct of New Zealand",
            "volume": "250mL",
            "multipack": {
                "quantity": "1"
            }
        },
        "priceData": {
            "bestPrice": "1.99",
            "price": "1.99",
            "pricePerLitre": 8.0,
            "bestPricePerLitre": 8.0
        },
        "store": {
            "id": "810832cb-2748-4e87-bc17-929eab5a5a61",
            "name": "New World Feilding"
        }
    },
    {
        "productData": {
            "name": "Red Bull Energy Drink 250ml Cans 4pk",
            "productId": "5001443_ea_000",
            "productShopPage": "https://www.newworld.co.nz/shop/product/5001443_ea_000nw",
            "productImageURL": "https://a.fsimg.co.nz/product/retail/fan/image/master/5001443.png",
            "productDescription": "Red Bull Energy Drink's special formula contains ingredients of high quality: Caffeine, Taurine, B-Group Vitamins, Sugars, Alpine Water.One 250ml can of Red Bull Energy Drinks contains 80 mg of caffeine, about the same amount as in a cup of home-brewed coffee.The amount of sugars in a can of Red Bull Energy Drink is comparable to the level of sugars in an equivalent amount of apple or orange juice – 11 g per 100ml.Red Bull cans are made of 100% recyclable aluminium.Pack of four 250ml Red Bull Energy Drink cansVitalizes Body and Mind.®RED BULL GIVES YOU WINGSInspired by functional drinks from the Far East, Dietrich Mateschitz founded Red Bull in the mid-1980s. He developed a new product and a unique marketing concept and launched Red Bull Energy Drink on April 1, 1987 in Austria. A brand new product category - Energy Drinks - was born.",
            "volume": "250mL",
            "multipack": {
                "quantity": "4"
            }
        },
        "priceData": {
            "bestPrice": "8.29",
            "price": "8.29",
            "pricePerLitre": 8.299999999999999,
            "bestPricePerLitre": 8.299999999999999
        },
        "store": {
            "id": "810832cb-2748-4e87-bc17-929eab5a5a61",
            "name": "New World Feilding"
        }
    },
    {
        "productData": {
            "name": "Lucozade Orange Energy Drink 380ml",
            "productId": "5009239_ea_000",
            "productShopPage": "https://www.newworld.co.nz/shop/product/5009239_ea_000nw",
            "productImageURL": "https://a.fsimg.co.nz/product/retail/fan/image/master/5009239.png",
            "productDescription": "Powered by Glucose.\n\nProduct of New Zealand",
            "volume": "380mL",
            "multipack": {
                "quantity": "1"
            }
        },
        "priceData": {
            "bestPrice": "2.69",
            "price": "2.69",
            "pricePerLitre": 7.08,
            "bestPricePerLitre": 7.08
        },
        "store": {
            "id": "810832cb-2748-4e87-bc17-929eab5a5a61",
            "name": "New World Feilding"
        }
    },
    {
        "productData": {
            "name": "V Pure Natural Energy Drink Glass Bottle 330ml",
            "productId": "5237753_ea_000",
            "productShopPage": "https://www.newworld.co.nz/shop/product/5237753_ea_000nw",
            "productImageURL": "https://a.fsimg.co.nz/product/retail/fan/image/master/5237753.png",
            "productDescription": "Buy 2 for $5.00.\n\n\nNothing artificial\n\nProduct of New Zealand",
            "volume": "330mL",
            "multipack": {
                "quantity": "1"
            }
        },
        "priceData": {
            "bestPrice": 2.5,
            "price": 2.0,
            "pricePerLitre": 6.0606060606060606,
            "bestPricePerLitre": 7.575757575757575,
            "multiBuy": {
                "quantity": 2.0,
                "value": 5.0,
                "perUnit": 2.5
            }
        },
        "store": {
            "id": "810832cb-2748-4e87-bc17-929eab5a5a61",
            "name": "New World Feilding"
        }
    },
    {
        "productData": {
            "name": "Lucozade Original Energy Drink 380ml",
            "productId": "5009240_ea_000",
            "productShopPage": "https://www.newworld.co.nz/shop/product/5009240_ea_000nw",
            "productImageURL": "https://a.fsimg.co.nz/product/retail/fan/image/master/5009240.png",
            "productDescription": "Energy from Glucose.\n\nProduct of New Zealand",
            "volume": "380mL",
            "multipack": {
                "quantity": "1"
            }
        },
        "priceData": {
            "bestPrice": "2.69",
            "price": "2.69",
            "pricePerLitre": 7.08,
            "bestPricePerLitre": 7.08
        },
        "store": {
            "id": "810832cb-2748-4e87-bc17-929eab5a5a61",
            "name": "New World Feilding"
        }
    },
    {
        "productData": {
            "name": "Rockstar Watermelon Freeze Energy Drink 500ml",
            "productId": "5257298_ea_000",
            "productShopPage": "https://www.newworld.co.nz/shop/product/5257298_ea_000nw",
            "productImageURL": "https://a.fsimg.co.nz/product/retail/fan/image/master/5257298.png",
            "productDescription": "Buy 3 for $5.00.\n\n\n\n\nProduct of New Zealand",
            "volume": "500mL",
            "multipack": {
                "quantity": "1"
            }
        },
        "priceData": {
            "bestPrice": 1.6666666666666667,
            "price": 1.0,
            "pricePerLitre": 2.0,
            "bestPricePerLitre": 3.3333333333333335,
            "multiBuy": {
                "quantity": 3.0,
                "value": 5.0,
                "perUnit": 1.6666666666666667
            }
        },
        "store": {
            "id": "810832cb-2748-4e87-bc17-929eab5a5a61",
            "name": "New World Feilding"
        }
    },
    {
        "productData": {
            "name": "Rockstar Original Energy Drink 500ml",
            "productId": "5215383_ea_000",
            "productShopPage": "https://www.newworld.co.nz/shop/product/5215383_ea_000nw",
            "productImageURL": "https://a.fsimg.co.nz/product/retail/fan/image/master/5215383.png",
            "productDescription": "Buy 3 for $5.00.\n\n\nCaffeine; B vitamins; Vitamin C; Taurine; Ginseng\n\nProduct of New Zealand",
            "volume": "500mL",
            "multipack": {
                "quantity": "1"
            }
        },
        "priceData": {
            "bestPrice": 1.6666666666666667,
            "price": 1.0,
            "pricePerLitre": 2.0,
            "bestPricePerLitre": 3.3333333333333335,
            "multiBuy": {
                "quantity": 3.0,
                "value": 5.0,
                "perUnit": 1.6666666666666667
            }
        },
        "store": {
            "id": "810832cb-2748-4e87-bc17-929eab5a5a61",
            "name": "New World Feilding"
        }
    },
    {
        "productData": {
            "name": "V Raspberry Lemonade Guarana Energy Drink 4pk",
            "productId": "5289907_ea_000",
            "productShopPage": "https://www.newworld.co.nz/shop/product/5289907_ea_000nw",
            "productImageURL": "https://a.fsimg.co.nz/product/retail/fan/image/master/5289907.png",
            "productDescription": "Limit 12 assorted.\n\n\n\n\nProduct of New Zealand",
            "volume": "250mL",
            "multipack": {
                "quantity": "4"
            }
        },
        "priceData": {
            "bestPrice": "5.99",
            "price": "5.99",
            "pricePerLitre": 5.99,
            "bestPricePerLitre": 5.99
        },
        "store": {
            "id": "810832cb-2748-4e87-bc17-929eab5a5a61",
            "name": "New World Feilding"
        }
    },
    {
        "productData": {
            "name": "V Raspberry Lemonade Can 500ml",
            "productId": "5264523_ea_000",
            "productShopPage": "https://www.newworld.co.nz/shop/product/5264523_ea_000nw",
            "productImageURL": "https://a.fsimg.co.nz/product/retail/fan/image/master/5264523.png",
            "productDescription": "Product of New Zealand",
            "volume": "500mL",
            "multipack": {
                "quantity": "1"
            }
        },
        "priceData": {
            "bestPrice": "3.49",
            "price": "3.49",
            "pricePerLitre": 7.0,
            "bestPricePerLitre": 7.0
        },
        "store": {
            "id": "810832cb-2748-4e87-bc17-929eab5a5a61",
            "name": "New World Feilding"
        }
    },
    {
        "productData": {
            "name": "V Energy Drink Sugarfree Cans 4pk",
            "productId": "5004117_ea_000",
            "productShopPage": "https://www.newworld.co.nz/shop/product/5004117_ea_000nw",
            "productImageURL": "https://a.fsimg.co.nz/product/retail/fan/image/master/5004117.png",
            "productDescription": "Limit 12 assorted.\n\n\nSugar Free. Contains Caffeine.\n\nProduct of New Zealand",
            "volume": "250mL",
            "multipack": {
                "quantity": "4"
            }
        },
        "priceData": {
            "bestPrice": "5.99",
            "price": "5.99",
            "pricePerLitre": 5.99,
            "bestPricePerLitre": 5.99
        },
        "store": {
            "id": "810832cb-2748-4e87-bc17-929eab5a5a61",
            "name": "New World Feilding"
        }
    },
    {
        "productData": {
            "name": "Monster Mango Loco Energy Drink 500ml",
            "productId": "5242374_ea_000",
            "productShopPage": "https://www.newworld.co.nz/shop/product/5242374_ea_000nw",
            "productImageURL": "https://a.fsimg.co.nz/product/retail/fan/image/master/5242374.png",
            "productDescription": "Product of Imported",
            "volume": "500mL",
            "multipack": {
                "quantity": "1"
            }
        },
        "priceData": {
            "bestPrice": "2.99",
            "price": "2.99",
            "pricePerLitre": 6.0,
            "bestPricePerLitre": 6.0
        },
        "store": {
            "id": "810832cb-2748-4e87-bc17-929eab5a5a61",
            "name": "New World Feilding"
        }
    },
    {
        "productData": {
            "name": "Monster Zero Sugar Ultra Rosa Energy Drink 500ml",
            "productId": "5278094_ea_000",
            "productShopPage": "https://www.newworld.co.nz/shop/product/5278094_ea_000nw",
            "productImageURL": "https://a.fsimg.co.nz/product/retail/fan/image/master/5278094.png",
            "productDescription": "Product of Imported",
            "volume": "500mL",
            "multipack": {
                "quantity": "1"
            }
        },
        "priceData": {
            "bestPrice": "2.99",
            "price": "2.99",
            "pricePerLitre": 6.0,
            "bestPricePerLitre": 6.0
        },
        "store": {
            "id": "810832cb-2748-4e87-bc17-929eab5a5a61",
            "name": "New World Feilding"
        }
    },
    {
        "productData": {
            "name": "Monster Ultra Paradise Energy Drink 500ml",
            "productId": "5261257_ea_000",
            "productShopPage": "https://www.newworld.co.nz/shop/product/5261257_ea_000nw",
            "productImageURL": "https://a.fsimg.co.nz/product/retail/fan/image/master/5261257.png",
            "productDescription": "Product of Imported",
            "volume": "500mL",
            "multipack": {
                "quantity": "1"
            }
        },
        "priceData": {
            "bestPrice": "2.99",
            "price": "2.99",
            "pricePerLitre": 6.0,
            "bestPricePerLitre": 6.0
        },
        "store": {
            "id": "810832cb-2748-4e87-bc17-929eab5a5a61",
            "name": "New World Feilding"
        }
    },
    {
        "productData": {
            "name": "Monster Ultra Zero Drink 500ml",
            "productId": "5090618_ea_000",
            "productShopPage": "https://www.newworld.co.nz/shop/product/5090618_ea_000nw",
            "productImageURL": "https://a.fsimg.co.nz/product/retail/fan/image/master/5090618.png",
            "productDescription": "A little less sweet, lighter-tasting, zero calories, but with a full load of our Monster energy blend. Sure, white is the new black. Monster Energy Zero Ultra. Unleash the Ultra Beast!\n\nProduct of Imported",
            "volume": "500mL",
            "multipack": {
                "quantity": "1"
            }
        },
        "priceData": {
            "bestPrice": "2.99",
            "price": "2.99",
            "pricePerLitre": 6.0,
            "bestPricePerLitre": 6.0
        },
        "store": {
            "id": "810832cb-2748-4e87-bc17-929eab5a5a61",
            "name": "New World Feilding"
        }
    },
    {
        "productData": {
            "name": "Mother Energy Drink Can 500ml",
            "productId": "5011153_ea_000",
            "productShopPage": "https://www.newworld.co.nz/shop/product/5011153_ea_000nw",
            "productImageURL": "https://a.fsimg.co.nz/product/retail/fan/image/master/5011153.png",
            "productDescription": "Contains Caffeine.\n\nProduct of New Zealand",
            "volume": "500mL",
            "multipack": {
                "quantity": "1"
            }
        },
        "priceData": {
            "bestPrice": "1.99",
            "price": "1.99",
            "pricePerLitre": 4.0,
            "bestPricePerLitre": 4.0
        },
        "store": {
            "id": "810832cb-2748-4e87-bc17-929eab5a5a61",
            "name": "New World Feilding"
        }
    },
    {
        "productData": {
            "name": "Mother Energy Drink Can 6pk",
            "productId": "5009490_ea_000",
            "productShopPage": "https://www.newworld.co.nz/shop/product/5009490_ea_000nw",
            "productImageURL": "https://a.fsimg.co.nz/product/retail/fan/image/master/5009490.png",
            "productDescription": "Contains Caffeine.\n\nProduct of New Zealand",
            "volume": "250mL",
            "multipack": {
                "quantity": "6"
            }
        },
        "priceData": {
            "bestPrice": "7.49",
            "price": "7.49",
            "pricePerLitre": 5.0,
            "bestPricePerLitre": 5.0
        },
        "store": {
            "id": "810832cb-2748-4e87-bc17-929eab5a5a61",
            "name": "New World Feilding"
        }
    },
    {
        "productData": {
            "name": "Monster Pipeline Punch Energy Drink 500ml",
            "productId": "5242373_ea_000",
            "productShopPage": "https://www.newworld.co.nz/shop/product/5242373_ea_000nw",
            "productImageURL": "https://a.fsimg.co.nz/product/retail/fan/image/master/5242373.png",
            "productDescription": "Product of Imported",
            "volume": "500mL",
            "multipack": {
                "quantity": "1"
            }
        },
        "priceData": {
            "bestPrice": "2.99",
            "price": "2.99",
            "pricePerLitre": 6.0,
            "bestPricePerLitre": 6.0
        },
        "store": {
            "id": "810832cb-2748-4e87-bc17-929eab5a5a61",
            "name": "New World Feilding"
        }
    },
    {
        "productData": {
            "name": "Monster Energy Drink 500ml",
            "productId": "5007647_ea_000",
            "productShopPage": "https://www.newworld.co.nz/shop/product/5007647_ea_000nw",
            "productImageURL": "https://a.fsimg.co.nz/product/retail/fan/image/master/5007647.png",
            "productDescription": "Contains Caffeine.\n\nProduct of Imported",
            "volume": "500mL",
            "multipack": {
                "quantity": "1"
            }
        },
        "priceData": {
            "bestPrice": "2.99",
            "price": "2.99",
            "pricePerLitre": 6.0,
            "bestPricePerLitre": 6.0
        },
        "store": {
            "id": "810832cb-2748-4e87-bc17-929eab5a5a61",
            "name": "New World Feilding"
        }
    },
    {
        "productData": {
            "name": "V Sugarfree Guarana Energy Drink 500ml",
            "productId": "5007644_ea_000",
            "productShopPage": "https://www.newworld.co.nz/shop/product/5007644_ea_000nw",
            "productImageURL": "https://a.fsimg.co.nz/product/retail/fan/image/master/5007644.png",
            "productDescription": "Sugar Free.\n\nProduct of New Zealand",
            "volume": "500mL",
            "multipack": {
                "quantity": "1"
            }
        },
        "priceData": {
            "bestPrice": "3.49",
            "price": "3.49",
            "pricePerLitre": 7.0,
            "bestPricePerLitre": 7.0
        },
        "store": {
            "id": "810832cb-2748-4e87-bc17-929eab5a5a61",
            "name": "New World Feilding"
        }
    },
    {
        "productData": {
            "name": "V Original Guarana Energy Drink 500ml",
            "productId": "5004703_ea_000",
            "productShopPage": "https://www.newworld.co.nz/shop/product/5004703_ea_000nw",
            "productImageURL": "https://a.fsimg.co.nz/product/retail/fan/image/master/5004703.png",
            "productDescription": "Contains Caffeine.\n\nProduct of New Zealand",
            "volume": "500mL",
            "multipack": {
                "quantity": "1"
            }
        },
        "priceData": {
            "bestPrice": "3.49",
            "price": "3.49",
            "pricePerLitre": 7.0,
            "bestPricePerLitre": 7.0
        },
        "store": {
            "id": "810832cb-2748-4e87-bc17-929eab5a5a61",
            "name": "New World Feilding"
        }
    },
    {
        "productData": {
            "name": "V Original Guarana Energy Drink 500ml",
            "productId": "5007441_ea_000",
            "productShopPage": "https://www.newworld.co.nz/shop/product/5007441_ea_000nw",
            "productImageURL": "https://a.fsimg.co.nz/product/retail/fan/image/master/5007441.png",
            "productDescription": "Buy 2 for $5.00.\n\n\nContains Wheat Derivatives, Caffeine.\n\nProduct of New Zealand",
            "volume": "500mL",
            "multipack": {
                "quantity": "1"
            }
        },
        "priceData": {
            "bestPrice": 2.5,
            "price": 2.0,
            "pricePerLitre": 4.0,
            "bestPricePerLitre": 5.0,
            "multiBuy": {
                "quantity": 2.0,
                "value": 5.0,
                "perUnit": 2.5
            }
        },
        "store": {
            "id": "810832cb-2748-4e87-bc17-929eab5a5a61",
            "name": "New World Feilding"
        }
    },
    {
        "productData": {
            "name": "V Blue Guarana Energy Drink 10pk",
            "productId": "5290181_ea_000",
            "productShopPage": "https://www.newworld.co.nz/shop/product/5290181_ea_000nw",
            "productImageURL": "https://a.fsimg.co.nz/product/retail/fan/image/master/5290181.png",
            "productDescription": "Product of New Zealand",
            "volume": "250mL",
            "multipack": {
                "quantity": "10"
            }
        },
        "priceData": {
            "bestPrice": "17.99",
            "price": "17.99",
            "pricePerLitre": 7.2,
            "bestPricePerLitre": 7.2
        },
        "store": {
            "id": "ebcc2edb-73bd-4d8e-b6f3-528849677b62",
            "name": "New World Foxton"
        }
    },
    {
        "productData": {
            "name": "V Blue Guarana Energy Drink 250ml",
            "productId": "5007495_ea_000",
            "productShopPage": "https://www.newworld.co.nz/shop/product/5007495_ea_000nw",
            "productImageURL": "https://a.fsimg.co.nz/product/retail/fan/image/master/5007495.png",
            "productDescription": "Contains Caffeine, Wheat Derivatives.\n\nProduct of New Zealand",
            "volume": "250mL",
            "multipack": {
                "quantity": "1"
            }
        },
        "priceData": {
            "bestPrice": "1.99",
            "price": "1.99",
            "pricePerLitre": 8.0,
            "bestPricePerLitre": 8.0
        },
        "store": {
            "id": "ebcc2edb-73bd-4d8e-b6f3-528849677b62",
            "name": "New World Foxton"
        }
    },
    {
        "productData": {
            "name": "V Sugarfree Guarana Energy Drink 250ml",
            "productId": "5001639_ea_000",
            "productShopPage": "https://www.newworld.co.nz/shop/product/5001639_ea_000nw",
            "productImageURL": "https://a.fsimg.co.nz/product/retail/fan/image/master/5001639.png",
            "productDescription": "Sugar Free. Contains Caffeine.\n\nProduct of New Zealand",
            "volume": "250mL",
            "multipack": {
                "quantity": "1"
            }
        },
        "priceData": {
            "bestPrice": "1.99",
            "price": "1.99",
            "pricePerLitre": 8.0,
            "bestPricePerLitre": 8.0
        },
        "store": {
            "id": "ebcc2edb-73bd-4d8e-b6f3-528849677b62",
            "name": "New World Foxton"
        }
    },
    {
        "productData": {
            "name": "V Sugarfree Guarana Energy Drink 10pk",
            "productId": "5289890_ea_000",
            "productShopPage": "https://www.newworld.co.nz/shop/product/5289890_ea_000nw",
            "productImageURL": "https://a.fsimg.co.nz/product/retail/fan/image/master/5289890.png",
            "productDescription": "Product of New Zealand",
            "volume": "",
            "multipack": {
                "quantity": ""
            }
        },
        "priceData": {
            "bestPrice": "17.99",
            "price": "17.99",
            "pricePerLitre": 72.0,
            "bestPricePerLitre": 72.0
        },
        "store": {
            "id": "ebcc2edb-73bd-4d8e-b6f3-528849677b62",
            "name": "New World Foxton"
        }
    },
    {
        "productData": {
            "name": "Live Plus Persist Energy Drink 250ml",
            "productId": "5236678_ea_000",
            "productShopPage": "https://www.newworld.co.nz/shop/product/5236678_ea_000nw",
            "productImageURL": "https://a.fsimg.co.nz/product/retail/fan/image/master/5236678.png",
            "productDescription": "Limit 12 assorted.\n\n\n\n\nProduct of New Zealand",
            "volume": "",
            "multipack": {
                "quantity": ""
            }
        },
        "priceData": {
            "bestPrice": "0.99",
            "price": "0.99"
        },
        "store": {
            "id": "ebcc2edb-73bd-4d8e-b6f3-528849677b62",
            "name": "New World Foxton"
        }
    },
    {
        "productData": {
            "name": "V Sugarfree Blue Guarana Energy Drink 500ml",
            "productId": "5283362_ea_000",
            "productShopPage": "https://www.newworld.co.nz/shop/product/5283362_ea_000nw",
            "productImageURL": "https://a.fsimg.co.nz/product/retail/fan/image/master/5283362.png",
            "productDescription": "Sugar free\n\nProduct of New Zealand",
            "volume": "500mL",
            "multipack": {
                "quantity": "1"
            }
        },
        "priceData": {
            "bestPrice": "3.49",
            "price": "3.49",
            "pricePerLitre": 7.0,
            "bestPricePerLitre": 7.0
        },
        "store": {
            "id": "ebcc2edb-73bd-4d8e-b6f3-528849677b62",
            "name": "New World Foxton"
        }
    },
    {
        "productData": {
            "name": "V Original Guarana Energy Drink 350ml",
            "productId": "5003156_ea_000",
            "productShopPage": "https://www.newworld.co.nz/shop/product/5003156_ea_000nw",
            "productImageURL": "https://a.fsimg.co.nz/product/retail/fan/image/master/5003156.png",
            "productDescription": "Buy 2 for $5.00.\n\n\nContains Caffeine.\n\nProduct of New Zealand",
            "volume": "350mL",
            "multipack": {
                "quantity": "1"
            }
        },
        "priceData": {
            "bestPrice": 2.5,
            "price": 2.0,
            "pricePerLitre": 5.714285714285714,
            "bestPricePerLitre": 7.142857142857143,
            "multiBuy": {
                "quantity": 2.0,
                "value": 5.0,
                "perUnit": 2.5
            }
        },
        "store": {
            "id": "ebcc2edb-73bd-4d8e-b6f3-528849677b62",
            "name": "New World Foxton"
        }
    },
    {
        "productData": {
            "name": "V Blue Guarana Energy Drink 350ml",
            "productId": "5007492_ea_000",
            "productShopPage": "https://www.newworld.co.nz/shop/product/5007492_ea_000nw",
            "productImageURL": "https://a.fsimg.co.nz/product/retail/fan/image/master/5007492.png",
            "productDescription": "Buy 2 for $5.00.\n\n\nContains Caffeine, Wheat Derivatives.\n\nProduct of New Zealand",
            "volume": "350mL",
            "multipack": {
                "quantity": "1"
            }
        },
        "priceData": {
            "bestPrice": 2.5,
            "price": 2.0,
            "pricePerLitre": 5.714285714285714,
            "bestPricePerLitre": 7.142857142857143,
            "multiBuy": {
                "quantity": 2.0,
                "value": 5.0,
                "perUnit": 2.5
            }
        },
        "store": {
            "id": "ebcc2edb-73bd-4d8e-b6f3-528849677b62",
            "name": "New World Foxton"
        }
    },
    {
        "productData": {
            "name": "V Blue Energy Drink 500ml",
            "productId": "5020662_ea_000",
            "productShopPage": "https://www.newworld.co.nz/shop/product/5020662_ea_000nw",
            "productImageURL": "https://a.fsimg.co.nz/product/retail/fan/image/master/5020662.png",
            "productDescription": "Buy 2 for $5.00.\n\n\n\n\nProduct of New Zealand",
            "volume": "500mL",
            "multipack": {
                "quantity": "1"
            }
        },
        "priceData": {
            "bestPrice": 2.5,
            "price": 2.0,
            "pricePerLitre": 4.0,
            "bestPricePerLitre": 5.0,
            "multiBuy": {
                "quantity": 2.0,
                "value": 5.0,
                "perUnit": 2.5
            }
        },
        "store": {
            "id": "ebcc2edb-73bd-4d8e-b6f3-528849677b62",
            "name": "New World Foxton"
        }
    },
    {
        "productData": {
            "name": "V Blue Guarana Energy Drink 500ml",
            "productId": "5007494_ea_000",
            "productShopPage": "https://www.newworld.co.nz/shop/product/5007494_ea_000nw",
            "productImageURL": "https://a.fsimg.co.nz/product/retail/fan/image/master/5007494.png",
            "productDescription": "Contains Wheat Derivatives, Caffeine.\n\nProduct of New Zealand",
            "volume": "500mL",
            "multipack": {
                "quantity": "1"
            }
        },
        "priceData": {
            "bestPrice": "3.49",
            "price": "3.49",
            "pricePerLitre": 7.0,
            "bestPricePerLitre": 7.0
        },
        "store": {
            "id": "ebcc2edb-73bd-4d8e-b6f3-528849677b62",
            "name": "New World Foxton"
        }
    },
    {
        "productData": {
            "name": "Red Bull Energy Drink 473ml",
            "productId": "5005255_ea_000",
            "productShopPage": "https://www.newworld.co.nz/shop/product/5005255_ea_000nw",
            "productImageURL": "https://a.fsimg.co.nz/product/retail/fan/image/master/5005255.png",
            "productDescription": "Red Bull Energy Drink's special formula contains ingredients of high quality: Caffeine, Taurine, B-Group Vitamins, Sugars, Alpine Water.One 250ml can of Red Bull Energy Drinks contains 80 mg of caffeine, about the same amount as in a cup of home-brewed coffee.The amount of sugars in a can of Red Bull Energy Drink is comparable to the level of sugars in an equivalent amount of apple or orange juice – 11 g per 100ml.Red Bull cans are made of 100% recyclable aluminium.Red Bull Energy Drink 473ml canVitalizes Body and Mind.®RED BULL GIVES YOU WINGSInspired by functional drinks from the Far East, Dietrich Mateschitz founded Red Bull in the mid-1980s. He developed a new product and a unique marketing concept and launched Red Bull Energy Drink on April 1, 1987 in Austria. A brand new product category - Energy Drinks - was born.\n\nProduct of Imported",
            "volume": "473mL",
            "multipack": {
                "quantity": "1"
            }
        },
        "priceData": {
            "bestPrice": "3.79",
            "price": "3.79",
            "pricePerLitre": 8.0,
            "bestPricePerLitre": 8.0
        },
        "store": {
            "id": "ebcc2edb-73bd-4d8e-b6f3-528849677b62",
            "name": "New World Foxton"
        }
    },
    {
        "productData": {
            "name": "V Original Guarana Energy Drink 250ml",
            "productId": "5003151_ea_000",
            "productShopPage": "https://www.newworld.co.nz/shop/product/5003151_ea_000nw",
            "productImageURL": "https://a.fsimg.co.nz/product/retail/fan/image/master/5003151.png",
            "productDescription": "Contains Caffeine.\n\nProduct of New Zealand",
            "volume": "250mL",
            "multipack": {
                "quantity": "1"
            }
        },
        "priceData": {
            "bestPrice": "1.99",
            "price": "1.99",
            "pricePerLitre": 8.0,
            "bestPricePerLitre": 8.0
        },
        "store": {
            "id": "ebcc2edb-73bd-4d8e-b6f3-528849677b62",
            "name": "New World Foxton"
        }
    },
    {
        "productData": {
            "name": "Red Bull Energy Drink 250ml Cans 4pk",
            "productId": "5001443_ea_000",
            "productShopPage": "https://www.newworld.co.nz/shop/product/5001443_ea_000nw",
            "productImageURL": "https://a.fsimg.co.nz/product/retail/fan/image/master/5001443.png",
            "productDescription": "Red Bull Energy Drink's special formula contains ingredients of high quality: Caffeine, Taurine, B-Group Vitamins, Sugars, Alpine Water.One 250ml can of Red Bull Energy Drinks contains 80 mg of caffeine, about the same amount as in a cup of home-brewed coffee.The amount of sugars in a can of Red Bull Energy Drink is comparable to the level of sugars in an equivalent amount of apple or orange juice – 11 g per 100ml.Red Bull cans are made of 100% recyclable aluminium.Pack of four 250ml Red Bull Energy Drink cansVitalizes Body and Mind.®RED BULL GIVES YOU WINGSInspired by functional drinks from the Far East, Dietrich Mateschitz founded Red Bull in the mid-1980s. He developed a new product and a unique marketing concept and launched Red Bull Energy Drink on April 1, 1987 in Austria. A brand new product category - Energy Drinks - was born.",
            "volume": "250mL",
            "multipack": {
                "quantity": "4"
            }
        },
        "priceData": {
            "bestPrice": "8.59",
            "price": "8.59",
            "pricePerLitre": 8.6,
            "bestPricePerLitre": 8.6
        },
        "store": {
            "id": "ebcc2edb-73bd-4d8e-b6f3-528849677b62",
            "name": "New World Foxton"
        }
    },
    {
        "productData": {
            "name": "V Green Guarana Energy Drink 710ml",
            "productId": "5030250_ea_000",
            "productShopPage": "https://www.newworld.co.nz/shop/product/5030250_ea_000nw",
            "productImageURL": "https://a.fsimg.co.nz/product/retail/fan/image/master/5030250.png",
            "productDescription": "Contains Wheat Derivatives\n\nProduct of Imported",
            "volume": "250mL",
            "multipack": {
                "quantity": "3"
            }
        },
        "priceData": {
            "bestPrice": "3.49",
            "price": "3.49",
            "pricePerLitre": 4.9,
            "bestPricePerLitre": 4.9
        },
        "store": {
            "id": "ebcc2edb-73bd-4d8e-b6f3-528849677b62",
            "name": "New World Foxton"
        }
    },
    {
        "productData": {
            "name": "Lucozade Orange Energy Drink 380ml",
            "productId": "5009239_ea_000",
            "productShopPage": "https://www.newworld.co.nz/shop/product/5009239_ea_000nw",
            "productImageURL": "https://a.fsimg.co.nz/product/retail/fan/image/master/5009239.png",
            "productDescription": "Powered by Glucose.\n\nProduct of New Zealand",
            "volume": "380mL",
            "multipack": {
                "quantity": "1"
            }
        },
        "priceData": {
            "bestPrice": "2.69",
            "price": "2.69",
            "pricePerLitre": 7.08,
            "bestPricePerLitre": 7.08
        },
        "store": {
            "id": "ebcc2edb-73bd-4d8e-b6f3-528849677b62",
            "name": "New World Foxton"
        }
    },
    {
        "productData": {
            "name": "V Pure Natural Energy Drink Glass Bottle 330ml",
            "productId": "5237753_ea_000",
            "productShopPage": "https://www.newworld.co.nz/shop/product/5237753_ea_000nw",
            "productImageURL": "https://a.fsimg.co.nz/product/retail/fan/image/master/5237753.png",
            "productDescription": "Buy 2 for $5.00.\n\n\nNothing artificial\n\nProduct of New Zealand",
            "volume": "330mL",
            "multipack": {
                "quantity": "1"
            }
        },
        "priceData": {
            "bestPrice": 2.5,
            "price": 2.0,
            "pricePerLitre": 6.0606060606060606,
            "bestPricePerLitre": 7.575757575757575,
            "multiBuy": {
                "quantity": 2.0,
                "value": 5.0,
                "perUnit": 2.5
            }
        },
        "store": {
            "id": "ebcc2edb-73bd-4d8e-b6f3-528849677b62",
            "name": "New World Foxton"
        }
    },
    {
        "productData": {
            "name": "Lucozade Original Energy Drink 380ml",
            "productId": "5009240_ea_000",
            "productShopPage": "https://www.newworld.co.nz/shop/product/5009240_ea_000nw",
            "productImageURL": "https://a.fsimg.co.nz/product/retail/fan/image/master/5009240.png",
            "productDescription": "Energy from Glucose.\n\nProduct of New Zealand",
            "volume": "380mL",
            "multipack": {
                "quantity": "1"
            }
        },
        "priceData": {
            "bestPrice": "2.69",
            "price": "2.69",
            "pricePerLitre": 7.08,
            "bestPricePerLitre": 7.08
        },
        "store": {
            "id": "ebcc2edb-73bd-4d8e-b6f3-528849677b62",
            "name": "New World Foxton"
        }
    },
    {
        "productData": {
            "name": "Rockstar Watermelon Freeze Energy Drink 500ml",
            "productId": "5257298_ea_000",
            "productShopPage": "https://www.newworld.co.nz/shop/product/5257298_ea_000nw",
            "productImageURL": "https://a.fsimg.co.nz/product/retail/fan/image/master/5257298.png",
            "productDescription": "Buy 3 for $5.00.\n\n\n\n\nProduct of New Zealand",
            "volume": "500mL",
            "multipack": {
                "quantity": "1"
            }
        },
        "priceData": {
            "bestPrice": 1.6666666666666667,
            "price": 1.0,
            "pricePerLitre": 2.0,
            "bestPricePerLitre": 3.3333333333333335,
            "multiBuy": {
                "quantity": 3.0,
                "value": 5.0,
                "perUnit": 1.6666666666666667
            }
        },
        "store": {
            "id": "ebcc2edb-73bd-4d8e-b6f3-528849677b62",
            "name": "New World Foxton"
        }
    },
    {
        "productData": {
            "name": "Rockstar Original Energy Drink 500ml",
            "productId": "5215383_ea_000",
            "productShopPage": "https://www.newworld.co.nz/shop/product/5215383_ea_000nw",
            "productImageURL": "https://a.fsimg.co.nz/product/retail/fan/image/master/5215383.png",
            "productDescription": "Buy 3 for $5.00.\n\n\nCaffeine; B vitamins; Vitamin C; Taurine; Ginseng\n\nProduct of New Zealand",
            "volume": "500mL",
            "multipack": {
                "quantity": "1"
            }
        },
        "priceData": {
            "bestPrice": 1.6666666666666667,
            "price": 1.0,
            "pricePerLitre": 2.0,
            "bestPricePerLitre": 3.3333333333333335,
            "multiBuy": {
                "quantity": 3.0,
                "value": 5.0,
                "perUnit": 1.6666666666666667
            }
        },
        "store": {
            "id": "ebcc2edb-73bd-4d8e-b6f3-528849677b62",
            "name": "New World Foxton"
        }
    },
    {
        "productData": {
            "name": "V Berry Twist Sugar Free Can 500ml",
            "productId": "5254654_ea_000",
            "productShopPage": "https://www.newworld.co.nz/shop/product/5254654_ea_000nw",
            "productImageURL": "https://a.fsimg.co.nz/product/retail/fan/image/master/5254654.png",
            "productDescription": "Sugarfree\n\nProduct of New Zealand",
            "volume": "500mL",
            "multipack": {
                "quantity": "1"
            }
        },
        "priceData": {
            "bestPrice": "3.49",
            "price": "3.49",
            "pricePerLitre": 7.0,
            "bestPricePerLitre": 7.0
        },
        "store": {
            "id": "ebcc2edb-73bd-4d8e-b6f3-528849677b62",
            "name": "New World Foxton"
        }
    },
    {
        "productData": {
            "name": "V Raspberry Lemonade Guarana Energy Drink 4pk",
            "productId": "5289907_ea_000",
            "productShopPage": "https://www.newworld.co.nz/shop/product/5289907_ea_000nw",
            "productImageURL": "https://a.fsimg.co.nz/product/retail/fan/image/master/5289907.png",
            "productDescription": "Limit 12 assorted.\n\n\n\n\nProduct of New Zealand",
            "volume": "250mL",
            "multipack": {
                "quantity": "4"
            }
        },
        "priceData": {
            "bestPrice": "5.99",
            "price": "5.99",
            "pricePerLitre": 5.99,
            "bestPricePerLitre": 5.99
        },
        "store": {
            "id": "ebcc2edb-73bd-4d8e-b6f3-528849677b62",
            "name": "New World Foxton"
        }
    },
    {
        "productData": {
            "name": "V Raspberry Lemonade Can 500ml",
            "productId": "5264523_ea_000",
            "productShopPage": "https://www.newworld.co.nz/shop/product/5264523_ea_000nw",
            "productImageURL": "https://a.fsimg.co.nz/product/retail/fan/image/master/5264523.png",
            "productDescription": "Product of New Zealand",
            "volume": "500mL",
            "multipack": {
                "quantity": "1"
            }
        },
        "priceData": {
            "bestPrice": "3.49",
            "price": "3.49",
            "pricePerLitre": 7.0,
            "bestPricePerLitre": 7.0
        },
        "store": {
            "id": "ebcc2edb-73bd-4d8e-b6f3-528849677b62",
            "name": "New World Foxton"
        }
    },
    {
        "productData": {
            "name": "V Blue Can 4pk",
            "productId": "5030249_ea_000",
            "productShopPage": "https://www.newworld.co.nz/shop/product/5030249_ea_000nw",
            "productImageURL": "https://a.fsimg.co.nz/product/retail/fan/image/master/5030249.png",
            "productDescription": "Limit 12 assorted.\n\n\nContains Wheat Derivatives, Caffeine.\n\nProduct of New Zealand",
            "volume": "250mL",
            "multipack": {
                "quantity": "4"
            }
        },
        "priceData": {
            "bestPrice": "5.99",
            "price": "5.99",
            "pricePerLitre": 5.99,
            "bestPricePerLitre": 5.99
        },
        "store": {
            "id": "ebcc2edb-73bd-4d8e-b6f3-528849677b62",
            "name": "New World Foxton"
        }
    },
    {
        "productData": {
            "name": "Monster Mango Loco Energy Drink 500ml",
            "productId": "5242374_ea_000",
            "productShopPage": "https://www.newworld.co.nz/shop/product/5242374_ea_000nw",
            "productImageURL": "https://a.fsimg.co.nz/product/retail/fan/image/master/5242374.png",
            "productDescription": "Product of Imported",
            "volume": "500mL",
            "multipack": {
                "quantity": "1"
            }
        },
        "priceData": {
            "bestPrice": "2.99",
            "price": "2.99",
            "pricePerLitre": 6.0,
            "bestPricePerLitre": 6.0
        },
        "store": {
            "id": "ebcc2edb-73bd-4d8e-b6f3-528849677b62",
            "name": "New World Foxton"
        }
    },
    {
        "productData": {
            "name": "Monster Zero Sugar Ultra Rosa Energy Drink 500ml",
            "productId": "5278094_ea_000",
            "productShopPage": "https://www.newworld.co.nz/shop/product/5278094_ea_000nw",
            "productImageURL": "https://a.fsimg.co.nz/product/retail/fan/image/master/5278094.png",
            "productDescription": "Product of Imported",
            "volume": "500mL",
            "multipack": {
                "quantity": "1"
            }
        },
        "priceData": {
            "bestPrice": "2.99",
            "price": "2.99",
            "pricePerLitre": 6.0,
            "bestPricePerLitre": 6.0
        },
        "store": {
            "id": "ebcc2edb-73bd-4d8e-b6f3-528849677b62",
            "name": "New World Foxton"
        }
    },
    {
        "productData": {
            "name": "Monster Mule Energy Drink 500ml",
            "productId": "5269459_ea_000",
            "productShopPage": "https://www.newworld.co.nz/shop/product/5269459_ea_000nw",
            "productImageURL": "https://a.fsimg.co.nz/product/retail/fan/image/master/5269459.png",
            "productDescription": "Product of Imported",
            "volume": "500mL",
            "multipack": {
                "quantity": "1"
            }
        },
        "priceData": {
            "bestPrice": "2.99",
            "price": "2.99",
            "pricePerLitre": 6.0,
            "bestPricePerLitre": 6.0
        },
        "store": {
            "id": "ebcc2edb-73bd-4d8e-b6f3-528849677b62",
            "name": "New World Foxton"
        }
    },
    {
        "productData": {
            "name": "Monster Ultra Paradise Energy Drink 500ml",
            "productId": "5261257_ea_000",
            "productShopPage": "https://www.newworld.co.nz/shop/product/5261257_ea_000nw",
            "productImageURL": "https://a.fsimg.co.nz/product/retail/fan/image/master/5261257.png",
            "productDescription": "Product of Imported",
            "volume": "500mL",
            "multipack": {
                "quantity": "1"
            }
        },
        "priceData": {
            "bestPrice": "2.99",
            "price": "2.99",
            "pricePerLitre": 6.0,
            "bestPricePerLitre": 6.0
        },
        "store": {
            "id": "ebcc2edb-73bd-4d8e-b6f3-528849677b62",
            "name": "New World Foxton"
        }
    },
    {
        "productData": {
            "name": "V Energy Drink Green Cans 4pk",
            "productId": "5002893_ea_000",
            "productShopPage": "https://www.newworld.co.nz/shop/product/5002893_ea_000nw",
            "productImageURL": "https://a.fsimg.co.nz/product/retail/fan/image/master/5002893.png",
            "productDescription": "Limit 12 assorted.\n\n\nContains Caffeine.\n\nProduct of New Zealand",
            "volume": "250mL",
            "multipack": {
                "quantity": "4"
            }
        },
        "priceData": {
            "bestPrice": "5.99",
            "price": "5.99",
            "pricePerLitre": 5.99,
            "bestPricePerLitre": 5.99
        },
        "store": {
            "id": "ebcc2edb-73bd-4d8e-b6f3-528849677b62",
            "name": "New World Foxton"
        }
    },
    {
        "productData": {
            "name": "Monster Ultra Zero Drink 500ml",
            "productId": "5090618_ea_000",
            "productShopPage": "https://www.newworld.co.nz/shop/product/5090618_ea_000nw",
            "productImageURL": "https://a.fsimg.co.nz/product/retail/fan/image/master/5090618.png",
            "productDescription": "A little less sweet, lighter-tasting, zero calories, but with a full load of our Monster energy blend. Sure, white is the new black. Monster Energy Zero Ultra. Unleash the Ultra Beast!\n\nProduct of Imported",
            "volume": "500mL",
            "multipack": {
                "quantity": "1"
            }
        },
        "priceData": {
            "bestPrice": "2.99",
            "price": "2.99",
            "pricePerLitre": 6.0,
            "bestPricePerLitre": 6.0
        },
        "store": {
            "id": "ebcc2edb-73bd-4d8e-b6f3-528849677b62",
            "name": "New World Foxton"
        }
    },
    {
        "productData": {
            "name": "Monster Super Fuel Zero Sugar Energy Drink 550ml",
            "productId": "5284331_ea_000",
            "productShopPage": "https://www.newworld.co.nz/shop/product/5284331_ea_000nw",
            "productImageURL": "https://a.fsimg.co.nz/product/retail/fan/image/master/5284331.png",
            "productDescription": "Product of Imported",
            "volume": "550mL",
            "multipack": {
                "quantity": "1"
            }
        },
        "priceData": {
            "bestPrice": "3.49",
            "price": "3.49",
            "pricePerLitre": 6.345454545454546,
            "bestPricePerLitre": 6.345454545454546
        },
        "store": {
            "id": "ebcc2edb-73bd-4d8e-b6f3-528849677b62",
            "name": "New World Foxton"
        }
    },
    {
        "productData": {
            "name": "Mother Energy Drink Can 500ml",
            "productId": "5011153_ea_000",
            "productShopPage": "https://www.newworld.co.nz/shop/product/5011153_ea_000nw",
            "productImageURL": "https://a.fsimg.co.nz/product/retail/fan/image/master/5011153.png",
            "productDescription": "Contains Caffeine.\n\nProduct of New Zealand",
            "volume": "500mL",
            "multipack": {
                "quantity": "1"
            }
        },
        "priceData": {
            "bestPrice": "1.99",
            "price": "1.99",
            "pricePerLitre": 4.0,
            "bestPricePerLitre": 4.0
        },
        "store": {
            "id": "ebcc2edb-73bd-4d8e-b6f3-528849677b62",
            "name": "New World Foxton"
        }
    },
    {
        "productData": {
            "name": "Monster Super Fuel Purple Passion Energy Drink 550ml",
            "productId": "5284332_ea_000",
            "productShopPage": "https://www.newworld.co.nz/shop/product/5284332_ea_000nw",
            "productImageURL": "https://a.fsimg.co.nz/product/retail/fan/image/master/5284332.png",
            "productDescription": "Product of Imported",
            "volume": "550mL",
            "multipack": {
                "quantity": "1"
            }
        },
        "priceData": {
            "bestPrice": "3.49",
            "price": "3.49",
            "pricePerLitre": 6.345454545454546,
            "bestPricePerLitre": 6.345454545454546
        },
        "store": {
            "id": "ebcc2edb-73bd-4d8e-b6f3-528849677b62",
            "name": "New World Foxton"
        }
    },
    {
        "productData": {
            "name": "Mother Energy Drink Can 6pk",
            "productId": "5009490_ea_000",
            "productShopPage": "https://www.newworld.co.nz/shop/product/5009490_ea_000nw",
            "productImageURL": "https://a.fsimg.co.nz/product/retail/fan/image/master/5009490.png",
            "productDescription": "Contains Caffeine.\n\nProduct of New Zealand",
            "volume": "250mL",
            "multipack": {
                "quantity": "6"
            }
        },
        "priceData": {
            "bestPrice": "7.49",
            "price": "7.49",
            "pricePerLitre": 5.0,
            "bestPricePerLitre": 5.0
        },
        "store": {
            "id": "ebcc2edb-73bd-4d8e-b6f3-528849677b62",
            "name": "New World Foxton"
        }
    },
    {
        "productData": {
            "name": "Monster Energy Drink 500ml",
            "productId": "5007647_ea_000",
            "productShopPage": "https://www.newworld.co.nz/shop/product/5007647_ea_000nw",
            "productImageURL": "https://a.fsimg.co.nz/product/retail/fan/image/master/5007647.png",
            "productDescription": "Contains Caffeine.\n\nProduct of Imported",
            "volume": "500mL",
            "multipack": {
                "quantity": "1"
            }
        },
        "priceData": {
            "bestPrice": "2.99",
            "price": "2.99",
            "pricePerLitre": 6.0,
            "bestPricePerLitre": 6.0
        },
        "store": {
            "id": "ebcc2edb-73bd-4d8e-b6f3-528849677b62",
            "name": "New World Foxton"
        }
    },
    {
        "productData": {
            "name": "V Sugarfree Guarana Energy Drink 500ml",
            "productId": "5007644_ea_000",
            "productShopPage": "https://www.newworld.co.nz/shop/product/5007644_ea_000nw",
            "productImageURL": "https://a.fsimg.co.nz/product/retail/fan/image/master/5007644.png",
            "productDescription": "Sugar Free.\n\nProduct of New Zealand",
            "volume": "500mL",
            "multipack": {
                "quantity": "1"
            }
        },
        "priceData": {
            "bestPrice": "3.49",
            "price": "3.49",
            "pricePerLitre": 7.0,
            "bestPricePerLitre": 7.0
        },
        "store": {
            "id": "ebcc2edb-73bd-4d8e-b6f3-528849677b62",
            "name": "New World Foxton"
        }
    },
    {
        "productData": {
            "name": "V Original Guarana Energy Drink 500ml",
            "productId": "5004703_ea_000",
            "productShopPage": "https://www.newworld.co.nz/shop/product/5004703_ea_000nw",
            "productImageURL": "https://a.fsimg.co.nz/product/retail/fan/image/master/5004703.png",
            "productDescription": "Contains Caffeine.\n\nProduct of New Zealand",
            "volume": "500mL",
            "multipack": {
                "quantity": "1"
            }
        },
        "priceData": {
            "bestPrice": "3.49",
            "price": "3.49",
            "pricePerLitre": 7.0,
            "bestPricePerLitre": 7.0
        },
        "store": {
            "id": "ebcc2edb-73bd-4d8e-b6f3-528849677b62",
            "name": "New World Foxton"
        }
    },
    {
        "productData": {
            "name": "V Original Guarana Energy Drink 500ml",
            "productId": "5007441_ea_000",
            "productShopPage": "https://www.newworld.co.nz/shop/product/5007441_ea_000nw",
            "productImageURL": "https://a.fsimg.co.nz/product/retail/fan/image/master/5007441.png",
            "productDescription": "Buy 2 for $5.00.\n\n\nContains Wheat Derivatives, Caffeine.\n\nProduct of New Zealand",
            "volume": "500mL",
            "multipack": {
                "quantity": "1"
            }
        },
        "priceData": {
            "bestPrice": 2.5,
            "price": 2.0,
            "pricePerLitre": 4.0,
            "bestPricePerLitre": 5.0,
            "multiBuy": {
                "quantity": 2.0,
                "value": 5.0,
                "perUnit": 2.5
            }
        },
        "store": {
            "id": "ebcc2edb-73bd-4d8e-b6f3-528849677b62",
            "name": "New World Foxton"
        }
    },
    {
        "productData": {
            "name": "V Blue Guarana Energy Drink 250ml",
            "productId": "5007495_ea_000",
            "productShopPage": "https://www.newworld.co.nz/shop/product/5007495_ea_000nw",
            "productImageURL": "https://a.fsimg.co.nz/product/retail/fan/image/master/5007495.png",
            "productDescription": "Contains Caffeine, Wheat Derivatives.\n\nProduct of New Zealand",
            "volume": "250mL",
            "multipack": {
                "quantity": "1"
            }
        },
        "priceData": {
            "bestPrice": "1.99",
            "price": "1.99",
            "pricePerLitre": 7.96,
            "bestPricePerLitre": 7.96
        },
        "store": {
            "id": "e197b67e-2cf9-4bae-bae5-5b8ffdccfa87",
            "name": "New World Kaiapoi"
        }
    },
    {
        "productData": {
            "name": "V Sugarfree Guarana Energy Drink 250ml",
            "productId": "5001639_ea_000",
            "productShopPage": "https://www.newworld.co.nz/shop/product/5001639_ea_000nw",
            "productImageURL": "https://a.fsimg.co.nz/product/retail/fan/image/master/5001639.png",
            "productDescription": "Sugar Free. Contains Caffeine.\n\nProduct of New Zealand",
            "volume": "250mL",
            "multipack": {
                "quantity": "1"
            }
        },
        "priceData": {
            "bestPrice": "1.99",
            "price": "1.99",
            "pricePerLitre": 8.0,
            "bestPricePerLitre": 8.0
        },
        "store": {
            "id": "e197b67e-2cf9-4bae-bae5-5b8ffdccfa87",
            "name": "New World Kaiapoi"
        }
    },
    {
        "productData": {
            "name": "Live Plus Persist Energy Drink 250ml",
            "productId": "5236678_ea_000",
            "productShopPage": "https://www.newworld.co.nz/shop/product/5236678_ea_000nw",
            "productImageURL": "https://a.fsimg.co.nz/product/retail/fan/image/master/5236678.png",
            "productDescription": "Product of New Zealand",
            "volume": "",
            "multipack": {
                "quantity": ""
            }
        },
        "priceData": {
            "bestPrice": "2.39",
            "price": "2.39",
            "pricePerLitre": 9.56,
            "bestPricePerLitre": 9.56
        },
        "store": {
            "id": "e197b67e-2cf9-4bae-bae5-5b8ffdccfa87",
            "name": "New World Kaiapoi"
        }
    },
    {
        "productData": {
            "name": "V Sugarfree Blue Guarana Energy Drink 500ml",
            "productId": "5283362_ea_000",
            "productShopPage": "https://www.newworld.co.nz/shop/product/5283362_ea_000nw",
            "productImageURL": "https://a.fsimg.co.nz/product/retail/fan/image/master/5283362.png",
            "productDescription": "Sugar free\n\nProduct of New Zealand",
            "volume": "500mL",
            "multipack": {
                "quantity": "1"
            }
        },
        "priceData": {
            "bestPrice": "2.99",
            "price": "2.99",
            "pricePerLitre": 5.98,
            "bestPricePerLitre": 5.98
        },
        "store": {
            "id": "e197b67e-2cf9-4bae-bae5-5b8ffdccfa87",
            "name": "New World Kaiapoi"
        }
    },
    {
        "productData": {
            "name": "V Original Guarana Energy Drink 350ml",
            "productId": "5003156_ea_000",
            "productShopPage": "https://www.newworld.co.nz/shop/product/5003156_ea_000nw",
            "productImageURL": "https://a.fsimg.co.nz/product/retail/fan/image/master/5003156.png",
            "productDescription": "Contains Caffeine.\n\nProduct of New Zealand",
            "volume": "350mL",
            "multipack": {
                "quantity": "1"
            }
        },
        "priceData": {
            "bestPrice": "3.19",
            "price": "3.19",
            "pricePerLitre": 9.114285714285714,
            "bestPricePerLitre": 9.114285714285714
        },
        "store": {
            "id": "e197b67e-2cf9-4bae-bae5-5b8ffdccfa87",
            "name": "New World Kaiapoi"
        }
    },
    {
        "productData": {
            "name": "V Blue Guarana Energy Drink Cans 10pk",
            "productId": "5228254_ea_000",
            "productShopPage": "https://www.newworld.co.nz/shop/product/5228254_ea_000nw",
            "productImageURL": "https://a.fsimg.co.nz/product/retail/fan/image/master/5228254.png",
            "productDescription": "Product of New Zealand",
            "volume": "200mL",
            "multipack": {
                "quantity": "10"
            }
        },
        "priceData": {
            "bestPrice": "15.49",
            "price": "15.49",
            "pricePerLitre": 7.75,
            "bestPricePerLitre": 7.75
        },
        "store": {
            "id": "e197b67e-2cf9-4bae-bae5-5b8ffdccfa87",
            "name": "New World Kaiapoi"
        }
    },
    {
        "productData": {
            "name": "V Blue Guarana Energy Drink 350ml",
            "productId": "5007492_ea_000",
            "productShopPage": "https://www.newworld.co.nz/shop/product/5007492_ea_000nw",
            "productImageURL": "https://a.fsimg.co.nz/product/retail/fan/image/master/5007492.png",
            "productDescription": "Contains Caffeine, Wheat Derivatives.\n\nProduct of New Zealand",
            "volume": "350mL",
            "multipack": {
                "quantity": "1"
            }
        },
        "priceData": {
            "bestPrice": "3.19",
            "price": "3.19",
            "pricePerLitre": 9.114285714285714,
            "bestPricePerLitre": 9.114285714285714
        },
        "store": {
            "id": "e197b67e-2cf9-4bae-bae5-5b8ffdccfa87",
            "name": "New World Kaiapoi"
        }
    },
    {
        "productData": {
            "name": "V Blue Energy Drink 500ml",
            "productId": "5020662_ea_000",
            "productShopPage": "https://www.newworld.co.nz/shop/product/5020662_ea_000nw",
            "productImageURL": "https://a.fsimg.co.nz/product/retail/fan/image/master/5020662.png",
            "productDescription": "Product of New Zealand",
            "volume": "500mL",
            "multipack": {
                "quantity": "1"
            }
        },
        "priceData": {
            "bestPrice": "2.49",
            "price": "2.49",
            "pricePerLitre": 4.98,
            "bestPricePerLitre": 4.98
        },
        "store": {
            "id": "e197b67e-2cf9-4bae-bae5-5b8ffdccfa87",
            "name": "New World Kaiapoi"
        }
    },
    {
        "productData": {
            "name": "V Blue Guarana Energy Drink 500ml",
            "productId": "5007494_ea_000",
            "productShopPage": "https://www.newworld.co.nz/shop/product/5007494_ea_000nw",
            "productImageURL": "https://a.fsimg.co.nz/product/retail/fan/image/master/5007494.png",
            "productDescription": "Contains Wheat Derivatives, Caffeine.\n\nProduct of New Zealand",
            "volume": "500mL",
            "multipack": {
                "quantity": "1"
            }
        },
        "priceData": {
            "bestPrice": "2.99",
            "price": "2.99",
            "pricePerLitre": 5.98,
            "bestPricePerLitre": 5.98
        },
        "store": {
            "id": "e197b67e-2cf9-4bae-bae5-5b8ffdccfa87",
            "name": "New World Kaiapoi"
        }
    },
    {
        "productData": {
            "name": "Red Bull Energy Drink 473ml",
            "productId": "5005255_ea_000",
            "productShopPage": "https://www.newworld.co.nz/shop/product/5005255_ea_000nw",
            "productImageURL": "https://a.fsimg.co.nz/product/retail/fan/image/master/5005255.png",
            "productDescription": "Red Bull Energy Drink's special formula contains ingredients of high quality: Caffeine, Taurine, B-Group Vitamins, Sugars, Alpine Water.One 250ml can of Red Bull Energy Drinks contains 80 mg of caffeine, about the same amount as in a cup of home-brewed coffee.The amount of sugars in a can of Red Bull Energy Drink is comparable to the level of sugars in an equivalent amount of apple or orange juice – 11 g per 100ml.Red Bull cans are made of 100% recyclable aluminium.Red Bull Energy Drink 473ml canVitalizes Body and Mind.®RED BULL GIVES YOU WINGSInspired by functional drinks from the Far East, Dietrich Mateschitz founded Red Bull in the mid-1980s. He developed a new product and a unique marketing concept and launched Red Bull Energy Drink on April 1, 1987 in Austria. A brand new product category - Energy Drinks - was born.\n\nProduct of Imported",
            "volume": "473mL",
            "multipack": {
                "quantity": "1"
            }
        },
        "priceData": {
            "bestPrice": "3.59",
            "price": "3.59",
            "pricePerLitre": 7.59,
            "bestPricePerLitre": 7.59
        },
        "store": {
            "id": "e197b67e-2cf9-4bae-bae5-5b8ffdccfa87",
            "name": "New World Kaiapoi"
        }
    },
    {
        "productData": {
            "name": "V Original Guarana Energy Drink 250ml",
            "productId": "5003151_ea_000",
            "productShopPage": "https://www.newworld.co.nz/shop/product/5003151_ea_000nw",
            "productImageURL": "https://a.fsimg.co.nz/product/retail/fan/image/master/5003151.png",
            "productDescription": "Contains Caffeine.\n\nProduct of New Zealand",
            "volume": "250mL",
            "multipack": {
                "quantity": "1"
            }
        },
        "priceData": {
            "bestPrice": "1.99",
            "price": "1.99",
            "pricePerLitre": 7.96,
            "bestPricePerLitre": 7.96
        },
        "store": {
            "id": "e197b67e-2cf9-4bae-bae5-5b8ffdccfa87",
            "name": "New World Kaiapoi"
        }
    },
    {
        "productData": {
            "name": "Red Bull Energy Drink 250ml Cans 4pk",
            "productId": "5001443_ea_000",
            "productShopPage": "https://www.newworld.co.nz/shop/product/5001443_ea_000nw",
            "productImageURL": "https://a.fsimg.co.nz/product/retail/fan/image/master/5001443.png",
            "productDescription": "Red Bull Energy Drink's special formula contains ingredients of high quality: Caffeine, Taurine, B-Group Vitamins, Sugars, Alpine Water.One 250ml can of Red Bull Energy Drinks contains 80 mg of caffeine, about the same amount as in a cup of home-brewed coffee.The amount of sugars in a can of Red Bull Energy Drink is comparable to the level of sugars in an equivalent amount of apple or orange juice – 11 g per 100ml.Red Bull cans are made of 100% recyclable aluminium.Pack of four 250ml Red Bull Energy Drink cansVitalizes Body and Mind.®RED BULL GIVES YOU WINGSInspired by functional drinks from the Far East, Dietrich Mateschitz founded Red Bull in the mid-1980s. He developed a new product and a unique marketing concept and launched Red Bull Energy Drink on April 1, 1987 in Austria. A brand new product category - Energy Drinks - was born.",
            "volume": "250mL",
            "multipack": {
                "quantity": "4"
            }
        },
        "priceData": {
            "bestPrice": "7.49",
            "price": "7.49",
            "pricePerLitre": 7.49,
            "bestPricePerLitre": 7.49
        },
        "store": {
            "id": "e197b67e-2cf9-4bae-bae5-5b8ffdccfa87",
            "name": "New World Kaiapoi"
        }
    },
    {
        "productData": {
            "name": "V Green Guarana Energy Drink 710ml",
            "productId": "5030250_ea_000",
            "productShopPage": "https://www.newworld.co.nz/shop/product/5030250_ea_000nw",
            "productImageURL": "https://a.fsimg.co.nz/product/retail/fan/image/master/5030250.png",
            "productDescription": "Contains Wheat Derivatives\n\nProduct of Imported",
            "volume": "250mL",
            "multipack": {
                "quantity": "3"
            }
        },
        "priceData": {
            "bestPrice": "3.79",
            "price": "3.79",
            "pricePerLitre": 5.053333333333333,
            "bestPricePerLitre": 5.053333333333333
        },
        "store": {
            "id": "e197b67e-2cf9-4bae-bae5-5b8ffdccfa87",
            "name": "New World Kaiapoi"
        }
    },
    {
        "productData": {
            "name": "Lucozade Orange Energy Drink 380ml",
            "productId": "5009239_ea_000",
            "productShopPage": "https://www.newworld.co.nz/shop/product/5009239_ea_000nw",
            "productImageURL": "https://a.fsimg.co.nz/product/retail/fan/image/master/5009239.png",
            "productDescription": "Powered by Glucose.\n\nProduct of New Zealand",
            "volume": "380mL",
            "multipack": {
                "quantity": "1"
            }
        },
        "priceData": {
            "bestPrice": "3.29",
            "price": "3.29",
            "pricePerLitre": 8.66,
            "bestPricePerLitre": 8.66
        },
        "store": {
            "id": "e197b67e-2cf9-4bae-bae5-5b8ffdccfa87",
            "name": "New World Kaiapoi"
        }
    },
    {
        "productData": {
            "name": "V Pure Natural Energy Drink Glass Bottle 330ml",
            "productId": "5237753_ea_000",
            "productShopPage": "https://www.newworld.co.nz/shop/product/5237753_ea_000nw",
            "productImageURL": "https://a.fsimg.co.nz/product/retail/fan/image/master/5237753.png",
            "productDescription": "Nothing artificial\n\nProduct of New Zealand",
            "volume": "330mL",
            "multipack": {
                "quantity": "1"
            }
        },
        "priceData": {
            "bestPrice": "3.19",
            "price": "3.19",
            "pricePerLitre": 9.666666666666666,
            "bestPricePerLitre": 9.666666666666666
        },
        "store": {
            "id": "e197b67e-2cf9-4bae-bae5-5b8ffdccfa87",
            "name": "New World Kaiapoi"
        }
    },
    {
        "productData": {
            "name": "Lucozade Original Energy Drink 380ml",
            "productId": "5009240_ea_000",
            "productShopPage": "https://www.newworld.co.nz/shop/product/5009240_ea_000nw",
            "productImageURL": "https://a.fsimg.co.nz/product/retail/fan/image/master/5009240.png",
            "productDescription": "Energy from Glucose.\n\nProduct of New Zealand",
            "volume": "380mL",
            "multipack": {
                "quantity": "1"
            }
        },
        "priceData": {
            "bestPrice": "3.29",
            "price": "3.29",
            "pricePerLitre": 8.66,
            "bestPricePerLitre": 8.66
        },
        "store": {
            "id": "e197b67e-2cf9-4bae-bae5-5b8ffdccfa87",
            "name": "New World Kaiapoi"
        }
    },
    {
        "productData": {
            "name": "Rockstar Watermelon Freeze Energy Drink 500ml",
            "productId": "5257298_ea_000",
            "productShopPage": "https://www.newworld.co.nz/shop/product/5257298_ea_000nw",
            "productImageURL": "https://a.fsimg.co.nz/product/retail/fan/image/master/5257298.png",
            "productDescription": "Product of New Zealand",
            "volume": "500mL",
            "multipack": {
                "quantity": "1"
            }
        },
        "priceData": {
            "bestPrice": "1.69",
            "price": "1.69",
            "pricePerLitre": 3.38,
            "bestPricePerLitre": 3.38
        },
        "store": {
            "id": "e197b67e-2cf9-4bae-bae5-5b8ffdccfa87",
            "name": "New World Kaiapoi"
        }
    },
    {
        "productData": {
            "name": "V Berry Twist Sugar Free Can 500ml",
            "productId": "5254654_ea_000",
            "productShopPage": "https://www.newworld.co.nz/shop/product/5254654_ea_000nw",
            "productImageURL": "https://a.fsimg.co.nz/product/retail/fan/image/master/5254654.png",
            "productDescription": "Sugarfree\n\nProduct of New Zealand",
            "volume": "500mL",
            "multipack": {
                "quantity": "1"
            }
        },
        "priceData": {
            "bestPrice": "2.99",
            "price": "2.99",
            "pricePerLitre": 5.98,
            "bestPricePerLitre": 5.98
        },
        "store": {
            "id": "e197b67e-2cf9-4bae-bae5-5b8ffdccfa87",
            "name": "New World Kaiapoi"
        }
    },
    {
        "productData": {
            "name": "V Raspberry Lemonade Can 500ml",
            "productId": "5264523_ea_000",
            "productShopPage": "https://www.newworld.co.nz/shop/product/5264523_ea_000nw",
            "productImageURL": "https://a.fsimg.co.nz/product/retail/fan/image/master/5264523.png",
            "productDescription": "Product of New Zealand",
            "volume": "500mL",
            "multipack": {
                "quantity": "1"
            }
        },
        "priceData": {
            "bestPrice": "2.99",
            "price": "2.99",
            "pricePerLitre": 5.98,
            "bestPricePerLitre": 5.98
        },
        "store": {
            "id": "e197b67e-2cf9-4bae-bae5-5b8ffdccfa87",
            "name": "New World Kaiapoi"
        }
    },
    {
        "productData": {
            "name": "Monster Mango Loco Energy Drink 500ml",
            "productId": "5242374_ea_000",
            "productShopPage": "https://www.newworld.co.nz/shop/product/5242374_ea_000nw",
            "productImageURL": "https://a.fsimg.co.nz/product/retail/fan/image/master/5242374.png",
            "productDescription": "Product of Imported",
            "volume": "500mL",
            "multipack": {
                "quantity": "1"
            }
        },
        "priceData": {
            "bestPrice": "2.49",
            "price": "2.49",
            "pricePerLitre": 4.98,
            "bestPricePerLitre": 4.98
        },
        "store": {
            "id": "e197b67e-2cf9-4bae-bae5-5b8ffdccfa87",
            "name": "New World Kaiapoi"
        }
    },
    {
        "productData": {
            "name": "Monster Zero Sugar Ultra Rosa Energy Drink 500ml",
            "productId": "5278094_ea_000",
            "productShopPage": "https://www.newworld.co.nz/shop/product/5278094_ea_000nw",
            "productImageURL": "https://a.fsimg.co.nz/product/retail/fan/image/master/5278094.png",
            "productDescription": "Product of Imported",
            "volume": "500mL",
            "multipack": {
                "quantity": "1"
            }
        },
        "priceData": {
            "bestPrice": "2.49",
            "price": "2.49",
            "pricePerLitre": 4.98,
            "bestPricePerLitre": 4.98
        },
        "store": {
            "id": "e197b67e-2cf9-4bae-bae5-5b8ffdccfa87",
            "name": "New World Kaiapoi"
        }
    },
    {
        "productData": {
            "name": "Monster Mule Energy Drink 500ml",
            "productId": "5269459_ea_000",
            "productShopPage": "https://www.newworld.co.nz/shop/product/5269459_ea_000nw",
            "productImageURL": "https://a.fsimg.co.nz/product/retail/fan/image/master/5269459.png",
            "productDescription": "Product of Imported",
            "volume": "500mL",
            "multipack": {
                "quantity": "1"
            }
        },
        "priceData": {
            "bestPrice": "2.49",
            "price": "2.49",
            "pricePerLitre": 4.98,
            "bestPricePerLitre": 4.98
        },
        "store": {
            "id": "e197b67e-2cf9-4bae-bae5-5b8ffdccfa87",
            "name": "New World Kaiapoi"
        }
    },
    {
        "productData": {
            "name": "Monster Ultra Paradise Energy Drink 500ml",
            "productId": "5261257_ea_000",
            "productShopPage": "https://www.newworld.co.nz/shop/product/5261257_ea_000nw",
            "productImageURL": "https://a.fsimg.co.nz/product/retail/fan/image/master/5261257.png",
            "productDescription": "Product of Imported",
            "volume": "500mL",
            "multipack": {
                "quantity": "1"
            }
        },
        "priceData": {
            "bestPrice": "2.49",
            "price": "2.49",
            "pricePerLitre": 4.98,
            "bestPricePerLitre": 4.98
        },
        "store": {
            "id": "e197b67e-2cf9-4bae-bae5-5b8ffdccfa87",
            "name": "New World Kaiapoi"
        }
    },
    {
        "productData": {
            "name": "Monster Ultra Zero Drink 500ml",
            "productId": "5090618_ea_000",
            "productShopPage": "https://www.newworld.co.nz/shop/product/5090618_ea_000nw",
            "productImageURL": "https://a.fsimg.co.nz/product/retail/fan/image/master/5090618.png",
            "productDescription": "A little less sweet, lighter-tasting, zero calories, but with a full load of our Monster energy blend. Sure, white is the new black. Monster Energy Zero Ultra. Unleash the Ultra Beast!\n\nProduct of Imported",
            "volume": "500mL",
            "multipack": {
                "quantity": "1"
            }
        },
        "priceData": {
            "bestPrice": "2.49",
            "price": "2.49",
            "pricePerLitre": 4.98,
            "bestPricePerLitre": 4.98
        },
        "store": {
            "id": "e197b67e-2cf9-4bae-bae5-5b8ffdccfa87",
            "name": "New World Kaiapoi"
        }
    },
    {
        "productData": {
            "name": "Monster Super Fuel Zero Sugar Energy Drink 550ml",
            "productId": "5284331_ea_000",
            "productShopPage": "https://www.newworld.co.nz/shop/product/5284331_ea_000nw",
            "productImageURL": "https://a.fsimg.co.nz/product/retail/fan/image/master/5284331.png",
            "productDescription": "Product of Imported",
            "volume": "550mL",
            "multipack": {
                "quantity": "1"
            }
        },
        "priceData": {
            "bestPrice": "3.99",
            "price": "3.99",
            "pricePerLitre": 7.25,
            "bestPricePerLitre": 7.25
        },
        "store": {
            "id": "e197b67e-2cf9-4bae-bae5-5b8ffdccfa87",
            "name": "New World Kaiapoi"
        }
    },
    {
        "productData": {
            "name": "Mother Energy Drink Can 500ml",
            "productId": "5011153_ea_000",
            "productShopPage": "https://www.newworld.co.nz/shop/product/5011153_ea_000nw",
            "productImageURL": "https://a.fsimg.co.nz/product/retail/fan/image/master/5011153.png",
            "productDescription": "Contains Caffeine.\n\nProduct of New Zealand",
            "volume": "500mL",
            "multipack": {
                "quantity": "1"
            }
        },
        "priceData": {
            "bestPrice": "2.99",
            "price": "2.99",
            "pricePerLitre": 5.98,
            "bestPricePerLitre": 5.98
        },
        "store": {
            "id": "e197b67e-2cf9-4bae-bae5-5b8ffdccfa87",
            "name": "New World Kaiapoi"
        }
    },
    {
        "productData": {
            "name": "Monster Super Fuel Purple Passion Energy Drink 550ml",
            "productId": "5284332_ea_000",
            "productShopPage": "https://www.newworld.co.nz/shop/product/5284332_ea_000nw",
            "productImageURL": "https://a.fsimg.co.nz/product/retail/fan/image/master/5284332.png",
            "productDescription": "Product of Imported",
            "volume": "550mL",
            "multipack": {
                "quantity": "1"
            }
        },
        "priceData": {
            "bestPrice": "3.99",
            "price": "3.99",
            "pricePerLitre": 7.25,
            "bestPricePerLitre": 7.25
        },
        "store": {
            "id": "e197b67e-2cf9-4bae-bae5-5b8ffdccfa87",
            "name": "New World Kaiapoi"
        }
    },
    {
        "productData": {
            "name": "Mother Energy Drink Can 6pk",
            "productId": "5009490_ea_000",
            "productShopPage": "https://www.newworld.co.nz/shop/product/5009490_ea_000nw",
            "productImageURL": "https://a.fsimg.co.nz/product/retail/fan/image/master/5009490.png",
            "productDescription": "Contains Caffeine.\n\nProduct of New Zealand",
            "volume": "250mL",
            "multipack": {
                "quantity": "6"
            }
        },
        "priceData": {
            "bestPrice": "6.49",
            "price": "6.49",
            "pricePerLitre": 4.326666666666666,
            "bestPricePerLitre": 4.326666666666666
        },
        "store": {
            "id": "e197b67e-2cf9-4bae-bae5-5b8ffdccfa87",
            "name": "New World Kaiapoi"
        }
    },
    {
        "productData": {
            "name": "Monster Pipeline Punch Energy Drink 500ml",
            "productId": "5242373_ea_000",
            "productShopPage": "https://www.newworld.co.nz/shop/product/5242373_ea_000nw",
            "productImageURL": "https://a.fsimg.co.nz/product/retail/fan/image/master/5242373.png",
            "productDescription": "Product of Imported",
            "volume": "500mL",
            "multipack": {
                "quantity": "1"
            }
        },
        "priceData": {
            "bestPrice": "2.49",
            "price": "2.49",
            "pricePerLitre": 4.98,
            "bestPricePerLitre": 4.98
        },
        "store": {
            "id": "e197b67e-2cf9-4bae-bae5-5b8ffdccfa87",
            "name": "New World Kaiapoi"
        }
    },
    {
        "productData": {
            "name": "Monster Energy Drink 500ml",
            "productId": "5007647_ea_000",
            "productShopPage": "https://www.newworld.co.nz/shop/product/5007647_ea_000nw",
            "productImageURL": "https://a.fsimg.co.nz/product/retail/fan/image/master/5007647.png",
            "productDescription": "Contains Caffeine.\n\nProduct of Imported",
            "volume": "500mL",
            "multipack": {
                "quantity": "1"
            }
        },
        "priceData": {
            "bestPrice": "2.49",
            "price": "2.49",
            "pricePerLitre": 4.98,
            "bestPricePerLitre": 4.98
        },
        "store": {
            "id": "e197b67e-2cf9-4bae-bae5-5b8ffdccfa87",
            "name": "New World Kaiapoi"
        }
    },
    {
        "productData": {
            "name": "V Sugarfree Guarana Energy Drink 500ml",
            "productId": "5007644_ea_000",
            "productShopPage": "https://www.newworld.co.nz/shop/product/5007644_ea_000nw",
            "productImageURL": "https://a.fsimg.co.nz/product/retail/fan/image/master/5007644.png",
            "productDescription": "Sugar Free.\n\nProduct of New Zealand",
            "volume": "500mL",
            "multipack": {
                "quantity": "1"
            }
        },
        "priceData": {
            "bestPrice": "2.99",
            "price": "2.99",
            "pricePerLitre": 5.98,
            "bestPricePerLitre": 5.98
        },
        "store": {
            "id": "e197b67e-2cf9-4bae-bae5-5b8ffdccfa87",
            "name": "New World Kaiapoi"
        }
    },
    {
        "productData": {
            "name": "V Original Guarana Energy Drink 500ml",
            "productId": "5004703_ea_000",
            "productShopPage": "https://www.newworld.co.nz/shop/product/5004703_ea_000nw",
            "productImageURL": "https://a.fsimg.co.nz/product/retail/fan/image/master/5004703.png",
            "productDescription": "Contains Caffeine.\n\nProduct of New Zealand",
            "volume": "500mL",
            "multipack": {
                "quantity": "1"
            }
        },
        "priceData": {
            "bestPrice": "2.99",
            "price": "2.99",
            "pricePerLitre": 5.98,
            "bestPricePerLitre": 5.98
        },
        "store": {
            "id": "e197b67e-2cf9-4bae-bae5-5b8ffdccfa87",
            "name": "New World Kaiapoi"
        }
    },
    {
        "productData": {
            "name": "V Original Guarana Energy Drink 500ml",
            "productId": "5007441_ea_000",
            "productShopPage": "https://www.newworld.co.nz/shop/product/5007441_ea_000nw",
            "productImageURL": "https://a.fsimg.co.nz/product/retail/fan/image/master/5007441.png",
            "productDescription": "Contains Wheat Derivatives, Caffeine.\n\nProduct of New Zealand",
            "volume": "500mL",
            "multipack": {
                "quantity": "1"
            }
        },
        "priceData": {
            "bestPrice": "2.49",
            "price": "2.49",
            "pricePerLitre": 4.98,
            "bestPricePerLitre": 4.98
        },
        "store": {
            "id": "e197b67e-2cf9-4bae-bae5-5b8ffdccfa87",
            "name": "New World Kaiapoi"
        }
    },
    {
        "productData": {
            "name": "V Blue Guarana Energy Drink 10pk",
            "productId": "5290181_ea_000",
            "productShopPage": "https://www.newworld.co.nz/shop/product/5290181_ea_000nw",
            "productImageURL": "https://a.fsimg.co.nz/product/retail/fan/image/master/5290181.png",
            "productDescription": "Product of New Zealand",
            "volume": "250mL",
            "multipack": {
                "quantity": "10"
            }
        },
        "priceData": {
            "bestPrice": "17.99",
            "price": "17.99",
            "pricePerLitre": 7.2,
            "bestPricePerLitre": 7.2
        },
        "store": {
            "id": "2fe74bf7-5123-4faa-8fcb-97db954a714d",
            "name": "New World Waihi"
        }
    },
    {
        "productData": {
            "name": "V Blue Guarana Energy Drink 250ml",
            "productId": "5007495_ea_000",
            "productShopPage": "https://www.newworld.co.nz/shop/product/5007495_ea_000nw",
            "productImageURL": "https://a.fsimg.co.nz/product/retail/fan/image/master/5007495.png",
            "productDescription": "Contains Caffeine, Wheat Derivatives.\n\nProduct of New Zealand",
            "volume": "250mL",
            "multipack": {
                "quantity": "1"
            }
        },
        "priceData": {
            "bestPrice": "1.99",
            "price": "1.99",
            "pricePerLitre": 8.0,
            "bestPricePerLitre": 8.0
        },
        "store": {
            "id": "2fe74bf7-5123-4faa-8fcb-97db954a714d",
            "name": "New World Waihi"
        }
    },
    {
        "productData": {
            "name": "V Sugarfree Blue Guarana Energy Drink 4pk",
            "productId": "5289891_ea_000",
            "productShopPage": "https://www.newworld.co.nz/shop/product/5289891_ea_000nw",
            "productImageURL": "https://a.fsimg.co.nz/product/retail/fan/image/master/5289891.png",
            "productDescription": "Limit 12 assorted.\n\n\n\n\nProduct of New Zealand",
            "volume": "250mL",
            "multipack": {
                "quantity": "4"
            }
        },
        "priceData": {
            "bestPrice": "5.99",
            "price": "5.99",
            "pricePerLitre": 5.99,
            "bestPricePerLitre": 5.99
        },
        "store": {
            "id": "2fe74bf7-5123-4faa-8fcb-97db954a714d",
            "name": "New World Waihi"
        }
    },
    {
        "productData": {
            "name": "V Sugarfree Guarana Energy Drink 250ml",
            "productId": "5001639_ea_000",
            "productShopPage": "https://www.newworld.co.nz/shop/product/5001639_ea_000nw",
            "productImageURL": "https://a.fsimg.co.nz/product/retail/fan/image/master/5001639.png",
            "productDescription": "Sugar Free. Contains Caffeine.\n\nProduct of New Zealand",
            "volume": "250mL",
            "multipack": {
                "quantity": "1"
            }
        },
        "priceData": {
            "bestPrice": "1.99",
            "price": "1.99",
            "pricePerLitre": 8.0,
            "bestPricePerLitre": 8.0
        },
        "store": {
            "id": "2fe74bf7-5123-4faa-8fcb-97db954a714d",
            "name": "New World Waihi"
        }
    },
    {
        "productData": {
            "name": "V Sugarfree Guarana Energy Drink 10pk",
            "productId": "5289890_ea_000",
            "productShopPage": "https://www.newworld.co.nz/shop/product/5289890_ea_000nw",
            "productImageURL": "https://a.fsimg.co.nz/product/retail/fan/image/master/5289890.png",
            "productDescription": "Product of New Zealand",
            "volume": "",
            "multipack": {
                "quantity": ""
            }
        },
        "priceData": {
            "bestPrice": "17.99",
            "price": "17.99",
            "pricePerLitre": 72.0,
            "bestPricePerLitre": 72.0
        },
        "store": {
            "id": "2fe74bf7-5123-4faa-8fcb-97db954a714d",
            "name": "New World Waihi"
        }
    },
    {
        "productData": {
            "name": "Live Plus Persist Energy Drink 250ml",
            "productId": "5236678_ea_000",
            "productShopPage": "https://www.newworld.co.nz/shop/product/5236678_ea_000nw",
            "productImageURL": "https://a.fsimg.co.nz/product/retail/fan/image/master/5236678.png",
            "productDescription": "Limit 12 assorted.\n\n\n\n\nProduct of New Zealand",
            "volume": "",
            "multipack": {
                "quantity": ""
            }
        },
        "priceData": {
            "bestPrice": "0.99",
            "price": "0.99"
        },
        "store": {
            "id": "2fe74bf7-5123-4faa-8fcb-97db954a714d",
            "name": "New World Waihi"
        }
    },
    {
        "productData": {
            "name": "V Green Guarana Energy Drink 10pk",
            "productId": "5289889_ea_000",
            "productShopPage": "https://www.newworld.co.nz/shop/product/5289889_ea_000nw",
            "productImageURL": "https://a.fsimg.co.nz/product/retail/fan/image/master/5289889.png",
            "productDescription": "Product of New Zealand",
            "volume": "250mL",
            "multipack": {
                "quantity": "10"
            }
        },
        "priceData": {
            "bestPrice": "17.99",
            "price": "17.99",
            "pricePerLitre": 7.2,
            "bestPricePerLitre": 7.2
        },
        "store": {
            "id": "2fe74bf7-5123-4faa-8fcb-97db954a714d",
            "name": "New World Waihi"
        }
    },
    {
        "productData": {
            "name": "V Sugarfree Blue Guarana Energy Drink 500ml",
            "productId": "5283362_ea_000",
            "productShopPage": "https://www.newworld.co.nz/shop/product/5283362_ea_000nw",
            "productImageURL": "https://a.fsimg.co.nz/product/retail/fan/image/master/5283362.png",
            "productDescription": "Sugar free\n\nProduct of New Zealand",
            "volume": "500mL",
            "multipack": {
                "quantity": "1"
            }
        },
        "priceData": {
            "bestPrice": "3.49",
            "price": "3.49",
            "pricePerLitre": 7.0,
            "bestPricePerLitre": 7.0
        },
        "store": {
            "id": "2fe74bf7-5123-4faa-8fcb-97db954a714d",
            "name": "New World Waihi"
        }
    },
    {
        "productData": {
            "name": "V Original Guarana Energy Drink 350ml",
            "productId": "5003156_ea_000",
            "productShopPage": "https://www.newworld.co.nz/shop/product/5003156_ea_000nw",
            "productImageURL": "https://a.fsimg.co.nz/product/retail/fan/image/master/5003156.png",
            "productDescription": "Buy 2 for $5.00.\n\n\nContains Caffeine.\n\nProduct of New Zealand",
            "volume": "350mL",
            "multipack": {
                "quantity": "1"
            }
        },
        "priceData": {
            "bestPrice": 2.5,
            "price": 2.0,
            "pricePerLitre": 5.714285714285714,
            "bestPricePerLitre": 7.142857142857143,
            "multiBuy": {
                "quantity": 2.0,
                "value": 5.0,
                "perUnit": 2.5
            }
        },
        "store": {
            "id": "2fe74bf7-5123-4faa-8fcb-97db954a714d",
            "name": "New World Waihi"
        }
    },
    {
        "productData": {
            "name": "V Blue Guarana Energy Drink 350ml",
            "productId": "5007492_ea_000",
            "productShopPage": "https://www.newworld.co.nz/shop/product/5007492_ea_000nw",
            "productImageURL": "https://a.fsimg.co.nz/product/retail/fan/image/master/5007492.png",
            "productDescription": "Buy 2 for $5.00.\n\n\nContains Caffeine, Wheat Derivatives.\n\nProduct of New Zealand",
            "volume": "350mL",
            "multipack": {
                "quantity": "1"
            }
        },
        "priceData": {
            "bestPrice": 2.5,
            "price": 2.0,
            "pricePerLitre": 5.714285714285714,
            "bestPricePerLitre": 7.142857142857143,
            "multiBuy": {
                "quantity": 2.0,
                "value": 5.0,
                "perUnit": 2.5
            }
        },
        "store": {
            "id": "2fe74bf7-5123-4faa-8fcb-97db954a714d",
            "name": "New World Waihi"
        }
    },
    {
        "productData": {
            "name": "V Blue Energy Drink 500ml",
            "productId": "5020662_ea_000",
            "productShopPage": "https://www.newworld.co.nz/shop/product/5020662_ea_000nw",
            "productImageURL": "https://a.fsimg.co.nz/product/retail/fan/image/master/5020662.png",
            "productDescription": "Buy 2 for $5.00.\n\n\n\n\nProduct of New Zealand",
            "volume": "500mL",
            "multipack": {
                "quantity": "1"
            }
        },
        "priceData": {
            "bestPrice": 2.5,
            "price": 2.0,
            "pricePerLitre": 4.0,
            "bestPricePerLitre": 5.0,
            "multiBuy": {
                "quantity": 2.0,
                "value": 5.0,
                "perUnit": 2.5
            }
        },
        "store": {
            "id": "2fe74bf7-5123-4faa-8fcb-97db954a714d",
            "name": "New World Waihi"
        }
    },
    {
        "productData": {
            "name": "V Blue Guarana Energy Drink 500ml",
            "productId": "5007494_ea_000",
            "productShopPage": "https://www.newworld.co.nz/shop/product/5007494_ea_000nw",
            "productImageURL": "https://a.fsimg.co.nz/product/retail/fan/image/master/5007494.png",
            "productDescription": "Contains Wheat Derivatives, Caffeine.\n\nProduct of New Zealand",
            "volume": "500mL",
            "multipack": {
                "quantity": "1"
            }
        },
        "priceData": {
            "bestPrice": "3.49",
            "price": "3.49",
            "pricePerLitre": 7.0,
            "bestPricePerLitre": 7.0
        },
        "store": {
            "id": "2fe74bf7-5123-4faa-8fcb-97db954a714d",
            "name": "New World Waihi"
        }
    },
    {
        "productData": {
            "name": "Red Bull Energy Drink 473ml",
            "productId": "5005255_ea_000",
            "productShopPage": "https://www.newworld.co.nz/shop/product/5005255_ea_000nw",
            "productImageURL": "https://a.fsimg.co.nz/product/retail/fan/image/master/5005255.png",
            "productDescription": "Red Bull Energy Drink's special formula contains ingredients of high quality: Caffeine, Taurine, B-Group Vitamins, Sugars, Alpine Water.One 250ml can of Red Bull Energy Drinks contains 80 mg of caffeine, about the same amount as in a cup of home-brewed coffee.The amount of sugars in a can of Red Bull Energy Drink is comparable to the level of sugars in an equivalent amount of apple or orange juice – 11 g per 100ml.Red Bull cans are made of 100% recyclable aluminium.Red Bull Energy Drink 473ml canVitalizes Body and Mind.®RED BULL GIVES YOU WINGSInspired by functional drinks from the Far East, Dietrich Mateschitz founded Red Bull in the mid-1980s. He developed a new product and a unique marketing concept and launched Red Bull Energy Drink on April 1, 1987 in Austria. A brand new product category - Energy Drinks - was born.\n\nProduct of Imported",
            "volume": "473mL",
            "multipack": {
                "quantity": "1"
            }
        },
        "priceData": {
            "bestPrice": "3.79",
            "price": "3.79",
            "pricePerLitre": 8.0,
            "bestPricePerLitre": 8.0
        },
        "store": {
            "id": "2fe74bf7-5123-4faa-8fcb-97db954a714d",
            "name": "New World Waihi"
        }
    },
    {
        "productData": {
            "name": "V Original Guarana Energy Drink 250ml",
            "productId": "5003151_ea_000",
            "productShopPage": "https://www.newworld.co.nz/shop/product/5003151_ea_000nw",
            "productImageURL": "https://a.fsimg.co.nz/product/retail/fan/image/master/5003151.png",
            "productDescription": "Contains Caffeine.\n\nProduct of New Zealand",
            "volume": "250mL",
            "multipack": {
                "quantity": "1"
            }
        },
        "priceData": {
            "bestPrice": "1.99",
            "price": "1.99",
            "pricePerLitre": 8.0,
            "bestPricePerLitre": 8.0
        },
        "store": {
            "id": "2fe74bf7-5123-4faa-8fcb-97db954a714d",
            "name": "New World Waihi"
        }
    },
    {
        "productData": {
            "name": "Red Bull Energy Drink 250ml Cans 4pk",
            "productId": "5001443_ea_000",
            "productShopPage": "https://www.newworld.co.nz/shop/product/5001443_ea_000nw",
            "productImageURL": "https://a.fsimg.co.nz/product/retail/fan/image/master/5001443.png",
            "productDescription": "Red Bull Energy Drink's special formula contains ingredients of high quality: Caffeine, Taurine, B-Group Vitamins, Sugars, Alpine Water.One 250ml can of Red Bull Energy Drinks contains 80 mg of caffeine, about the same amount as in a cup of home-brewed coffee.The amount of sugars in a can of Red Bull Energy Drink is comparable to the level of sugars in an equivalent amount of apple or orange juice – 11 g per 100ml.Red Bull cans are made of 100% recyclable aluminium.Pack of four 250ml Red Bull Energy Drink cansVitalizes Body and Mind.®RED BULL GIVES YOU WINGSInspired by functional drinks from the Far East, Dietrich Mateschitz founded Red Bull in the mid-1980s. He developed a new product and a unique marketing concept and launched Red Bull Energy Drink on April 1, 1987 in Austria. A brand new product category - Energy Drinks - was born.",
            "volume": "250mL",
            "multipack": {
                "quantity": "4"
            }
        },
        "priceData": {
            "bestPrice": "8.59",
            "price": "8.59",
            "pricePerLitre": 8.6,
            "bestPricePerLitre": 8.6
        },
        "store": {
            "id": "2fe74bf7-5123-4faa-8fcb-97db954a714d",
            "name": "New World Waihi"
        }
    },
    {
        "productData": {
            "name": "V Green Guarana Energy Drink 710ml",
            "productId": "5030250_ea_000",
            "productShopPage": "https://www.newworld.co.nz/shop/product/5030250_ea_000nw",
            "productImageURL": "https://a.fsimg.co.nz/product/retail/fan/image/master/5030250.png",
            "productDescription": "Contains Wheat Derivatives\n\nProduct of Imported",
            "volume": "250mL",
            "multipack": {
                "quantity": "3"
            }
        },
        "priceData": {
            "bestPrice": "3.49",
            "price": "3.49",
            "pricePerLitre": 4.9,
            "bestPricePerLitre": 4.9
        },
        "store": {
            "id": "2fe74bf7-5123-4faa-8fcb-97db954a714d",
            "name": "New World Waihi"
        }
    },
    {
        "productData": {
            "name": "Lucozade Orange Energy Drink 380ml",
            "productId": "5009239_ea_000",
            "productShopPage": "https://www.newworld.co.nz/shop/product/5009239_ea_000nw",
            "productImageURL": "https://a.fsimg.co.nz/product/retail/fan/image/master/5009239.png",
            "productDescription": "Powered by Glucose.\n\nProduct of New Zealand",
            "volume": "380mL",
            "multipack": {
                "quantity": "1"
            }
        },
        "priceData": {
            "bestPrice": "2.69",
            "price": "2.69",
            "pricePerLitre": 7.08,
            "bestPricePerLitre": 7.08
        },
        "store": {
            "id": "2fe74bf7-5123-4faa-8fcb-97db954a714d",
            "name": "New World Waihi"
        }
    },
    {
        "productData": {
            "name": "V Pure Natural Energy Drink Glass Bottle 330ml",
            "productId": "5237753_ea_000",
            "productShopPage": "https://www.newworld.co.nz/shop/product/5237753_ea_000nw",
            "productImageURL": "https://a.fsimg.co.nz/product/retail/fan/image/master/5237753.png",
            "productDescription": "Buy 2 for $5.00.\n\n\nNothing artificial\n\nProduct of New Zealand",
            "volume": "330mL",
            "multipack": {
                "quantity": "1"
            }
        },
        "priceData": {
            "bestPrice": 2.5,
            "price": 2.0,
            "pricePerLitre": 6.0606060606060606,
            "bestPricePerLitre": 7.575757575757575,
            "multiBuy": {
                "quantity": 2.0,
                "value": 5.0,
                "perUnit": 2.5
            }
        },
        "store": {
            "id": "2fe74bf7-5123-4faa-8fcb-97db954a714d",
            "name": "New World Waihi"
        }
    },
    {
        "productData": {
            "name": "Rockstar Watermelon Freeze Energy Drink 500ml",
            "productId": "5257298_ea_000",
            "productShopPage": "https://www.newworld.co.nz/shop/product/5257298_ea_000nw",
            "productImageURL": "https://a.fsimg.co.nz/product/retail/fan/image/master/5257298.png",
            "productDescription": "Buy 3 for $5.00.\n\n\n\n\nProduct of New Zealand",
            "volume": "500mL",
            "multipack": {
                "quantity": "1"
            }
        },
        "priceData": {
            "bestPrice": 1.6666666666666667,
            "price": 1.0,
            "pricePerLitre": 2.0,
            "bestPricePerLitre": 3.3333333333333335,
            "multiBuy": {
                "quantity": 3.0,
                "value": 5.0,
                "perUnit": 1.6666666666666667
            }
        },
        "store": {
            "id": "2fe74bf7-5123-4faa-8fcb-97db954a714d",
            "name": "New World Waihi"
        }
    },
    {
        "productData": {
            "name": "Rockstar Original Energy Drink 500ml",
            "productId": "5215383_ea_000",
            "productShopPage": "https://www.newworld.co.nz/shop/product/5215383_ea_000nw",
            "productImageURL": "https://a.fsimg.co.nz/product/retail/fan/image/master/5215383.png",
            "productDescription": "Buy 3 for $5.00.\n\n\nCaffeine; B vitamins; Vitamin C; Taurine; Ginseng\n\nProduct of New Zealand",
            "volume": "500mL",
            "multipack": {
                "quantity": "1"
            }
        },
        "priceData": {
            "bestPrice": 1.6666666666666667,
            "price": 1.0,
            "pricePerLitre": 2.0,
            "bestPricePerLitre": 3.3333333333333335,
            "multiBuy": {
                "quantity": 3.0,
                "value": 5.0,
                "perUnit": 1.6666666666666667
            }
        },
        "store": {
            "id": "2fe74bf7-5123-4faa-8fcb-97db954a714d",
            "name": "New World Waihi"
        }
    },
    {
        "productData": {
            "name": "V Raspberry Lemonade Guarana Energy Drink 4pk",
            "productId": "5289907_ea_000",
            "productShopPage": "https://www.newworld.co.nz/shop/product/5289907_ea_000nw",
            "productImageURL": "https://a.fsimg.co.nz/product/retail/fan/image/master/5289907.png",
            "productDescription": "Limit 12 assorted.\n\n\n\n\nProduct of New Zealand",
            "volume": "250mL",
            "multipack": {
                "quantity": "4"
            }
        },
        "priceData": {
            "bestPrice": "5.99",
            "price": "5.99",
            "pricePerLitre": 5.99,
            "bestPricePerLitre": 5.99
        },
        "store": {
            "id": "2fe74bf7-5123-4faa-8fcb-97db954a714d",
            "name": "New World Waihi"
        }
    },
    {
        "productData": {
            "name": "V Raspberry Lemonade Can 500ml",
            "productId": "5264523_ea_000",
            "productShopPage": "https://www.newworld.co.nz/shop/product/5264523_ea_000nw",
            "productImageURL": "https://a.fsimg.co.nz/product/retail/fan/image/master/5264523.png",
            "productDescription": "Product of New Zealand",
            "volume": "500mL",
            "multipack": {
                "quantity": "1"
            }
        },
        "priceData": {
            "bestPrice": "3.49",
            "price": "3.49",
            "pricePerLitre": 7.0,
            "bestPricePerLitre": 7.0
        },
        "store": {
            "id": "2fe74bf7-5123-4faa-8fcb-97db954a714d",
            "name": "New World Waihi"
        }
    },
    {
        "productData": {
            "name": "V Blue Can 4pk",
            "productId": "5030249_ea_000",
            "productShopPage": "https://www.newworld.co.nz/shop/product/5030249_ea_000nw",
            "productImageURL": "https://a.fsimg.co.nz/product/retail/fan/image/master/5030249.png",
            "productDescription": "Limit 12 assorted.\n\n\nContains Wheat Derivatives, Caffeine.\n\nProduct of New Zealand",
            "volume": "250mL",
            "multipack": {
                "quantity": "4"
            }
        },
        "priceData": {
            "bestPrice": "5.99",
            "price": "5.99",
            "pricePerLitre": 5.99,
            "bestPricePerLitre": 5.99
        },
        "store": {
            "id": "2fe74bf7-5123-4faa-8fcb-97db954a714d",
            "name": "New World Waihi"
        }
    },
    {
        "productData": {
            "name": "V Energy Drink Sugarfree Cans 4pk",
            "productId": "5004117_ea_000",
            "productShopPage": "https://www.newworld.co.nz/shop/product/5004117_ea_000nw",
            "productImageURL": "https://a.fsimg.co.nz/product/retail/fan/image/master/5004117.png",
            "productDescription": "Limit 12 assorted.\n\n\nSugar Free. Contains Caffeine.\n\nProduct of New Zealand",
            "volume": "250mL",
            "multipack": {
                "quantity": "4"
            }
        },
        "priceData": {
            "bestPrice": "5.99",
            "price": "5.99",
            "pricePerLitre": 5.99,
            "bestPricePerLitre": 5.99
        },
        "store": {
            "id": "2fe74bf7-5123-4faa-8fcb-97db954a714d",
            "name": "New World Waihi"
        }
    },
    {
        "productData": {
            "name": "Monster Mango Loco Energy Drink 500ml",
            "productId": "5242374_ea_000",
            "productShopPage": "https://www.newworld.co.nz/shop/product/5242374_ea_000nw",
            "productImageURL": "https://a.fsimg.co.nz/product/retail/fan/image/master/5242374.png",
            "productDescription": "Product of Imported",
            "volume": "500mL",
            "multipack": {
                "quantity": "1"
            }
        },
        "priceData": {
            "bestPrice": "2.99",
            "price": "2.99",
            "pricePerLitre": 6.0,
            "bestPricePerLitre": 6.0
        },
        "store": {
            "id": "2fe74bf7-5123-4faa-8fcb-97db954a714d",
            "name": "New World Waihi"
        }
    },
    {
        "productData": {
            "name": "Monster Zero Sugar Ultra Rosa Energy Drink 500ml",
            "productId": "5278094_ea_000",
            "productShopPage": "https://www.newworld.co.nz/shop/product/5278094_ea_000nw",
            "productImageURL": "https://a.fsimg.co.nz/product/retail/fan/image/master/5278094.png",
            "productDescription": "Product of Imported",
            "volume": "500mL",
            "multipack": {
                "quantity": "1"
            }
        },
        "priceData": {
            "bestPrice": "2.99",
            "price": "2.99",
            "pricePerLitre": 6.0,
            "bestPricePerLitre": 6.0
        },
        "store": {
            "id": "2fe74bf7-5123-4faa-8fcb-97db954a714d",
            "name": "New World Waihi"
        }
    },
    {
        "productData": {
            "name": "V Energy Drink Green Cans 4pk",
            "productId": "5002893_ea_000",
            "productShopPage": "https://www.newworld.co.nz/shop/product/5002893_ea_000nw",
            "productImageURL": "https://a.fsimg.co.nz/product/retail/fan/image/master/5002893.png",
            "productDescription": "Limit 12 assorted.\n\n\nContains Caffeine.\n\nProduct of New Zealand",
            "volume": "250mL",
            "multipack": {
                "quantity": "4"
            }
        },
        "priceData": {
            "bestPrice": "5.99",
            "price": "5.99",
            "pricePerLitre": 5.99,
            "bestPricePerLitre": 5.99
        },
        "store": {
            "id": "2fe74bf7-5123-4faa-8fcb-97db954a714d",
            "name": "New World Waihi"
        }
    },
    {
        "productData": {
            "name": "Monster Ultra Zero Drink 500ml",
            "productId": "5090618_ea_000",
            "productShopPage": "https://www.newworld.co.nz/shop/product/5090618_ea_000nw",
            "productImageURL": "https://a.fsimg.co.nz/product/retail/fan/image/master/5090618.png",
            "productDescription": "A little less sweet, lighter-tasting, zero calories, but with a full load of our Monster energy blend. Sure, white is the new black. Monster Energy Zero Ultra. Unleash the Ultra Beast!\n\nProduct of Imported",
            "volume": "500mL",
            "multipack": {
                "quantity": "1"
            }
        },
        "priceData": {
            "bestPrice": "2.99",
            "price": "2.99",
            "pricePerLitre": 6.0,
            "bestPricePerLitre": 6.0
        },
        "store": {
            "id": "2fe74bf7-5123-4faa-8fcb-97db954a714d",
            "name": "New World Waihi"
        }
    },
    {
        "productData": {
            "name": "Monster Super Fuel Zero Sugar Energy Drink 550ml",
            "productId": "5284331_ea_000",
            "productShopPage": "https://www.newworld.co.nz/shop/product/5284331_ea_000nw",
            "productImageURL": "https://a.fsimg.co.nz/product/retail/fan/image/master/5284331.png",
            "productDescription": "Product of Imported",
            "volume": "550mL",
            "multipack": {
                "quantity": "1"
            }
        },
        "priceData": {
            "bestPrice": "3.49",
            "price": "3.49",
            "pricePerLitre": 6.345454545454546,
            "bestPricePerLitre": 6.345454545454546
        },
        "store": {
            "id": "2fe74bf7-5123-4faa-8fcb-97db954a714d",
            "name": "New World Waihi"
        }
    },
    {
        "productData": {
            "name": "Mother Energy Drink Can 500ml",
            "productId": "5011153_ea_000",
            "productShopPage": "https://www.newworld.co.nz/shop/product/5011153_ea_000nw",
            "productImageURL": "https://a.fsimg.co.nz/product/retail/fan/image/master/5011153.png",
            "productDescription": "Contains Caffeine.\n\nProduct of New Zealand",
            "volume": "500mL",
            "multipack": {
                "quantity": "1"
            }
        },
        "priceData": {
            "bestPrice": "1.99",
            "price": "1.99",
            "pricePerLitre": 4.0,
            "bestPricePerLitre": 4.0
        },
        "store": {
            "id": "2fe74bf7-5123-4faa-8fcb-97db954a714d",
            "name": "New World Waihi"
        }
    },
    {
        "productData": {
            "name": "Monster Super Fuel Purple Passion Energy Drink 550ml",
            "productId": "5284332_ea_000",
            "productShopPage": "https://www.newworld.co.nz/shop/product/5284332_ea_000nw",
            "productImageURL": "https://a.fsimg.co.nz/product/retail/fan/image/master/5284332.png",
            "productDescription": "Product of Imported",
            "volume": "550mL",
            "multipack": {
                "quantity": "1"
            }
        },
        "priceData": {
            "bestPrice": "3.49",
            "price": "3.49",
            "pricePerLitre": 6.345454545454546,
            "bestPricePerLitre": 6.345454545454546
        },
        "store": {
            "id": "2fe74bf7-5123-4faa-8fcb-97db954a714d",
            "name": "New World Waihi"
        }
    },
    {
        "productData": {
            "name": "Monster Energy Drink 500ml",
            "productId": "5007647_ea_000",
            "productShopPage": "https://www.newworld.co.nz/shop/product/5007647_ea_000nw",
            "productImageURL": "https://a.fsimg.co.nz/product/retail/fan/image/master/5007647.png",
            "productDescription": "Contains Caffeine.\n\nProduct of Imported",
            "volume": "500mL",
            "multipack": {
                "quantity": "1"
            }
        },
        "priceData": {
            "bestPrice": "2.99",
            "price": "2.99",
            "pricePerLitre": 6.0,
            "bestPricePerLitre": 6.0
        },
        "store": {
            "id": "2fe74bf7-5123-4faa-8fcb-97db954a714d",
            "name": "New World Waihi"
        }
    },
    {
        "productData": {
            "name": "V Sugarfree Guarana Energy Drink 500ml",
            "productId": "5007644_ea_000",
            "productShopPage": "https://www.newworld.co.nz/shop/product/5007644_ea_000nw",
            "productImageURL": "https://a.fsimg.co.nz/product/retail/fan/image/master/5007644.png",
            "productDescription": "Sugar Free.\n\nProduct of New Zealand",
            "volume": "500mL",
            "multipack": {
                "quantity": "1"
            }
        },
        "priceData": {
            "bestPrice": "3.49",
            "price": "3.49",
            "pricePerLitre": 7.0,
            "bestPricePerLitre": 7.0
        },
        "store": {
            "id": "2fe74bf7-5123-4faa-8fcb-97db954a714d",
            "name": "New World Waihi"
        }
    },
    {
        "productData": {
            "name": "V Original Guarana Energy Drink 500ml",
            "productId": "5004703_ea_000",
            "productShopPage": "https://www.newworld.co.nz/shop/product/5004703_ea_000nw",
            "productImageURL": "https://a.fsimg.co.nz/product/retail/fan/image/master/5004703.png",
            "productDescription": "Contains Caffeine.\n\nProduct of New Zealand",
            "volume": "500mL",
            "multipack": {
                "quantity": "1"
            }
        },
        "priceData": {
            "bestPrice": "3.49",
            "price": "3.49",
            "pricePerLitre": 7.0,
            "bestPricePerLitre": 7.0
        },
        "store": {
            "id": "2fe74bf7-5123-4faa-8fcb-97db954a714d",
            "name": "New World Waihi"
        }
    },
    {
        "productData": {
            "name": "V Original Guarana Energy Drink 500ml",
            "productId": "5007441_ea_000",
            "productShopPage": "https://www.newworld.co.nz/shop/product/5007441_ea_000nw",
            "productImageURL": "https://a.fsimg.co.nz/product/retail/fan/image/master/5007441.png",
            "productDescription": "Buy 2 for $5.00.\n\n\nContains Wheat Derivatives, Caffeine.\n\nProduct of New Zealand",
            "volume": "500mL",
            "multipack": {
                "quantity": "1"
            }
        },
        "priceData": {
            "bestPrice": 2.5,
            "price": 2.0,
            "pricePerLitre": 4.0,
            "bestPricePerLitre": 5.0,
            "multiBuy": {
                "quantity": 2.0,
                "value": 5.0,
                "perUnit": 2.5
            }
        },
        "store": {
            "id": "2fe74bf7-5123-4faa-8fcb-97db954a714d",
            "name": "New World Waihi"
        }
    },
    {
        "productData": {
            "name": "V Blue Guarana Energy Drink 10pk",
            "productId": "5290181_ea_000",
            "productShopPage": "https://www.newworld.co.nz/shop/product/5290181_ea_000nw",
            "productImageURL": "https://a.fsimg.co.nz/product/retail/fan/image/master/5290181.png",
            "productDescription": "Product of New Zealand",
            "volume": "250mL",
            "multipack": {
                "quantity": "10"
            }
        },
        "priceData": {
            "bestPrice": "17.99",
            "price": "17.99",
            "pricePerLitre": 7.2,
            "bestPricePerLitre": 7.2
        },
        "store": {
            "id": "1fc7bc09-1d0c-4a88-a9f4-5f1536d797dd",
            "name": "New World Regent"
        }
    },
    {
        "productData": {
            "name": "V Blue Guarana Energy Drink 250ml",
            "productId": "5007495_ea_000",
            "productShopPage": "https://www.newworld.co.nz/shop/product/5007495_ea_000nw",
            "productImageURL": "https://a.fsimg.co.nz/product/retail/fan/image/master/5007495.png",
            "productDescription": "Contains Caffeine, Wheat Derivatives.\n\nProduct of New Zealand",
            "volume": "250mL",
            "multipack": {
                "quantity": "1"
            }
        },
        "priceData": {
            "bestPrice": "1.99",
            "price": "1.99",
            "pricePerLitre": 8.0,
            "bestPricePerLitre": 8.0
        },
        "store": {
            "id": "1fc7bc09-1d0c-4a88-a9f4-5f1536d797dd",
            "name": "New World Regent"
        }
    },
    {
        "productData": {
            "name": "V Sugarfree Blue Guarana Energy Drink 4pk",
            "productId": "5289891_ea_000",
            "productShopPage": "https://www.newworld.co.nz/shop/product/5289891_ea_000nw",
            "productImageURL": "https://a.fsimg.co.nz/product/retail/fan/image/master/5289891.png",
            "productDescription": "Limit 12 assorted.\n\n\n\n\nProduct of New Zealand",
            "volume": "250mL",
            "multipack": {
                "quantity": "4"
            }
        },
        "priceData": {
            "bestPrice": "5.99",
            "price": "5.99",
            "pricePerLitre": 5.99,
            "bestPricePerLitre": 5.99
        },
        "store": {
            "id": "1fc7bc09-1d0c-4a88-a9f4-5f1536d797dd",
            "name": "New World Regent"
        }
    },
    {
        "productData": {
            "name": "V Sugarfree Guarana Energy Drink 250ml",
            "productId": "5001639_ea_000",
            "productShopPage": "https://www.newworld.co.nz/shop/product/5001639_ea_000nw",
            "productImageURL": "https://a.fsimg.co.nz/product/retail/fan/image/master/5001639.png",
            "productDescription": "Sugar Free. Contains Caffeine.\n\nProduct of New Zealand",
            "volume": "250mL",
            "multipack": {
                "quantity": "1"
            }
        },
        "priceData": {
            "bestPrice": "1.99",
            "price": "1.99",
            "pricePerLitre": 8.0,
            "bestPricePerLitre": 8.0
        },
        "store": {
            "id": "1fc7bc09-1d0c-4a88-a9f4-5f1536d797dd",
            "name": "New World Regent"
        }
    },
    {
        "productData": {
            "name": "V Raspberry Lemonade Guarana Energy Drink 4pk",
            "productId": "5264576_ea_000",
            "productShopPage": "https://www.newworld.co.nz/shop/product/5264576_ea_000nw",
            "productImageURL": "https://a.fsimg.co.nz/product/retail/fan/image/master/5264576.png",
            "productDescription": "Product of New Zealand",
            "volume": "275mL",
            "multipack": {
                "quantity": "4"
            }
        },
        "priceData": {
            "bestPrice": "5.99",
            "price": "5.99",
            "pricePerLitre": 5.45,
            "bestPricePerLitre": 5.45
        },
        "store": {
            "id": "1fc7bc09-1d0c-4a88-a9f4-5f1536d797dd",
            "name": "New World Regent"
        }
    },
    {
        "productData": {
            "name": "V Green Guarana Energy Drink 6pk",
            "productId": "5272987_ea_000",
            "productShopPage": "https://www.newworld.co.nz/shop/product/5272987_ea_000nw",
            "productImageURL": "https://a.fsimg.co.nz/product/retail/fan/image/master/5272987.png",
            "productDescription": "Product of New Zealand",
            "volume": "330mL",
            "multipack": {
                "quantity": "6"
            }
        },
        "priceData": {
            "bestPrice": "11.99",
            "price": "11.99",
            "pricePerLitre": 6.05,
            "bestPricePerLitre": 6.05
        },
        "store": {
            "id": "1fc7bc09-1d0c-4a88-a9f4-5f1536d797dd",
            "name": "New World Regent"
        }
    },
    {
        "productData": {
            "name": "Live Plus Persist Energy Drink 250ml",
            "productId": "5236678_ea_000",
            "productShopPage": "https://www.newworld.co.nz/shop/product/5236678_ea_000nw",
            "productImageURL": "https://a.fsimg.co.nz/product/retail/fan/image/master/5236678.png",
            "productDescription": "Limit 12 assorted.\n\n\n\n\nProduct of New Zealand",
            "volume": "",
            "multipack": {
                "quantity": ""
            }
        },
        "priceData": {
            "bestPrice": "0.99",
            "price": "0.99"
        },
        "store": {
            "id": "1fc7bc09-1d0c-4a88-a9f4-5f1536d797dd",
            "name": "New World Regent"
        }
    },
    {
        "productData": {
            "name": "V Green Guarana Energy Drink 10pk",
            "productId": "5289889_ea_000",
            "productShopPage": "https://www.newworld.co.nz/shop/product/5289889_ea_000nw",
            "productImageURL": "https://a.fsimg.co.nz/product/retail/fan/image/master/5289889.png",
            "productDescription": "Product of New Zealand",
            "volume": "250mL",
            "multipack": {
                "quantity": "10"
            }
        },
        "priceData": {
            "bestPrice": "17.99",
            "price": "17.99",
            "pricePerLitre": 7.2,
            "bestPricePerLitre": 7.2
        },
        "store": {
            "id": "1fc7bc09-1d0c-4a88-a9f4-5f1536d797dd",
            "name": "New World Regent"
        }
    },
    {
        "productData": {
            "name": "V Sugarfree Blue Guarana Energy Drink 500ml",
            "productId": "5283362_ea_000",
            "productShopPage": "https://www.newworld.co.nz/shop/product/5283362_ea_000nw",
            "productImageURL": "https://a.fsimg.co.nz/product/retail/fan/image/master/5283362.png",
            "productDescription": "Sugar free\n\nProduct of New Zealand",
            "volume": "500mL",
            "multipack": {
                "quantity": "1"
            }
        },
        "priceData": {
            "bestPrice": "3.49",
            "price": "3.49",
            "pricePerLitre": 7.0,
            "bestPricePerLitre": 7.0
        },
        "store": {
            "id": "1fc7bc09-1d0c-4a88-a9f4-5f1536d797dd",
            "name": "New World Regent"
        }
    },
    {
        "productData": {
            "name": "V Original Guarana Energy Drink 350ml",
            "productId": "5003156_ea_000",
            "productShopPage": "https://www.newworld.co.nz/shop/product/5003156_ea_000nw",
            "productImageURL": "https://a.fsimg.co.nz/product/retail/fan/image/master/5003156.png",
            "productDescription": "Buy 2 for $5.00.\n\n\nContains Caffeine.\n\nProduct of New Zealand",
            "volume": "350mL",
            "multipack": {
                "quantity": "1"
            }
        },
        "priceData": {
            "bestPrice": 2.5,
            "price": 2.0,
            "pricePerLitre": 5.714285714285714,
            "bestPricePerLitre": 7.142857142857143,
            "multiBuy": {
                "quantity": 2.0,
                "value": 5.0,
                "perUnit": 2.5
            }
        },
        "store": {
            "id": "1fc7bc09-1d0c-4a88-a9f4-5f1536d797dd",
            "name": "New World Regent"
        }
    },
    {
        "productData": {
            "name": "V Blue Guarana Energy Drink 4pk",
            "productId": "5210055_ea_000",
            "productShopPage": "https://www.newworld.co.nz/shop/product/5210055_ea_000nw",
            "productImageURL": "https://a.fsimg.co.nz/product/retail/fan/image/master/5210055.png",
            "productDescription": "Product of New Zealand",
            "volume": "275mL",
            "multipack": {
                "quantity": "4"
            }
        },
        "priceData": {
            "bestPrice": "5.99",
            "price": "5.99",
            "pricePerLitre": 5.4,
            "bestPricePerLitre": 5.4
        },
        "store": {
            "id": "1fc7bc09-1d0c-4a88-a9f4-5f1536d797dd",
            "name": "New World Regent"
        }
    },
    {
        "productData": {
            "name": "V Blue Guarana Energy Drink 350ml",
            "productId": "5007492_ea_000",
            "productShopPage": "https://www.newworld.co.nz/shop/product/5007492_ea_000nw",
            "productImageURL": "https://a.fsimg.co.nz/product/retail/fan/image/master/5007492.png",
            "productDescription": "Buy 2 for $5.00.\n\n\nContains Caffeine, Wheat Derivatives.\n\nProduct of New Zealand",
            "volume": "350mL",
            "multipack": {
                "quantity": "1"
            }
        },
        "priceData": {
            "bestPrice": 2.5,
            "price": 2.0,
            "pricePerLitre": 5.714285714285714,
            "bestPricePerLitre": 7.142857142857143,
            "multiBuy": {
                "quantity": 2.0,
                "value": 5.0,
                "perUnit": 2.5
            }
        },
        "store": {
            "id": "1fc7bc09-1d0c-4a88-a9f4-5f1536d797dd",
            "name": "New World Regent"
        }
    },
    {
        "productData": {
            "name": "V Blue Energy Drink 500ml",
            "productId": "5020662_ea_000",
            "productShopPage": "https://www.newworld.co.nz/shop/product/5020662_ea_000nw",
            "productImageURL": "https://a.fsimg.co.nz/product/retail/fan/image/master/5020662.png",
            "productDescription": "Buy 2 for $5.00.\n\n\n\n\nProduct of New Zealand",
            "volume": "500mL",
            "multipack": {
                "quantity": "1"
            }
        },
        "priceData": {
            "bestPrice": 2.5,
            "price": 2.0,
            "pricePerLitre": 4.0,
            "bestPricePerLitre": 5.0,
            "multiBuy": {
                "quantity": 2.0,
                "value": 5.0,
                "perUnit": 2.5
            }
        },
        "store": {
            "id": "1fc7bc09-1d0c-4a88-a9f4-5f1536d797dd",
            "name": "New World Regent"
        }
    },
    {
        "productData": {
            "name": "V Blue Guarana Energy Drink 500ml",
            "productId": "5007494_ea_000",
            "productShopPage": "https://www.newworld.co.nz/shop/product/5007494_ea_000nw",
            "productImageURL": "https://a.fsimg.co.nz/product/retail/fan/image/master/5007494.png",
            "productDescription": "Contains Wheat Derivatives, Caffeine.\n\nProduct of New Zealand",
            "volume": "500mL",
            "multipack": {
                "quantity": "1"
            }
        },
        "priceData": {
            "bestPrice": "3.49",
            "price": "3.49",
            "pricePerLitre": 7.0,
            "bestPricePerLitre": 7.0
        },
        "store": {
            "id": "1fc7bc09-1d0c-4a88-a9f4-5f1536d797dd",
            "name": "New World Regent"
        }
    },
    {
        "productData": {
            "name": "Red Bull Energy Drink 473ml",
            "productId": "5005255_ea_000",
            "productShopPage": "https://www.newworld.co.nz/shop/product/5005255_ea_000nw",
            "productImageURL": "https://a.fsimg.co.nz/product/retail/fan/image/master/5005255.png",
            "productDescription": "Red Bull Energy Drink's special formula contains ingredients of high quality: Caffeine, Taurine, B-Group Vitamins, Sugars, Alpine Water.One 250ml can of Red Bull Energy Drinks contains 80 mg of caffeine, about the same amount as in a cup of home-brewed coffee.The amount of sugars in a can of Red Bull Energy Drink is comparable to the level of sugars in an equivalent amount of apple or orange juice – 11 g per 100ml.Red Bull cans are made of 100% recyclable aluminium.Red Bull Energy Drink 473ml canVitalizes Body and Mind.®RED BULL GIVES YOU WINGSInspired by functional drinks from the Far East, Dietrich Mateschitz founded Red Bull in the mid-1980s. He developed a new product and a unique marketing concept and launched Red Bull Energy Drink on April 1, 1987 in Austria. A brand new product category - Energy Drinks - was born.\n\nProduct of Imported",
            "volume": "473mL",
            "multipack": {
                "quantity": "1"
            }
        },
        "priceData": {
            "bestPrice": "3.59",
            "price": "3.59",
            "pricePerLitre": 7.6,
            "bestPricePerLitre": 7.6
        },
        "store": {
            "id": "1fc7bc09-1d0c-4a88-a9f4-5f1536d797dd",
            "name": "New World Regent"
        }
    },
    {
        "productData": {
            "name": "V Original Guarana Energy Drink 250ml",
            "productId": "5003151_ea_000",
            "productShopPage": "https://www.newworld.co.nz/shop/product/5003151_ea_000nw",
            "productImageURL": "https://a.fsimg.co.nz/product/retail/fan/image/master/5003151.png",
            "productDescription": "Contains Caffeine.\n\nProduct of New Zealand",
            "volume": "250mL",
            "multipack": {
                "quantity": "1"
            }
        },
        "priceData": {
            "bestPrice": "1.99",
            "price": "1.99",
            "pricePerLitre": 8.0,
            "bestPricePerLitre": 8.0
        },
        "store": {
            "id": "1fc7bc09-1d0c-4a88-a9f4-5f1536d797dd",
            "name": "New World Regent"
        }
    },
    {
        "productData": {
            "name": "Red Bull Energy Drink 250ml Cans 4pk",
            "productId": "5001443_ea_000",
            "productShopPage": "https://www.newworld.co.nz/shop/product/5001443_ea_000nw",
            "productImageURL": "https://a.fsimg.co.nz/product/retail/fan/image/master/5001443.png",
            "productDescription": "Red Bull Energy Drink's special formula contains ingredients of high quality: Caffeine, Taurine, B-Group Vitamins, Sugars, Alpine Water.One 250ml can of Red Bull Energy Drinks contains 80 mg of caffeine, about the same amount as in a cup of home-brewed coffee.The amount of sugars in a can of Red Bull Energy Drink is comparable to the level of sugars in an equivalent amount of apple or orange juice – 11 g per 100ml.Red Bull cans are made of 100% recyclable aluminium.Pack of four 250ml Red Bull Energy Drink cansVitalizes Body and Mind.®RED BULL GIVES YOU WINGSInspired by functional drinks from the Far East, Dietrich Mateschitz founded Red Bull in the mid-1980s. He developed a new product and a unique marketing concept and launched Red Bull Energy Drink on April 1, 1987 in Austria. A brand new product category - Energy Drinks - was born.",
            "volume": "250mL",
            "multipack": {
                "quantity": "4"
            }
        },
        "priceData": {
            "bestPrice": "8.29",
            "price": "8.29",
            "pricePerLitre": 8.299999999999999,
            "bestPricePerLitre": 8.299999999999999
        },
        "store": {
            "id": "1fc7bc09-1d0c-4a88-a9f4-5f1536d797dd",
            "name": "New World Regent"
        }
    },
    {
        "productData": {
            "name": "V Green Guarana Energy Drink 710ml",
            "productId": "5030250_ea_000",
            "productShopPage": "https://www.newworld.co.nz/shop/product/5030250_ea_000nw",
            "productImageURL": "https://a.fsimg.co.nz/product/retail/fan/image/master/5030250.png",
            "productDescription": "Contains Wheat Derivatives\n\nProduct of Imported",
            "volume": "250mL",
            "multipack": {
                "quantity": "3"
            }
        },
        "priceData": {
            "bestPrice": "3.49",
            "price": "3.49",
            "pricePerLitre": 4.9,
            "bestPricePerLitre": 4.9
        },
        "store": {
            "id": "1fc7bc09-1d0c-4a88-a9f4-5f1536d797dd",
            "name": "New World Regent"
        }
    },
    {
        "productData": {
            "name": "Lucozade Orange Energy Drink 380ml",
            "productId": "5009239_ea_000",
            "productShopPage": "https://www.newworld.co.nz/shop/product/5009239_ea_000nw",
            "productImageURL": "https://a.fsimg.co.nz/product/retail/fan/image/master/5009239.png",
            "productDescription": "Powered by Glucose.\n\nProduct of New Zealand",
            "volume": "380mL",
            "multipack": {
                "quantity": "1"
            }
        },
        "priceData": {
            "bestPrice": "2.69",
            "price": "2.69",
            "pricePerLitre": 7.08,
            "bestPricePerLitre": 7.08
        },
        "store": {
            "id": "1fc7bc09-1d0c-4a88-a9f4-5f1536d797dd",
            "name": "New World Regent"
        }
    },
    {
        "productData": {
            "name": "V Pure Natural Energy Drink Glass Bottle 330ml",
            "productId": "5237753_ea_000",
            "productShopPage": "https://www.newworld.co.nz/shop/product/5237753_ea_000nw",
            "productImageURL": "https://a.fsimg.co.nz/product/retail/fan/image/master/5237753.png",
            "productDescription": "Buy 2 for $5.00.\n\n\nNothing artificial\n\nProduct of New Zealand",
            "volume": "330mL",
            "multipack": {
                "quantity": "1"
            }
        },
        "priceData": {
            "bestPrice": 2.5,
            "price": 2.0,
            "pricePerLitre": 6.0606060606060606,
            "bestPricePerLitre": 7.575757575757575,
            "multiBuy": {
                "quantity": 2.0,
                "value": 5.0,
                "perUnit": 2.5
            }
        },
        "store": {
            "id": "1fc7bc09-1d0c-4a88-a9f4-5f1536d797dd",
            "name": "New World Regent"
        }
    },
    {
        "productData": {
            "name": "Lucozade Original Energy Drink 380ml",
            "productId": "5009240_ea_000",
            "productShopPage": "https://www.newworld.co.nz/shop/product/5009240_ea_000nw",
            "productImageURL": "https://a.fsimg.co.nz/product/retail/fan/image/master/5009240.png",
            "productDescription": "Energy from Glucose.\n\nProduct of New Zealand",
            "volume": "380mL",
            "multipack": {
                "quantity": "1"
            }
        },
        "priceData": {
            "bestPrice": "2.69",
            "price": "2.69",
            "pricePerLitre": 7.08,
            "bestPricePerLitre": 7.08
        },
        "store": {
            "id": "1fc7bc09-1d0c-4a88-a9f4-5f1536d797dd",
            "name": "New World Regent"
        }
    },
    {
        "productData": {
            "name": "Rockstar Watermelon Freeze Energy Drink 500ml",
            "productId": "5257298_ea_000",
            "productShopPage": "https://www.newworld.co.nz/shop/product/5257298_ea_000nw",
            "productImageURL": "https://a.fsimg.co.nz/product/retail/fan/image/master/5257298.png",
            "productDescription": "Buy 3 for $5.00.\n\n\n\n\nProduct of New Zealand",
            "volume": "500mL",
            "multipack": {
                "quantity": "1"
            }
        },
        "priceData": {
            "bestPrice": 1.6666666666666667,
            "price": 1.0,
            "pricePerLitre": 2.0,
            "bestPricePerLitre": 3.3333333333333335,
            "multiBuy": {
                "quantity": 3.0,
                "value": 5.0,
                "perUnit": 1.6666666666666667
            }
        },
        "store": {
            "id": "1fc7bc09-1d0c-4a88-a9f4-5f1536d797dd",
            "name": "New World Regent"
        }
    },
    {
        "productData": {
            "name": "V Pure Natural Energy Drink Can 250ml",
            "productId": "5237735_ea_000",
            "productShopPage": "https://www.newworld.co.nz/shop/product/5237735_ea_000nw",
            "productImageURL": "https://a.fsimg.co.nz/product/retail/fan/image/master/5237735.png",
            "productDescription": "6 natural ingredients; Nothing artificial; Apple juice - Apple and lemon juice is reconstituted; Lemon juice - Apple and lemon juice is reconstituted\n\nProduct of New Zealand",
            "volume": "250mL",
            "multipack": {
                "quantity": "1"
            }
        },
        "priceData": {
            "bestPrice": "1.99",
            "price": "1.99",
            "pricePerLitre": 8.0,
            "bestPricePerLitre": 8.0
        },
        "store": {
            "id": "1fc7bc09-1d0c-4a88-a9f4-5f1536d797dd",
            "name": "New World Regent"
        }
    },
    {
        "productData": {
            "name": "V Raspberry Lemonade Guarana Energy Drink 4pk",
            "productId": "5289907_ea_000",
            "productShopPage": "https://www.newworld.co.nz/shop/product/5289907_ea_000nw",
            "productImageURL": "https://a.fsimg.co.nz/product/retail/fan/image/master/5289907.png",
            "productDescription": "Limit 12 assorted.\n\n\n\n\nProduct of New Zealand",
            "volume": "250mL",
            "multipack": {
                "quantity": "4"
            }
        },
        "priceData": {
            "bestPrice": "5.99",
            "price": "5.99",
            "pricePerLitre": 5.99,
            "bestPricePerLitre": 5.99
        },
        "store": {
            "id": "1fc7bc09-1d0c-4a88-a9f4-5f1536d797dd",
            "name": "New World Regent"
        }
    },
    {
        "productData": {
            "name": "V Raspberry Lemonade Can 500ml",
            "productId": "5264523_ea_000",
            "productShopPage": "https://www.newworld.co.nz/shop/product/5264523_ea_000nw",
            "productImageURL": "https://a.fsimg.co.nz/product/retail/fan/image/master/5264523.png",
            "productDescription": "Product of New Zealand",
            "volume": "500mL",
            "multipack": {
                "quantity": "1"
            }
        },
        "priceData": {
            "bestPrice": "3.49",
            "price": "3.49",
            "pricePerLitre": 7.0,
            "bestPricePerLitre": 7.0
        },
        "store": {
            "id": "1fc7bc09-1d0c-4a88-a9f4-5f1536d797dd",
            "name": "New World Regent"
        }
    },
    {
        "productData": {
            "name": "V Blue Guarana Energy Drink 6pk",
            "productId": "5272988_ea_000",
            "productShopPage": "https://www.newworld.co.nz/shop/product/5272988_ea_000nw",
            "productImageURL": "https://a.fsimg.co.nz/product/retail/fan/image/master/5272988.png",
            "productDescription": "Product of New Zealand",
            "volume": "330mL",
            "multipack": {
                "quantity": "6"
            }
        },
        "priceData": {
            "bestPrice": "11.99",
            "price": "11.99",
            "pricePerLitre": 6.05,
            "bestPricePerLitre": 6.05
        },
        "store": {
            "id": "1fc7bc09-1d0c-4a88-a9f4-5f1536d797dd",
            "name": "New World Regent"
        }
    },
    {
        "productData": {
            "name": "V Blue Can 4pk",
            "productId": "5030249_ea_000",
            "productShopPage": "https://www.newworld.co.nz/shop/product/5030249_ea_000nw",
            "productImageURL": "https://a.fsimg.co.nz/product/retail/fan/image/master/5030249.png",
            "productDescription": "Limit 12 assorted.\n\n\nContains Wheat Derivatives, Caffeine.\n\nProduct of New Zealand",
            "volume": "250mL",
            "multipack": {
                "quantity": "4"
            }
        },
        "priceData": {
            "bestPrice": "5.99",
            "price": "5.99",
            "pricePerLitre": 5.99,
            "bestPricePerLitre": 5.99
        },
        "store": {
            "id": "1fc7bc09-1d0c-4a88-a9f4-5f1536d797dd",
            "name": "New World Regent"
        }
    },
    {
        "productData": {
            "name": "V Energy Drink Sugarfree Cans 4pk",
            "productId": "5004117_ea_000",
            "productShopPage": "https://www.newworld.co.nz/shop/product/5004117_ea_000nw",
            "productImageURL": "https://a.fsimg.co.nz/product/retail/fan/image/master/5004117.png",
            "productDescription": "Limit 12 assorted.\n\n\nSugar Free. Contains Caffeine.\n\nProduct of New Zealand",
            "volume": "250mL",
            "multipack": {
                "quantity": "4"
            }
        },
        "priceData": {
            "bestPrice": "5.99",
            "price": "5.99",
            "pricePerLitre": 5.99,
            "bestPricePerLitre": 5.99
        },
        "store": {
            "id": "1fc7bc09-1d0c-4a88-a9f4-5f1536d797dd",
            "name": "New World Regent"
        }
    },
    {
        "productData": {
            "name": "Monster Mule Energy Drink 500ml",
            "productId": "5269459_ea_000",
            "productShopPage": "https://www.newworld.co.nz/shop/product/5269459_ea_000nw",
            "productImageURL": "https://a.fsimg.co.nz/product/retail/fan/image/master/5269459.png",
            "productDescription": "Product of Imported",
            "volume": "500mL",
            "multipack": {
                "quantity": "1"
            }
        },
        "priceData": {
            "bestPrice": "2.99",
            "price": "2.99",
            "pricePerLitre": 6.0,
            "bestPricePerLitre": 6.0
        },
        "store": {
            "id": "1fc7bc09-1d0c-4a88-a9f4-5f1536d797dd",
            "name": "New World Regent"
        }
    },
    {
        "productData": {
            "name": "V Energy Drink Green Cans 4pk",
            "productId": "5002893_ea_000",
            "productShopPage": "https://www.newworld.co.nz/shop/product/5002893_ea_000nw",
            "productImageURL": "https://a.fsimg.co.nz/product/retail/fan/image/master/5002893.png",
            "productDescription": "Limit 12 assorted.\n\n\nContains Caffeine.\n\nProduct of New Zealand",
            "volume": "250mL",
            "multipack": {
                "quantity": "4"
            }
        },
        "priceData": {
            "bestPrice": "5.99",
            "price": "5.99",
            "pricePerLitre": 5.99,
            "bestPricePerLitre": 5.99
        },
        "store": {
            "id": "1fc7bc09-1d0c-4a88-a9f4-5f1536d797dd",
            "name": "New World Regent"
        }
    },
    {
        "productData": {
            "name": "Monster Ultra Zero Drink 500ml",
            "productId": "5090618_ea_000",
            "productShopPage": "https://www.newworld.co.nz/shop/product/5090618_ea_000nw",
            "productImageURL": "https://a.fsimg.co.nz/product/retail/fan/image/master/5090618.png",
            "productDescription": "A little less sweet, lighter-tasting, zero calories, but with a full load of our Monster energy blend. Sure, white is the new black. Monster Energy Zero Ultra. Unleash the Ultra Beast!\n\nProduct of Imported",
            "volume": "500mL",
            "multipack": {
                "quantity": "1"
            }
        },
        "priceData": {
            "bestPrice": "2.99",
            "price": "2.99",
            "pricePerLitre": 6.0,
            "bestPricePerLitre": 6.0
        },
        "store": {
            "id": "1fc7bc09-1d0c-4a88-a9f4-5f1536d797dd",
            "name": "New World Regent"
        }
    },
    {
        "productData": {
            "name": "Mother Energy Drink Can 500ml",
            "productId": "5011153_ea_000",
            "productShopPage": "https://www.newworld.co.nz/shop/product/5011153_ea_000nw",
            "productImageURL": "https://a.fsimg.co.nz/product/retail/fan/image/master/5011153.png",
            "productDescription": "Contains Caffeine.\n\nProduct of New Zealand",
            "volume": "500mL",
            "multipack": {
                "quantity": "1"
            }
        },
        "priceData": {
            "bestPrice": "1.99",
            "price": "1.99",
            "pricePerLitre": 4.0,
            "bestPricePerLitre": 4.0
        },
        "store": {
            "id": "1fc7bc09-1d0c-4a88-a9f4-5f1536d797dd",
            "name": "New World Regent"
        }
    },
    {
        "productData": {
            "name": "Monster Super Fuel Purple Passion Energy Drink 550ml",
            "productId": "5284332_ea_000",
            "productShopPage": "https://www.newworld.co.nz/shop/product/5284332_ea_000nw",
            "productImageURL": "https://a.fsimg.co.nz/product/retail/fan/image/master/5284332.png",
            "productDescription": "Product of Imported",
            "volume": "550mL",
            "multipack": {
                "quantity": "1"
            }
        },
        "priceData": {
            "bestPrice": "3.49",
            "price": "3.49",
            "pricePerLitre": 6.345454545454546,
            "bestPricePerLitre": 6.345454545454546
        },
        "store": {
            "id": "1fc7bc09-1d0c-4a88-a9f4-5f1536d797dd",
            "name": "New World Regent"
        }
    },
    {
        "productData": {
            "name": "Mother Energy Drink Can 6pk",
            "productId": "5009490_ea_000",
            "productShopPage": "https://www.newworld.co.nz/shop/product/5009490_ea_000nw",
            "productImageURL": "https://a.fsimg.co.nz/product/retail/fan/image/master/5009490.png",
            "productDescription": "Contains Caffeine.\n\nProduct of New Zealand",
            "volume": "250mL",
            "multipack": {
                "quantity": "6"
            }
        },
        "priceData": {
            "bestPrice": "7.49",
            "price": "7.49",
            "pricePerLitre": 5.0,
            "bestPricePerLitre": 5.0
        },
        "store": {
            "id": "1fc7bc09-1d0c-4a88-a9f4-5f1536d797dd",
            "name": "New World Regent"
        }
    },
    {
        "productData": {
            "name": "Monster Energy Drink 500ml",
            "productId": "5007647_ea_000",
            "productShopPage": "https://www.newworld.co.nz/shop/product/5007647_ea_000nw",
            "productImageURL": "https://a.fsimg.co.nz/product/retail/fan/image/master/5007647.png",
            "productDescription": "Contains Caffeine.\n\nProduct of Imported",
            "volume": "500mL",
            "multipack": {
                "quantity": "1"
            }
        },
        "priceData": {
            "bestPrice": "2.99",
            "price": "2.99",
            "pricePerLitre": 6.0,
            "bestPricePerLitre": 6.0
        },
        "store": {
            "id": "1fc7bc09-1d0c-4a88-a9f4-5f1536d797dd",
            "name": "New World Regent"
        }
    },
    {
        "productData": {
            "name": "V Sugarfree Guarana Energy Drink 4pk",
            "productId": "5210130_ea_000",
            "productShopPage": "https://www.newworld.co.nz/shop/product/5210130_ea_000nw",
            "productImageURL": "https://a.fsimg.co.nz/product/retail/fan/image/master/5210130.png",
            "productDescription": "Sugarfree\n\nProduct of New Zealand",
            "volume": "275mL",
            "multipack": {
                "quantity": "4"
            }
        },
        "priceData": {
            "bestPrice": "5.99",
            "price": "5.99",
            "pricePerLitre": 5.4,
            "bestPricePerLitre": 5.4
        },
        "store": {
            "id": "1fc7bc09-1d0c-4a88-a9f4-5f1536d797dd",
            "name": "New World Regent"
        }
    },
    {
        "productData": {
            "name": "Monster Energy Drink 4pk",
            "productId": "5107264_ea_000",
            "productShopPage": "https://www.newworld.co.nz/shop/product/5107264_ea_000nw",
            "productImageURL": "https://a.fsimg.co.nz/product/retail/fan/image/master/5107264.png",
            "productDescription": "Product of Imported",
            "volume": "",
            "multipack": {
                "quantity": ""
            }
        },
        "priceData": {
            "bestPrice": "11.99",
            "price": "11.99",
            "pricePerLitre": 6.0,
            "bestPricePerLitre": 6.0
        },
        "store": {
            "id": "1fc7bc09-1d0c-4a88-a9f4-5f1536d797dd",
            "name": "New World Regent"
        }
    },
    {
        "productData": {
            "name": "V Sugarfree Guarana Energy Drink 500ml",
            "productId": "5007644_ea_000",
            "productShopPage": "https://www.newworld.co.nz/shop/product/5007644_ea_000nw",
            "productImageURL": "https://a.fsimg.co.nz/product/retail/fan/image/master/5007644.png",
            "productDescription": "Sugar Free.\n\nProduct of New Zealand",
            "volume": "500mL",
            "multipack": {
                "quantity": "1"
            }
        },
        "priceData": {
            "bestPrice": "3.49",
            "price": "3.49",
            "pricePerLitre": 7.0,
            "bestPricePerLitre": 7.0
        },
        "store": {
            "id": "1fc7bc09-1d0c-4a88-a9f4-5f1536d797dd",
            "name": "New World Regent"
        }
    },
    {
        "productData": {
            "name": "V Original Guarana Energy Drink 500ml",
            "productId": "5004703_ea_000",
            "productShopPage": "https://www.newworld.co.nz/shop/product/5004703_ea_000nw",
            "productImageURL": "https://a.fsimg.co.nz/product/retail/fan/image/master/5004703.png",
            "productDescription": "Contains Caffeine.\n\nProduct of New Zealand",
            "volume": "500mL",
            "multipack": {
                "quantity": "1"
            }
        },
        "priceData": {
            "bestPrice": "3.49",
            "price": "3.49",
            "pricePerLitre": 7.0,
            "bestPricePerLitre": 7.0
        },
        "store": {
            "id": "1fc7bc09-1d0c-4a88-a9f4-5f1536d797dd",
            "name": "New World Regent"
        }
    },
    {
        "productData": {
            "name": "V Original Guarana Energy Drink 500ml",
            "productId": "5007441_ea_000",
            "productShopPage": "https://www.newworld.co.nz/shop/product/5007441_ea_000nw",
            "productImageURL": "https://a.fsimg.co.nz/product/retail/fan/image/master/5007441.png",
            "productDescription": "Buy 2 for $5.00.\n\n\nContains Wheat Derivatives, Caffeine.\n\nProduct of New Zealand",
            "volume": "500mL",
            "multipack": {
                "quantity": "1"
            }
        },
        "priceData": {
            "bestPrice": 2.5,
            "price": 2.0,
            "pricePerLitre": 4.0,
            "bestPricePerLitre": 5.0,
            "multiBuy": {
                "quantity": 2.0,
                "value": 5.0,
                "perUnit": 2.5
            }
        },
        "store": {
            "id": "1fc7bc09-1d0c-4a88-a9f4-5f1536d797dd",
            "name": "New World Regent"
        }
    },
    {
        "productData": {
            "name": "V Blue Guarana Energy Drink 10pk",
            "productId": "5290181_ea_000",
            "productShopPage": "https://www.newworld.co.nz/shop/product/5290181_ea_000nw",
            "productImageURL": "https://a.fsimg.co.nz/product/retail/fan/image/master/5290181.png",
            "productDescription": "Product of New Zealand",
            "volume": "250mL",
            "multipack": {
                "quantity": "10"
            }
        },
        "priceData": {
            "bestPrice": "17.99",
            "price": "17.99",
            "pricePerLitre": 7.2,
            "bestPricePerLitre": 7.2
        },
        "store": {
            "id": "c8998066-d39b-401c-aa6b-d6d18f8d122f",
            "name": "New World New Lynn"
        }
    },
    {
        "productData": {
            "name": "V Blue Guarana Energy Drink 250ml",
            "productId": "5007495_ea_000",
            "productShopPage": "https://www.newworld.co.nz/shop/product/5007495_ea_000nw",
            "productImageURL": "https://a.fsimg.co.nz/product/retail/fan/image/master/5007495.png",
            "productDescription": "Contains Caffeine, Wheat Derivatives.\n\nProduct of New Zealand",
            "volume": "250mL",
            "multipack": {
                "quantity": "1"
            }
        },
        "priceData": {
            "bestPrice": "1.99",
            "price": "1.99",
            "pricePerLitre": 8.0,
            "bestPricePerLitre": 8.0
        },
        "store": {
            "id": "c8998066-d39b-401c-aa6b-d6d18f8d122f",
            "name": "New World New Lynn"
        }
    },
    {
        "productData": {
            "name": "V Sugarfree Guarana Energy Drink 250ml",
            "productId": "5001639_ea_000",
            "productShopPage": "https://www.newworld.co.nz/shop/product/5001639_ea_000nw",
            "productImageURL": "https://a.fsimg.co.nz/product/retail/fan/image/master/5001639.png",
            "productDescription": "Sugar Free. Contains Caffeine.\n\nProduct of New Zealand",
            "volume": "250mL",
            "multipack": {
                "quantity": "1"
            }
        },
        "priceData": {
            "bestPrice": "1.99",
            "price": "1.99",
            "pricePerLitre": 8.0,
            "bestPricePerLitre": 8.0
        },
        "store": {
            "id": "c8998066-d39b-401c-aa6b-d6d18f8d122f",
            "name": "New World New Lynn"
        }
    },
    {
        "productData": {
            "name": "V Sugarfree Guarana Energy Drink 10pk",
            "productId": "5289890_ea_000",
            "productShopPage": "https://www.newworld.co.nz/shop/product/5289890_ea_000nw",
            "productImageURL": "https://a.fsimg.co.nz/product/retail/fan/image/master/5289890.png",
            "productDescription": "Product of New Zealand",
            "volume": "",
            "multipack": {
                "quantity": ""
            }
        },
        "priceData": {
            "bestPrice": "17.99",
            "price": "17.99",
            "pricePerLitre": 72.0,
            "bestPricePerLitre": 72.0
        },
        "store": {
            "id": "c8998066-d39b-401c-aa6b-d6d18f8d122f",
            "name": "New World New Lynn"
        }
    },
    {
        "productData": {
            "name": "V Raspberry Lemonade Guarana Energy Drink 4pk",
            "productId": "5264576_ea_000",
            "productShopPage": "https://www.newworld.co.nz/shop/product/5264576_ea_000nw",
            "productImageURL": "https://a.fsimg.co.nz/product/retail/fan/image/master/5264576.png",
            "productDescription": "Product of New Zealand",
            "volume": "275mL",
            "multipack": {
                "quantity": "4"
            }
        },
        "priceData": {
            "bestPrice": "5.99",
            "price": "5.99",
            "pricePerLitre": 5.45,
            "bestPricePerLitre": 5.45
        },
        "store": {
            "id": "c8998066-d39b-401c-aa6b-d6d18f8d122f",
            "name": "New World New Lynn"
        }
    },
    {
        "productData": {
            "name": "V Green Guarana Energy Drink 10pk",
            "productId": "5289889_ea_000",
            "productShopPage": "https://www.newworld.co.nz/shop/product/5289889_ea_000nw",
            "productImageURL": "https://a.fsimg.co.nz/product/retail/fan/image/master/5289889.png",
            "productDescription": "Product of New Zealand",
            "volume": "250mL",
            "multipack": {
                "quantity": "10"
            }
        },
        "priceData": {
            "bestPrice": "17.99",
            "price": "17.99",
            "pricePerLitre": 7.2,
            "bestPricePerLitre": 7.2
        },
        "store": {
            "id": "c8998066-d39b-401c-aa6b-d6d18f8d122f",
            "name": "New World New Lynn"
        }
    },
    {
        "productData": {
            "name": "V Sugarfree Blue Guarana Energy Drink 500ml",
            "productId": "5283362_ea_000",
            "productShopPage": "https://www.newworld.co.nz/shop/product/5283362_ea_000nw",
            "productImageURL": "https://a.fsimg.co.nz/product/retail/fan/image/master/5283362.png",
            "productDescription": "Sugar free\n\nProduct of New Zealand",
            "volume": "500mL",
            "multipack": {
                "quantity": "1"
            }
        },
        "priceData": {
            "bestPrice": "3.49",
            "price": "3.49",
            "pricePerLitre": 7.0,
            "bestPricePerLitre": 7.0
        },
        "store": {
            "id": "c8998066-d39b-401c-aa6b-d6d18f8d122f",
            "name": "New World New Lynn"
        }
    },
    {
        "productData": {
            "name": "V Original Guarana Energy Drink 350ml",
            "productId": "5003156_ea_000",
            "productShopPage": "https://www.newworld.co.nz/shop/product/5003156_ea_000nw",
            "productImageURL": "https://a.fsimg.co.nz/product/retail/fan/image/master/5003156.png",
            "productDescription": "Buy 2 for $5.00.\n\n\nContains Caffeine.\n\nProduct of New Zealand",
            "volume": "350mL",
            "multipack": {
                "quantity": "1"
            }
        },
        "priceData": {
            "bestPrice": 2.5,
            "price": 2.0,
            "pricePerLitre": 5.714285714285714,
            "bestPricePerLitre": 7.142857142857143,
            "multiBuy": {
                "quantity": 2.0,
                "value": 5.0,
                "perUnit": 2.5
            }
        },
        "store": {
            "id": "c8998066-d39b-401c-aa6b-d6d18f8d122f",
            "name": "New World New Lynn"
        }
    },
    {
        "productData": {
            "name": "V Blue Guarana Energy Drink 4pk",
            "productId": "5210055_ea_000",
            "productShopPage": "https://www.newworld.co.nz/shop/product/5210055_ea_000nw",
            "productImageURL": "https://a.fsimg.co.nz/product/retail/fan/image/master/5210055.png",
            "productDescription": "Product of New Zealand",
            "volume": "275mL",
            "multipack": {
                "quantity": "4"
            }
        },
        "priceData": {
            "bestPrice": "5.99",
            "price": "5.99",
            "pricePerLitre": 5.4,
            "bestPricePerLitre": 5.4
        },
        "store": {
            "id": "c8998066-d39b-401c-aa6b-d6d18f8d122f",
            "name": "New World New Lynn"
        }
    },
    {
        "productData": {
            "name": "V Blue Guarana Energy Drink 350ml",
            "productId": "5007492_ea_000",
            "productShopPage": "https://www.newworld.co.nz/shop/product/5007492_ea_000nw",
            "productImageURL": "https://a.fsimg.co.nz/product/retail/fan/image/master/5007492.png",
            "productDescription": "Buy 2 for $5.00.\n\n\nContains Caffeine, Wheat Derivatives.\n\nProduct of New Zealand",
            "volume": "350mL",
            "multipack": {
                "quantity": "1"
            }
        },
        "priceData": {
            "bestPrice": 2.5,
            "price": 2.0,
            "pricePerLitre": 5.714285714285714,
            "bestPricePerLitre": 7.142857142857143,
            "multiBuy": {
                "quantity": 2.0,
                "value": 5.0,
                "perUnit": 2.5
            }
        },
        "store": {
            "id": "c8998066-d39b-401c-aa6b-d6d18f8d122f",
            "name": "New World New Lynn"
        }
    },
    {
        "productData": {
            "name": "V Blue Energy Drink 500ml",
            "productId": "5020662_ea_000",
            "productShopPage": "https://www.newworld.co.nz/shop/product/5020662_ea_000nw",
            "productImageURL": "https://a.fsimg.co.nz/product/retail/fan/image/master/5020662.png",
            "productDescription": "Buy 2 for $5.00.\n\n\n\n\nProduct of New Zealand",
            "volume": "500mL",
            "multipack": {
                "quantity": "1"
            }
        },
        "priceData": {
            "bestPrice": 2.5,
            "price": 2.0,
            "pricePerLitre": 4.0,
            "bestPricePerLitre": 5.0,
            "multiBuy": {
                "quantity": 2.0,
                "value": 5.0,
                "perUnit": 2.5
            }
        },
        "store": {
            "id": "c8998066-d39b-401c-aa6b-d6d18f8d122f",
            "name": "New World New Lynn"
        }
    },
    {
        "productData": {
            "name": "V Blue Guarana Energy Drink 500ml",
            "productId": "5007494_ea_000",
            "productShopPage": "https://www.newworld.co.nz/shop/product/5007494_ea_000nw",
            "productImageURL": "https://a.fsimg.co.nz/product/retail/fan/image/master/5007494.png",
            "productDescription": "Contains Wheat Derivatives, Caffeine.\n\nProduct of New Zealand",
            "volume": "500mL",
            "multipack": {
                "quantity": "1"
            }
        },
        "priceData": {
            "bestPrice": "3.49",
            "price": "3.49",
            "pricePerLitre": 7.0,
            "bestPricePerLitre": 7.0
        },
        "store": {
            "id": "c8998066-d39b-401c-aa6b-d6d18f8d122f",
            "name": "New World New Lynn"
        }
    },
    {
        "productData": {
            "name": "Red Bull Energy Drink 473ml",
            "productId": "5005255_ea_000",
            "productShopPage": "https://www.newworld.co.nz/shop/product/5005255_ea_000nw",
            "productImageURL": "https://a.fsimg.co.nz/product/retail/fan/image/master/5005255.png",
            "productDescription": "Red Bull Energy Drink's special formula contains ingredients of high quality: Caffeine, Taurine, B-Group Vitamins, Sugars, Alpine Water.One 250ml can of Red Bull Energy Drinks contains 80 mg of caffeine, about the same amount as in a cup of home-brewed coffee.The amount of sugars in a can of Red Bull Energy Drink is comparable to the level of sugars in an equivalent amount of apple or orange juice – 11 g per 100ml.Red Bull cans are made of 100% recyclable aluminium.Red Bull Energy Drink 473ml canVitalizes Body and Mind.®RED BULL GIVES YOU WINGSInspired by functional drinks from the Far East, Dietrich Mateschitz founded Red Bull in the mid-1980s. He developed a new product and a unique marketing concept and launched Red Bull Energy Drink on April 1, 1987 in Austria. A brand new product category - Energy Drinks - was born.\n\nProduct of Imported",
            "volume": "473mL",
            "multipack": {
                "quantity": "1"
            }
        },
        "priceData": {
            "bestPrice": "3.59",
            "price": "3.59",
            "pricePerLitre": 7.6,
            "bestPricePerLitre": 7.6
        },
        "store": {
            "id": "c8998066-d39b-401c-aa6b-d6d18f8d122f",
            "name": "New World New Lynn"
        }
    },
    {
        "productData": {
            "name": "V Original Guarana Energy Drink 250ml",
            "productId": "5003151_ea_000",
            "productShopPage": "https://www.newworld.co.nz/shop/product/5003151_ea_000nw",
            "productImageURL": "https://a.fsimg.co.nz/product/retail/fan/image/master/5003151.png",
            "productDescription": "Contains Caffeine.\n\nProduct of New Zealand",
            "volume": "250mL",
            "multipack": {
                "quantity": "1"
            }
        },
        "priceData": {
            "bestPrice": "1.99",
            "price": "1.99",
            "pricePerLitre": 8.0,
            "bestPricePerLitre": 8.0
        },
        "store": {
            "id": "c8998066-d39b-401c-aa6b-d6d18f8d122f",
            "name": "New World New Lynn"
        }
    },
    {
        "productData": {
            "name": "Red Bull Energy Drink 250ml Cans 4pk",
            "productId": "5001443_ea_000",
            "productShopPage": "https://www.newworld.co.nz/shop/product/5001443_ea_000nw",
            "productImageURL": "https://a.fsimg.co.nz/product/retail/fan/image/master/5001443.png",
            "productDescription": "Red Bull Energy Drink's special formula contains ingredients of high quality: Caffeine, Taurine, B-Group Vitamins, Sugars, Alpine Water.One 250ml can of Red Bull Energy Drinks contains 80 mg of caffeine, about the same amount as in a cup of home-brewed coffee.The amount of sugars in a can of Red Bull Energy Drink is comparable to the level of sugars in an equivalent amount of apple or orange juice – 11 g per 100ml.Red Bull cans are made of 100% recyclable aluminium.Pack of four 250ml Red Bull Energy Drink cansVitalizes Body and Mind.®RED BULL GIVES YOU WINGSInspired by functional drinks from the Far East, Dietrich Mateschitz founded Red Bull in the mid-1980s. He developed a new product and a unique marketing concept and launched Red Bull Energy Drink on April 1, 1987 in Austria. A brand new product category - Energy Drinks - was born.",
            "volume": "250mL",
            "multipack": {
                "quantity": "4"
            }
        },
        "priceData": {
            "bestPrice": "8.29",
            "price": "8.29",
            "pricePerLitre": 8.299999999999999,
            "bestPricePerLitre": 8.299999999999999
        },
        "store": {
            "id": "c8998066-d39b-401c-aa6b-d6d18f8d122f",
            "name": "New World New Lynn"
        }
    },
    {
        "productData": {
            "name": "Lucozade Orange Energy Drink 380ml",
            "productId": "5009239_ea_000",
            "productShopPage": "https://www.newworld.co.nz/shop/product/5009239_ea_000nw",
            "productImageURL": "https://a.fsimg.co.nz/product/retail/fan/image/master/5009239.png",
            "productDescription": "Powered by Glucose.\n\nProduct of New Zealand",
            "volume": "380mL",
            "multipack": {
                "quantity": "1"
            }
        },
        "priceData": {
            "bestPrice": "2.69",
            "price": "2.69",
            "pricePerLitre": 7.08,
            "bestPricePerLitre": 7.08
        },
        "store": {
            "id": "c8998066-d39b-401c-aa6b-d6d18f8d122f",
            "name": "New World New Lynn"
        }
    },
    {
        "productData": {
            "name": "Lucozade Original Energy Drink 380ml",
            "productId": "5009240_ea_000",
            "productShopPage": "https://www.newworld.co.nz/shop/product/5009240_ea_000nw",
            "productImageURL": "https://a.fsimg.co.nz/product/retail/fan/image/master/5009240.png",
            "productDescription": "Energy from Glucose.\n\nProduct of New Zealand",
            "volume": "380mL",
            "multipack": {
                "quantity": "1"
            }
        },
        "priceData": {
            "bestPrice": "2.69",
            "price": "2.69",
            "pricePerLitre": 7.08,
            "bestPricePerLitre": 7.08
        },
        "store": {
            "id": "c8998066-d39b-401c-aa6b-d6d18f8d122f",
            "name": "New World New Lynn"
        }
    },
    {
        "productData": {
            "name": "Rockstar Watermelon Freeze Energy Drink 500ml",
            "productId": "5257298_ea_000",
            "productShopPage": "https://www.newworld.co.nz/shop/product/5257298_ea_000nw",
            "productImageURL": "https://a.fsimg.co.nz/product/retail/fan/image/master/5257298.png",
            "productDescription": "Buy 3 for $5.00.\n\n\n\n\nProduct of New Zealand",
            "volume": "500mL",
            "multipack": {
                "quantity": "1"
            }
        },
        "priceData": {
            "bestPrice": 1.6666666666666667,
            "price": 1.0,
            "pricePerLitre": 2.0,
            "bestPricePerLitre": 3.3333333333333335,
            "multiBuy": {
                "quantity": 3.0,
                "value": 5.0,
                "perUnit": 1.6666666666666667
            }
        },
        "store": {
            "id": "c8998066-d39b-401c-aa6b-d6d18f8d122f",
            "name": "New World New Lynn"
        }
    },
    {
        "productData": {
            "name": "V Pure Natural Energy Drink Can 250ml",
            "productId": "5237735_ea_000",
            "productShopPage": "https://www.newworld.co.nz/shop/product/5237735_ea_000nw",
            "productImageURL": "https://a.fsimg.co.nz/product/retail/fan/image/master/5237735.png",
            "productDescription": "6 natural ingredients; Nothing artificial; Apple juice - Apple and lemon juice is reconstituted; Lemon juice - Apple and lemon juice is reconstituted\n\nProduct of New Zealand",
            "volume": "250mL",
            "multipack": {
                "quantity": "1"
            }
        },
        "priceData": {
            "bestPrice": "1.99",
            "price": "1.99",
            "pricePerLitre": 8.0,
            "bestPricePerLitre": 8.0
        },
        "store": {
            "id": "c8998066-d39b-401c-aa6b-d6d18f8d122f",
            "name": "New World New Lynn"
        }
    },
    {
        "productData": {
            "name": "Rockstar Original Energy Drink 500ml",
            "productId": "5215383_ea_000",
            "productShopPage": "https://www.newworld.co.nz/shop/product/5215383_ea_000nw",
            "productImageURL": "https://a.fsimg.co.nz/product/retail/fan/image/master/5215383.png",
            "productDescription": "Buy 3 for $5.00.\n\n\nCaffeine; B vitamins; Vitamin C; Taurine; Ginseng\n\nProduct of New Zealand",
            "volume": "500mL",
            "multipack": {
                "quantity": "1"
            }
        },
        "priceData": {
            "bestPrice": 1.6666666666666667,
            "price": 1.0,
            "pricePerLitre": 2.0,
            "bestPricePerLitre": 3.3333333333333335,
            "multiBuy": {
                "quantity": 3.0,
                "value": 5.0,
                "perUnit": 1.6666666666666667
            }
        },
        "store": {
            "id": "c8998066-d39b-401c-aa6b-d6d18f8d122f",
            "name": "New World New Lynn"
        }
    },
    {
        "productData": {
            "name": "V Raspberry Lemonade Can 500ml",
            "productId": "5264523_ea_000",
            "productShopPage": "https://www.newworld.co.nz/shop/product/5264523_ea_000nw",
            "productImageURL": "https://a.fsimg.co.nz/product/retail/fan/image/master/5264523.png",
            "productDescription": "Product of New Zealand",
            "volume": "500mL",
            "multipack": {
                "quantity": "1"
            }
        },
        "priceData": {
            "bestPrice": "3.49",
            "price": "3.49",
            "pricePerLitre": 7.0,
            "bestPricePerLitre": 7.0
        },
        "store": {
            "id": "c8998066-d39b-401c-aa6b-d6d18f8d122f",
            "name": "New World New Lynn"
        }
    },
    {
        "productData": {
            "name": "V Blue Guarana Energy Drink 6pk",
            "productId": "5272988_ea_000",
            "productShopPage": "https://www.newworld.co.nz/shop/product/5272988_ea_000nw",
            "productImageURL": "https://a.fsimg.co.nz/product/retail/fan/image/master/5272988.png",
            "productDescription": "Product of New Zealand",
            "volume": "330mL",
            "multipack": {
                "quantity": "6"
            }
        },
        "priceData": {
            "bestPrice": "11.99",
            "price": "11.99",
            "pricePerLitre": 6.05,
            "bestPricePerLitre": 6.05
        },
        "store": {
            "id": "c8998066-d39b-401c-aa6b-d6d18f8d122f",
            "name": "New World New Lynn"
        }
    },
    {
        "productData": {
            "name": "Monster Mango Loco Energy Drink 500ml",
            "productId": "5242374_ea_000",
            "productShopPage": "https://www.newworld.co.nz/shop/product/5242374_ea_000nw",
            "productImageURL": "https://a.fsimg.co.nz/product/retail/fan/image/master/5242374.png",
            "productDescription": "Product of Imported",
            "volume": "500mL",
            "multipack": {
                "quantity": "1"
            }
        },
        "priceData": {
            "bestPrice": "2.99",
            "price": "2.99",
            "pricePerLitre": 6.0,
            "bestPricePerLitre": 6.0
        },
        "store": {
            "id": "c8998066-d39b-401c-aa6b-d6d18f8d122f",
            "name": "New World New Lynn"
        }
    },
    {
        "productData": {
            "name": "Monster Zero Sugar Ultra Rosa Energy Drink 500ml",
            "productId": "5278094_ea_000",
            "productShopPage": "https://www.newworld.co.nz/shop/product/5278094_ea_000nw",
            "productImageURL": "https://a.fsimg.co.nz/product/retail/fan/image/master/5278094.png",
            "productDescription": "Product of Imported",
            "volume": "500mL",
            "multipack": {
                "quantity": "1"
            }
        },
        "priceData": {
            "bestPrice": "2.99",
            "price": "2.99",
            "pricePerLitre": 6.0,
            "bestPricePerLitre": 6.0
        },
        "store": {
            "id": "c8998066-d39b-401c-aa6b-d6d18f8d122f",
            "name": "New World New Lynn"
        }
    },
    {
        "productData": {
            "name": "Monster Mule Energy Drink 500ml",
            "productId": "5269459_ea_000",
            "productShopPage": "https://www.newworld.co.nz/shop/product/5269459_ea_000nw",
            "productImageURL": "https://a.fsimg.co.nz/product/retail/fan/image/master/5269459.png",
            "productDescription": "Product of Imported",
            "volume": "500mL",
            "multipack": {
                "quantity": "1"
            }
        },
        "priceData": {
            "bestPrice": "2.99",
            "price": "2.99",
            "pricePerLitre": 6.0,
            "bestPricePerLitre": 6.0
        },
        "store": {
            "id": "c8998066-d39b-401c-aa6b-d6d18f8d122f",
            "name": "New World New Lynn"
        }
    },
    {
        "productData": {
            "name": "Monster Ultra Zero Drink 500ml",
            "productId": "5090618_ea_000",
            "productShopPage": "https://www.newworld.co.nz/shop/product/5090618_ea_000nw",
            "productImageURL": "https://a.fsimg.co.nz/product/retail/fan/image/master/5090618.png",
            "productDescription": "A little less sweet, lighter-tasting, zero calories, but with a full load of our Monster energy blend. Sure, white is the new black. Monster Energy Zero Ultra. Unleash the Ultra Beast!\n\nProduct of Imported",
            "volume": "500mL",
            "multipack": {
                "quantity": "1"
            }
        },
        "priceData": {
            "bestPrice": "2.99",
            "price": "2.99",
            "pricePerLitre": 6.0,
            "bestPricePerLitre": 6.0
        },
        "store": {
            "id": "c8998066-d39b-401c-aa6b-d6d18f8d122f",
            "name": "New World New Lynn"
        }
    },
    {
        "productData": {
            "name": "Monster Super Fuel Zero Sugar Energy Drink 550ml",
            "productId": "5284331_ea_000",
            "productShopPage": "https://www.newworld.co.nz/shop/product/5284331_ea_000nw",
            "productImageURL": "https://a.fsimg.co.nz/product/retail/fan/image/master/5284331.png",
            "productDescription": "Product of Imported",
            "volume": "550mL",
            "multipack": {
                "quantity": "1"
            }
        },
        "priceData": {
            "bestPrice": "3.49",
            "price": "3.49",
            "pricePerLitre": 6.345454545454546,
            "bestPricePerLitre": 6.345454545454546
        },
        "store": {
            "id": "c8998066-d39b-401c-aa6b-d6d18f8d122f",
            "name": "New World New Lynn"
        }
    },
    {
        "productData": {
            "name": "Mother Energy Drink Can 500ml",
            "productId": "5011153_ea_000",
            "productShopPage": "https://www.newworld.co.nz/shop/product/5011153_ea_000nw",
            "productImageURL": "https://a.fsimg.co.nz/product/retail/fan/image/master/5011153.png",
            "productDescription": "Contains Caffeine.\n\nProduct of New Zealand",
            "volume": "500mL",
            "multipack": {
                "quantity": "1"
            }
        },
        "priceData": {
            "bestPrice": "1.99",
            "price": "1.99",
            "pricePerLitre": 4.0,
            "bestPricePerLitre": 4.0
        },
        "store": {
            "id": "c8998066-d39b-401c-aa6b-d6d18f8d122f",
            "name": "New World New Lynn"
        }
    },
    {
        "productData": {
            "name": "Monster Super Fuel Purple Passion Energy Drink 550ml",
            "productId": "5284332_ea_000",
            "productShopPage": "https://www.newworld.co.nz/shop/product/5284332_ea_000nw",
            "productImageURL": "https://a.fsimg.co.nz/product/retail/fan/image/master/5284332.png",
            "productDescription": "Product of Imported",
            "volume": "550mL",
            "multipack": {
                "quantity": "1"
            }
        },
        "priceData": {
            "bestPrice": "3.49",
            "price": "3.49",
            "pricePerLitre": 6.345454545454546,
            "bestPricePerLitre": 6.345454545454546
        },
        "store": {
            "id": "c8998066-d39b-401c-aa6b-d6d18f8d122f",
            "name": "New World New Lynn"
        }
    },
    {
        "productData": {
            "name": "Mother Energy Drink Can 6pk",
            "productId": "5009490_ea_000",
            "productShopPage": "https://www.newworld.co.nz/shop/product/5009490_ea_000nw",
            "productImageURL": "https://a.fsimg.co.nz/product/retail/fan/image/master/5009490.png",
            "productDescription": "Contains Caffeine.\n\nProduct of New Zealand",
            "volume": "250mL",
            "multipack": {
                "quantity": "6"
            }
        },
        "priceData": {
            "bestPrice": "7.49",
            "price": "7.49",
            "pricePerLitre": 5.0,
            "bestPricePerLitre": 5.0
        },
        "store": {
            "id": "c8998066-d39b-401c-aa6b-d6d18f8d122f",
            "name": "New World New Lynn"
        }
    },
    {
        "productData": {
            "name": "Monster Pipeline Punch Energy Drink 500ml",
            "productId": "5242373_ea_000",
            "productShopPage": "https://www.newworld.co.nz/shop/product/5242373_ea_000nw",
            "productImageURL": "https://a.fsimg.co.nz/product/retail/fan/image/master/5242373.png",
            "productDescription": "Product of Imported",
            "volume": "500mL",
            "multipack": {
                "quantity": "1"
            }
        },
        "priceData": {
            "bestPrice": "2.99",
            "price": "2.99",
            "pricePerLitre": 6.0,
            "bestPricePerLitre": 6.0
        },
        "store": {
            "id": "c8998066-d39b-401c-aa6b-d6d18f8d122f",
            "name": "New World New Lynn"
        }
    },
    {
        "productData": {
            "name": "Monster Energy Drink 500ml",
            "productId": "5007647_ea_000",
            "productShopPage": "https://www.newworld.co.nz/shop/product/5007647_ea_000nw",
            "productImageURL": "https://a.fsimg.co.nz/product/retail/fan/image/master/5007647.png",
            "productDescription": "Contains Caffeine.\n\nProduct of Imported",
            "volume": "500mL",
            "multipack": {
                "quantity": "1"
            }
        },
        "priceData": {
            "bestPrice": "2.99",
            "price": "2.99",
            "pricePerLitre": 6.0,
            "bestPricePerLitre": 6.0
        },
        "store": {
            "id": "c8998066-d39b-401c-aa6b-d6d18f8d122f",
            "name": "New World New Lynn"
        }
    },
    {
        "productData": {
            "name": "V Sugarfree Guarana Energy Drink 4pk",
            "productId": "5210130_ea_000",
            "productShopPage": "https://www.newworld.co.nz/shop/product/5210130_ea_000nw",
            "productImageURL": "https://a.fsimg.co.nz/product/retail/fan/image/master/5210130.png",
            "productDescription": "Sugarfree\n\nProduct of New Zealand",
            "volume": "275mL",
            "multipack": {
                "quantity": "4"
            }
        },
        "priceData": {
            "bestPrice": "5.99",
            "price": "5.99",
            "pricePerLitre": 5.4,
            "bestPricePerLitre": 5.4
        },
        "store": {
            "id": "c8998066-d39b-401c-aa6b-d6d18f8d122f",
            "name": "New World New Lynn"
        }
    },
    {
        "productData": {
            "name": "Monster Energy Drink 4pk",
            "productId": "5107264_ea_000",
            "productShopPage": "https://www.newworld.co.nz/shop/product/5107264_ea_000nw",
            "productImageURL": "https://a.fsimg.co.nz/product/retail/fan/image/master/5107264.png",
            "productDescription": "Product of Imported",
            "volume": "",
            "multipack": {
                "quantity": ""
            }
        },
        "priceData": {
            "bestPrice": "11.99",
            "price": "11.99",
            "pricePerLitre": 6.0,
            "bestPricePerLitre": 6.0
        },
        "store": {
            "id": "c8998066-d39b-401c-aa6b-d6d18f8d122f",
            "name": "New World New Lynn"
        }
    },
    {
        "productData": {
            "name": "V Sugarfree Guarana Energy Drink 500ml",
            "productId": "5007644_ea_000",
            "productShopPage": "https://www.newworld.co.nz/shop/product/5007644_ea_000nw",
            "productImageURL": "https://a.fsimg.co.nz/product/retail/fan/image/master/5007644.png",
            "productDescription": "Sugar Free.\n\nProduct of New Zealand",
            "volume": "500mL",
            "multipack": {
                "quantity": "1"
            }
        },
        "priceData": {
            "bestPrice": "3.49",
            "price": "3.49",
            "pricePerLitre": 7.0,
            "bestPricePerLitre": 7.0
        },
        "store": {
            "id": "c8998066-d39b-401c-aa6b-d6d18f8d122f",
            "name": "New World New Lynn"
        }
    },
    {
        "productData": {
            "name": "V Original Guarana Energy Drink 500ml",
            "productId": "5004703_ea_000",
            "productShopPage": "https://www.newworld.co.nz/shop/product/5004703_ea_000nw",
            "productImageURL": "https://a.fsimg.co.nz/product/retail/fan/image/master/5004703.png",
            "productDescription": "Contains Caffeine.\n\nProduct of New Zealand",
            "volume": "500mL",
            "multipack": {
                "quantity": "1"
            }
        },
        "priceData": {
            "bestPrice": "3.49",
            "price": "3.49",
            "pricePerLitre": 7.0,
            "bestPricePerLitre": 7.0
        },
        "store": {
            "id": "c8998066-d39b-401c-aa6b-d6d18f8d122f",
            "name": "New World New Lynn"
        }
    },
    {
        "productData": {
            "name": "V Original Guarana Energy Drink 4pk",
            "productId": "5210048_ea_000",
            "productShopPage": "https://www.newworld.co.nz/shop/product/5210048_ea_000nw",
            "productImageURL": "https://a.fsimg.co.nz/product/retail/fan/image/master/5210048.png",
            "productDescription": "Product of New Zealand",
            "volume": "275mL",
            "multipack": {
                "quantity": "4"
            }
        },
        "priceData": {
            "bestPrice": "5.99",
            "price": "5.99",
            "pricePerLitre": 5.4,
            "bestPricePerLitre": 5.4
        },
        "store": {
            "id": "c8998066-d39b-401c-aa6b-d6d18f8d122f",
            "name": "New World New Lynn"
        }
    },
    {
        "productData": {
            "name": "V Original Guarana Energy Drink 500ml",
            "productId": "5007441_ea_000",
            "productShopPage": "https://www.newworld.co.nz/shop/product/5007441_ea_000nw",
            "productImageURL": "https://a.fsimg.co.nz/product/retail/fan/image/master/5007441.png",
            "productDescription": "Buy 2 for $5.00.\n\n\nContains Wheat Derivatives, Caffeine.\n\nProduct of New Zealand",
            "volume": "500mL",
            "multipack": {
                "quantity": "1"
            }
        },
        "priceData": {
            "bestPrice": 2.5,
            "price": 2.0,
            "pricePerLitre": 4.0,
            "bestPricePerLitre": 5.0,
            "multiBuy": {
                "quantity": 2.0,
                "value": 5.0,
                "perUnit": 2.5
            }
        },
        "store": {
            "id": "c8998066-d39b-401c-aa6b-d6d18f8d122f",
            "name": "New World New Lynn"
        }
    },
    {
        "productData": {
            "name": "V Blue Guarana Energy Drink 10pk",
            "productId": "5290181_ea_000",
            "productShopPage": "https://www.newworld.co.nz/shop/product/5290181_ea_000nw",
            "productImageURL": "https://a.fsimg.co.nz/product/retail/fan/image/master/5290181.png",
            "productDescription": "Product of New Zealand",
            "volume": "250mL",
            "multipack": {
                "quantity": "10"
            }
        },
        "priceData": {
            "bestPrice": "17.99",
            "price": "17.99",
            "pricePerLitre": 7.2,
            "bestPricePerLitre": 7.2
        },
        "store": {
            "id": "c570bb70-c783-4692-aee1-6a1b235f9476",
            "name": "New World Papatoetoe"
        }
    },
    {
        "productData": {
            "name": "V Blue Guarana Energy Drink 250ml",
            "productId": "5007495_ea_000",
            "productShopPage": "https://www.newworld.co.nz/shop/product/5007495_ea_000nw",
            "productImageURL": "https://a.fsimg.co.nz/product/retail/fan/image/master/5007495.png",
            "productDescription": "Contains Caffeine, Wheat Derivatives.\n\nProduct of New Zealand",
            "volume": "250mL",
            "multipack": {
                "quantity": "1"
            }
        },
        "priceData": {
            "bestPrice": "1.99",
            "price": "1.99",
            "pricePerLitre": 8.0,
            "bestPricePerLitre": 8.0
        },
        "store": {
            "id": "c570bb70-c783-4692-aee1-6a1b235f9476",
            "name": "New World Papatoetoe"
        }
    },
    {
        "productData": {
            "name": "V Sugarfree Blue Guarana Energy Drink 4pk",
            "productId": "5289891_ea_000",
            "productShopPage": "https://www.newworld.co.nz/shop/product/5289891_ea_000nw",
            "productImageURL": "https://a.fsimg.co.nz/product/retail/fan/image/master/5289891.png",
            "productDescription": "Limit 12 assorted.\n\n\n\n\nProduct of New Zealand",
            "volume": "250mL",
            "multipack": {
                "quantity": "4"
            }
        },
        "priceData": {
            "bestPrice": "5.99",
            "price": "5.99",
            "pricePerLitre": 5.99,
            "bestPricePerLitre": 5.99
        },
        "store": {
            "id": "c570bb70-c783-4692-aee1-6a1b235f9476",
            "name": "New World Papatoetoe"
        }
    },
    {
        "productData": {
            "name": "V Sugarfree Guarana Energy Drink 250ml",
            "productId": "5001639_ea_000",
            "productShopPage": "https://www.newworld.co.nz/shop/product/5001639_ea_000nw",
            "productImageURL": "https://a.fsimg.co.nz/product/retail/fan/image/master/5001639.png",
            "productDescription": "Sugar Free. Contains Caffeine.\n\nProduct of New Zealand",
            "volume": "250mL",
            "multipack": {
                "quantity": "1"
            }
        },
        "priceData": {
            "bestPrice": "1.99",
            "price": "1.99",
            "pricePerLitre": 8.0,
            "bestPricePerLitre": 8.0
        },
        "store": {
            "id": "c570bb70-c783-4692-aee1-6a1b235f9476",
            "name": "New World Papatoetoe"
        }
    },
    {
        "productData": {
            "name": "V Sugarfree Guarana Energy Drink 10pk",
            "productId": "5289890_ea_000",
            "productShopPage": "https://www.newworld.co.nz/shop/product/5289890_ea_000nw",
            "productImageURL": "https://a.fsimg.co.nz/product/retail/fan/image/master/5289890.png",
            "productDescription": "Product of New Zealand",
            "volume": "",
            "multipack": {
                "quantity": ""
            }
        },
        "priceData": {
            "bestPrice": "17.99",
            "price": "17.99",
            "pricePerLitre": 72.0,
            "bestPricePerLitre": 72.0
        },
        "store": {
            "id": "c570bb70-c783-4692-aee1-6a1b235f9476",
            "name": "New World Papatoetoe"
        }
    },
    {
        "productData": {
            "name": "V Green Guarana Energy Drink 6pk",
            "productId": "5272987_ea_000",
            "productShopPage": "https://www.newworld.co.nz/shop/product/5272987_ea_000nw",
            "productImageURL": "https://a.fsimg.co.nz/product/retail/fan/image/master/5272987.png",
            "productDescription": "Product of New Zealand",
            "volume": "330mL",
            "multipack": {
                "quantity": "6"
            }
        },
        "priceData": {
            "bestPrice": "11.99",
            "price": "11.99",
            "pricePerLitre": 6.05,
            "bestPricePerLitre": 6.05
        },
        "store": {
            "id": "c570bb70-c783-4692-aee1-6a1b235f9476",
            "name": "New World Papatoetoe"
        }
    },
    {
        "productData": {
            "name": "Live Plus Persist Energy Drink 250ml",
            "productId": "5236678_ea_000",
            "productShopPage": "https://www.newworld.co.nz/shop/product/5236678_ea_000nw",
            "productImageURL": "https://a.fsimg.co.nz/product/retail/fan/image/master/5236678.png",
            "productDescription": "Limit 12 assorted.\n\n\n\n\nProduct of New Zealand",
            "volume": "",
            "multipack": {
                "quantity": ""
            }
        },
        "priceData": {
            "bestPrice": "0.99",
            "price": "0.99"
        },
        "store": {
            "id": "c570bb70-c783-4692-aee1-6a1b235f9476",
            "name": "New World Papatoetoe"
        }
    },
    {
        "productData": {
            "name": "V Green Guarana Energy Drink 10pk",
            "productId": "5289889_ea_000",
            "productShopPage": "https://www.newworld.co.nz/shop/product/5289889_ea_000nw",
            "productImageURL": "https://a.fsimg.co.nz/product/retail/fan/image/master/5289889.png",
            "productDescription": "Product of New Zealand",
            "volume": "250mL",
            "multipack": {
                "quantity": "10"
            }
        },
        "priceData": {
            "bestPrice": "17.99",
            "price": "17.99",
            "pricePerLitre": 7.2,
            "bestPricePerLitre": 7.2
        },
        "store": {
            "id": "c570bb70-c783-4692-aee1-6a1b235f9476",
            "name": "New World Papatoetoe"
        }
    },
    {
        "productData": {
            "name": "V Sugarfree Blue Guarana Energy Drink 500ml",
            "productId": "5283362_ea_000",
            "productShopPage": "https://www.newworld.co.nz/shop/product/5283362_ea_000nw",
            "productImageURL": "https://a.fsimg.co.nz/product/retail/fan/image/master/5283362.png",
            "productDescription": "Sugar free\n\nProduct of New Zealand",
            "volume": "500mL",
            "multipack": {
                "quantity": "1"
            }
        },
        "priceData": {
            "bestPrice": "3.49",
            "price": "3.49",
            "pricePerLitre": 7.0,
            "bestPricePerLitre": 7.0
        },
        "store": {
            "id": "c570bb70-c783-4692-aee1-6a1b235f9476",
            "name": "New World Papatoetoe"
        }
    },
    {
        "productData": {
            "name": "V Original Guarana Energy Drink 350ml",
            "productId": "5003156_ea_000",
            "productShopPage": "https://www.newworld.co.nz/shop/product/5003156_ea_000nw",
            "productImageURL": "https://a.fsimg.co.nz/product/retail/fan/image/master/5003156.png",
            "productDescription": "Buy 2 for $5.00.\n\n\nContains Caffeine.\n\nProduct of New Zealand",
            "volume": "350mL",
            "multipack": {
                "quantity": "1"
            }
        },
        "priceData": {
            "bestPrice": 2.5,
            "price": 2.0,
            "pricePerLitre": 5.714285714285714,
            "bestPricePerLitre": 7.142857142857143,
            "multiBuy": {
                "quantity": 2.0,
                "value": 5.0,
                "perUnit": 2.5
            }
        },
        "store": {
            "id": "c570bb70-c783-4692-aee1-6a1b235f9476",
            "name": "New World Papatoetoe"
        }
    },
    {
        "productData": {
            "name": "V Blue Guarana Energy Drink 4pk",
            "productId": "5210055_ea_000",
            "productShopPage": "https://www.newworld.co.nz/shop/product/5210055_ea_000nw",
            "productImageURL": "https://a.fsimg.co.nz/product/retail/fan/image/master/5210055.png",
            "productDescription": "Product of New Zealand",
            "volume": "275mL",
            "multipack": {
                "quantity": "4"
            }
        },
        "priceData": {
            "bestPrice": "9.19",
            "price": "9.19",
            "pricePerLitre": 8.4,
            "bestPricePerLitre": 8.4
        },
        "store": {
            "id": "c570bb70-c783-4692-aee1-6a1b235f9476",
            "name": "New World Papatoetoe"
        }
    },
    {
        "productData": {
            "name": "V Blue Guarana Energy Drink 350ml",
            "productId": "5007492_ea_000",
            "productShopPage": "https://www.newworld.co.nz/shop/product/5007492_ea_000nw",
            "productImageURL": "https://a.fsimg.co.nz/product/retail/fan/image/master/5007492.png",
            "productDescription": "Buy 2 for $5.00.\n\n\nContains Caffeine, Wheat Derivatives.\n\nProduct of New Zealand",
            "volume": "350mL",
            "multipack": {
                "quantity": "1"
            }
        },
        "priceData": {
            "bestPrice": 2.5,
            "price": 2.0,
            "pricePerLitre": 5.714285714285714,
            "bestPricePerLitre": 7.142857142857143,
            "multiBuy": {
                "quantity": 2.0,
                "value": 5.0,
                "perUnit": 2.5
            }
        },
        "store": {
            "id": "c570bb70-c783-4692-aee1-6a1b235f9476",
            "name": "New World Papatoetoe"
        }
    },
    {
        "productData": {
            "name": "V Blue Energy Drink 500ml",
            "productId": "5020662_ea_000",
            "productShopPage": "https://www.newworld.co.nz/shop/product/5020662_ea_000nw",
            "productImageURL": "https://a.fsimg.co.nz/product/retail/fan/image/master/5020662.png",
            "productDescription": "Buy 2 for $5.00.\n\n\n\n\nProduct of New Zealand",
            "volume": "500mL",
            "multipack": {
                "quantity": "1"
            }
        },
        "priceData": {
            "bestPrice": 2.5,
            "price": 2.0,
            "pricePerLitre": 4.0,
            "bestPricePerLitre": 5.0,
            "multiBuy": {
                "quantity": 2.0,
                "value": 5.0,
                "perUnit": 2.5
            }
        },
        "store": {
            "id": "c570bb70-c783-4692-aee1-6a1b235f9476",
            "name": "New World Papatoetoe"
        }
    },
    {
        "productData": {
            "name": "V Blue Guarana Energy Drink 500ml",
            "productId": "5007494_ea_000",
            "productShopPage": "https://www.newworld.co.nz/shop/product/5007494_ea_000nw",
            "productImageURL": "https://a.fsimg.co.nz/product/retail/fan/image/master/5007494.png",
            "productDescription": "Contains Wheat Derivatives, Caffeine.\n\nProduct of New Zealand",
            "volume": "500mL",
            "multipack": {
                "quantity": "1"
            }
        },
        "priceData": {
            "bestPrice": "3.49",
            "price": "3.49",
            "pricePerLitre": 7.0,
            "bestPricePerLitre": 7.0
        },
        "store": {
            "id": "c570bb70-c783-4692-aee1-6a1b235f9476",
            "name": "New World Papatoetoe"
        }
    },
    {
        "productData": {
            "name": "Red Bull Energy Drink 473ml",
            "productId": "5005255_ea_000",
            "productShopPage": "https://www.newworld.co.nz/shop/product/5005255_ea_000nw",
            "productImageURL": "https://a.fsimg.co.nz/product/retail/fan/image/master/5005255.png",
            "productDescription": "Red Bull Energy Drink's special formula contains ingredients of high quality: Caffeine, Taurine, B-Group Vitamins, Sugars, Alpine Water.One 250ml can of Red Bull Energy Drinks contains 80 mg of caffeine, about the same amount as in a cup of home-brewed coffee.The amount of sugars in a can of Red Bull Energy Drink is comparable to the level of sugars in an equivalent amount of apple or orange juice – 11 g per 100ml.Red Bull cans are made of 100% recyclable aluminium.Red Bull Energy Drink 473ml canVitalizes Body and Mind.®RED BULL GIVES YOU WINGSInspired by functional drinks from the Far East, Dietrich Mateschitz founded Red Bull in the mid-1980s. He developed a new product and a unique marketing concept and launched Red Bull Energy Drink on April 1, 1987 in Austria. A brand new product category - Energy Drinks - was born.\n\nProduct of Imported",
            "volume": "473mL",
            "multipack": {
                "quantity": "1"
            }
        },
        "priceData": {
            "bestPrice": "3.59",
            "price": "3.59",
            "pricePerLitre": 7.6,
            "bestPricePerLitre": 7.6
        },
        "store": {
            "id": "c570bb70-c783-4692-aee1-6a1b235f9476",
            "name": "New World Papatoetoe"
        }
    },
    {
        "productData": {
            "name": "V Original Guarana Energy Drink 250ml",
            "productId": "5003151_ea_000",
            "productShopPage": "https://www.newworld.co.nz/shop/product/5003151_ea_000nw",
            "productImageURL": "https://a.fsimg.co.nz/product/retail/fan/image/master/5003151.png",
            "productDescription": "Contains Caffeine.\n\nProduct of New Zealand",
            "volume": "250mL",
            "multipack": {
                "quantity": "1"
            }
        },
        "priceData": {
            "bestPrice": "1.99",
            "price": "1.99",
            "pricePerLitre": 8.0,
            "bestPricePerLitre": 8.0
        },
        "store": {
            "id": "c570bb70-c783-4692-aee1-6a1b235f9476",
            "name": "New World Papatoetoe"
        }
    },
    {
        "productData": {
            "name": "Red Bull Energy Drink 250ml Cans 4pk",
            "productId": "5001443_ea_000",
            "productShopPage": "https://www.newworld.co.nz/shop/product/5001443_ea_000nw",
            "productImageURL": "https://a.fsimg.co.nz/product/retail/fan/image/master/5001443.png",
            "productDescription": "Red Bull Energy Drink's special formula contains ingredients of high quality: Caffeine, Taurine, B-Group Vitamins, Sugars, Alpine Water.One 250ml can of Red Bull Energy Drinks contains 80 mg of caffeine, about the same amount as in a cup of home-brewed coffee.The amount of sugars in a can of Red Bull Energy Drink is comparable to the level of sugars in an equivalent amount of apple or orange juice – 11 g per 100ml.Red Bull cans are made of 100% recyclable aluminium.Pack of four 250ml Red Bull Energy Drink cansVitalizes Body and Mind.®RED BULL GIVES YOU WINGSInspired by functional drinks from the Far East, Dietrich Mateschitz founded Red Bull in the mid-1980s. He developed a new product and a unique marketing concept and launched Red Bull Energy Drink on April 1, 1987 in Austria. A brand new product category - Energy Drinks - was born.",
            "volume": "250mL",
            "multipack": {
                "quantity": "4"
            }
        },
        "priceData": {
            "bestPrice": "8.29",
            "price": "8.29",
            "pricePerLitre": 8.299999999999999,
            "bestPricePerLitre": 8.299999999999999
        },
        "store": {
            "id": "c570bb70-c783-4692-aee1-6a1b235f9476",
            "name": "New World Papatoetoe"
        }
    },
    {
        "productData": {
            "name": "V Green Guarana Energy Drink 710ml",
            "productId": "5030250_ea_000",
            "productShopPage": "https://www.newworld.co.nz/shop/product/5030250_ea_000nw",
            "productImageURL": "https://a.fsimg.co.nz/product/retail/fan/image/master/5030250.png",
            "productDescription": "Contains Wheat Derivatives\n\nProduct of Imported",
            "volume": "250mL",
            "multipack": {
                "quantity": "3"
            }
        },
        "priceData": {
            "bestPrice": "3.49",
            "price": "3.49",
            "pricePerLitre": 4.9,
            "bestPricePerLitre": 4.9
        },
        "store": {
            "id": "c570bb70-c783-4692-aee1-6a1b235f9476",
            "name": "New World Papatoetoe"
        }
    },
    {
        "productData": {
            "name": "Lucozade Orange Energy Drink 380ml",
            "productId": "5009239_ea_000",
            "productShopPage": "https://www.newworld.co.nz/shop/product/5009239_ea_000nw",
            "productImageURL": "https://a.fsimg.co.nz/product/retail/fan/image/master/5009239.png",
            "productDescription": "Powered by Glucose.\n\nProduct of New Zealand",
            "volume": "380mL",
            "multipack": {
                "quantity": "1"
            }
        },
        "priceData": {
            "bestPrice": "2.69",
            "price": "2.69",
            "pricePerLitre": 7.08,
            "bestPricePerLitre": 7.08
        },
        "store": {
            "id": "c570bb70-c783-4692-aee1-6a1b235f9476",
            "name": "New World Papatoetoe"
        }
    },
    {
        "productData": {
            "name": "V Pure Natural Energy Drink Glass Bottle 330ml",
            "productId": "5237753_ea_000",
            "productShopPage": "https://www.newworld.co.nz/shop/product/5237753_ea_000nw",
            "productImageURL": "https://a.fsimg.co.nz/product/retail/fan/image/master/5237753.png",
            "productDescription": "Buy 2 for $5.00.\n\n\nNothing artificial\n\nProduct of New Zealand",
            "volume": "330mL",
            "multipack": {
                "quantity": "1"
            }
        },
        "priceData": {
            "bestPrice": 2.5,
            "price": 2.0,
            "pricePerLitre": 6.0606060606060606,
            "bestPricePerLitre": 7.575757575757575,
            "multiBuy": {
                "quantity": 2.0,
                "value": 5.0,
                "perUnit": 2.5
            }
        },
        "store": {
            "id": "c570bb70-c783-4692-aee1-6a1b235f9476",
            "name": "New World Papatoetoe"
        }
    },
    {
        "productData": {
            "name": "Lucozade Original Energy Drink 380ml",
            "productId": "5009240_ea_000",
            "productShopPage": "https://www.newworld.co.nz/shop/product/5009240_ea_000nw",
            "productImageURL": "https://a.fsimg.co.nz/product/retail/fan/image/master/5009240.png",
            "productDescription": "Energy from Glucose.\n\nProduct of New Zealand",
            "volume": "380mL",
            "multipack": {
                "quantity": "1"
            }
        },
        "priceData": {
            "bestPrice": "2.69",
            "price": "2.69",
            "pricePerLitre": 7.08,
            "bestPricePerLitre": 7.08
        },
        "store": {
            "id": "c570bb70-c783-4692-aee1-6a1b235f9476",
            "name": "New World Papatoetoe"
        }
    },
    {
        "productData": {
            "name": "Rockstar Original Energy Drink 500ml",
            "productId": "5215383_ea_000",
            "productShopPage": "https://www.newworld.co.nz/shop/product/5215383_ea_000nw",
            "productImageURL": "https://a.fsimg.co.nz/product/retail/fan/image/master/5215383.png",
            "productDescription": "Buy 3 for $5.00.\n\n\nCaffeine; B vitamins; Vitamin C; Taurine; Ginseng\n\nProduct of New Zealand",
            "volume": "500mL",
            "multipack": {
                "quantity": "1"
            }
        },
        "priceData": {
            "bestPrice": 1.6666666666666667,
            "price": 1.0,
            "pricePerLitre": 2.0,
            "bestPricePerLitre": 3.3333333333333335,
            "multiBuy": {
                "quantity": 3.0,
                "value": 5.0,
                "perUnit": 1.6666666666666667
            }
        },
        "store": {
            "id": "c570bb70-c783-4692-aee1-6a1b235f9476",
            "name": "New World Papatoetoe"
        }
    },
    {
        "productData": {
            "name": "V Raspberry Lemonade Can 500ml",
            "productId": "5264523_ea_000",
            "productShopPage": "https://www.newworld.co.nz/shop/product/5264523_ea_000nw",
            "productImageURL": "https://a.fsimg.co.nz/product/retail/fan/image/master/5264523.png",
            "productDescription": "Product of New Zealand",
            "volume": "500mL",
            "multipack": {
                "quantity": "1"
            }
        },
        "priceData": {
            "bestPrice": "3.49",
            "price": "3.49",
            "pricePerLitre": 7.0,
            "bestPricePerLitre": 7.0
        },
        "store": {
            "id": "c570bb70-c783-4692-aee1-6a1b235f9476",
            "name": "New World Papatoetoe"
        }
    },
    {
        "productData": {
            "name": "V Blue Guarana Energy Drink 6pk",
            "productId": "5272988_ea_000",
            "productShopPage": "https://www.newworld.co.nz/shop/product/5272988_ea_000nw",
            "productImageURL": "https://a.fsimg.co.nz/product/retail/fan/image/master/5272988.png",
            "productDescription": "Product of New Zealand",
            "volume": "330mL",
            "multipack": {
                "quantity": "6"
            }
        },
        "priceData": {
            "bestPrice": "11.99",
            "price": "11.99",
            "pricePerLitre": 6.05,
            "bestPricePerLitre": 6.05
        },
        "store": {
            "id": "c570bb70-c783-4692-aee1-6a1b235f9476",
            "name": "New World Papatoetoe"
        }
    },
    {
        "productData": {
            "name": "V Blue Can 4pk",
            "productId": "5030249_ea_000",
            "productShopPage": "https://www.newworld.co.nz/shop/product/5030249_ea_000nw",
            "productImageURL": "https://a.fsimg.co.nz/product/retail/fan/image/master/5030249.png",
            "productDescription": "Limit 12 assorted.\n\n\nContains Wheat Derivatives, Caffeine.\n\nProduct of New Zealand",
            "volume": "250mL",
            "multipack": {
                "quantity": "4"
            }
        },
        "priceData": {
            "bestPrice": "5.99",
            "price": "5.99",
            "pricePerLitre": 5.99,
            "bestPricePerLitre": 5.99
        },
        "store": {
            "id": "c570bb70-c783-4692-aee1-6a1b235f9476",
            "name": "New World Papatoetoe"
        }
    },
    {
        "productData": {
            "name": "V Energy Drink Sugarfree Cans 4pk",
            "productId": "5004117_ea_000",
            "productShopPage": "https://www.newworld.co.nz/shop/product/5004117_ea_000nw",
            "productImageURL": "https://a.fsimg.co.nz/product/retail/fan/image/master/5004117.png",
            "productDescription": "Limit 12 assorted.\n\n\nSugar Free. Contains Caffeine.\n\nProduct of New Zealand",
            "volume": "250mL",
            "multipack": {
                "quantity": "4"
            }
        },
        "priceData": {
            "bestPrice": "5.99",
            "price": "5.99",
            "pricePerLitre": 5.99,
            "bestPricePerLitre": 5.99
        },
        "store": {
            "id": "c570bb70-c783-4692-aee1-6a1b235f9476",
            "name": "New World Papatoetoe"
        }
    },
    {
        "productData": {
            "name": "Monster Zero Sugar Ultra Rosa Energy Drink 500ml",
            "productId": "5278094_ea_000",
            "productShopPage": "https://www.newworld.co.nz/shop/product/5278094_ea_000nw",
            "productImageURL": "https://a.fsimg.co.nz/product/retail/fan/image/master/5278094.png",
            "productDescription": "Product of Imported",
            "volume": "500mL",
            "multipack": {
                "quantity": "1"
            }
        },
        "priceData": {
            "bestPrice": "2.99",
            "price": "2.99",
            "pricePerLitre": 6.0,
            "bestPricePerLitre": 6.0
        },
        "store": {
            "id": "c570bb70-c783-4692-aee1-6a1b235f9476",
            "name": "New World Papatoetoe"
        }
    },
    {
        "productData": {
            "name": "Monster Ultra Paradise Energy Drink 500ml",
            "productId": "5261257_ea_000",
            "productShopPage": "https://www.newworld.co.nz/shop/product/5261257_ea_000nw",
            "productImageURL": "https://a.fsimg.co.nz/product/retail/fan/image/master/5261257.png",
            "productDescription": "Product of Imported",
            "volume": "500mL",
            "multipack": {
                "quantity": "1"
            }
        },
        "priceData": {
            "bestPrice": "2.99",
            "price": "2.99",
            "pricePerLitre": 6.0,
            "bestPricePerLitre": 6.0
        },
        "store": {
            "id": "c570bb70-c783-4692-aee1-6a1b235f9476",
            "name": "New World Papatoetoe"
        }
    },
    {
        "productData": {
            "name": "V Energy Drink Green Cans 4pk",
            "productId": "5002893_ea_000",
            "productShopPage": "https://www.newworld.co.nz/shop/product/5002893_ea_000nw",
            "productImageURL": "https://a.fsimg.co.nz/product/retail/fan/image/master/5002893.png",
            "productDescription": "Limit 12 assorted.\n\n\nContains Caffeine.\n\nProduct of New Zealand",
            "volume": "250mL",
            "multipack": {
                "quantity": "4"
            }
        },
        "priceData": {
            "bestPrice": "5.99",
            "price": "5.99",
            "pricePerLitre": 5.99,
            "bestPricePerLitre": 5.99
        },
        "store": {
            "id": "c570bb70-c783-4692-aee1-6a1b235f9476",
            "name": "New World Papatoetoe"
        }
    },
    {
        "productData": {
            "name": "Monster Ultra Zero Drink 500ml",
            "productId": "5090618_ea_000",
            "productShopPage": "https://www.newworld.co.nz/shop/product/5090618_ea_000nw",
            "productImageURL": "https://a.fsimg.co.nz/product/retail/fan/image/master/5090618.png",
            "productDescription": "A little less sweet, lighter-tasting, zero calories, but with a full load of our Monster energy blend. Sure, white is the new black. Monster Energy Zero Ultra. Unleash the Ultra Beast!\n\nProduct of Imported",
            "volume": "500mL",
            "multipack": {
                "quantity": "1"
            }
        },
        "priceData": {
            "bestPrice": "2.99",
            "price": "2.99",
            "pricePerLitre": 6.0,
            "bestPricePerLitre": 6.0
        },
        "store": {
            "id": "c570bb70-c783-4692-aee1-6a1b235f9476",
            "name": "New World Papatoetoe"
        }
    },
    {
        "productData": {
            "name": "Monster Super Fuel Zero Sugar Energy Drink 550ml",
            "productId": "5284331_ea_000",
            "productShopPage": "https://www.newworld.co.nz/shop/product/5284331_ea_000nw",
            "productImageURL": "https://a.fsimg.co.nz/product/retail/fan/image/master/5284331.png",
            "productDescription": "Product of Imported",
            "volume": "550mL",
            "multipack": {
                "quantity": "1"
            }
        },
        "priceData": {
            "bestPrice": "3.49",
            "price": "3.49",
            "pricePerLitre": 6.345454545454546,
            "bestPricePerLitre": 6.345454545454546
        },
        "store": {
            "id": "c570bb70-c783-4692-aee1-6a1b235f9476",
            "name": "New World Papatoetoe"
        }
    },
    {
        "productData": {
            "name": "Mother Energy Drink Can 500ml",
            "productId": "5011153_ea_000",
            "productShopPage": "https://www.newworld.co.nz/shop/product/5011153_ea_000nw",
            "productImageURL": "https://a.fsimg.co.nz/product/retail/fan/image/master/5011153.png",
            "productDescription": "Contains Caffeine.\n\nProduct of New Zealand",
            "volume": "500mL",
            "multipack": {
                "quantity": "1"
            }
        },
        "priceData": {
            "bestPrice": "1.99",
            "price": "1.99",
            "pricePerLitre": 4.0,
            "bestPricePerLitre": 4.0
        },
        "store": {
            "id": "c570bb70-c783-4692-aee1-6a1b235f9476",
            "name": "New World Papatoetoe"
        }
    },
    {
        "productData": {
            "name": "Monster Super Fuel Purple Passion Energy Drink 550ml",
            "productId": "5284332_ea_000",
            "productShopPage": "https://www.newworld.co.nz/shop/product/5284332_ea_000nw",
            "productImageURL": "https://a.fsimg.co.nz/product/retail/fan/image/master/5284332.png",
            "productDescription": "Product of Imported",
            "volume": "550mL",
            "multipack": {
                "quantity": "1"
            }
        },
        "priceData": {
            "bestPrice": "3.49",
            "price": "3.49",
            "pricePerLitre": 6.345454545454546,
            "bestPricePerLitre": 6.345454545454546
        },
        "store": {
            "id": "c570bb70-c783-4692-aee1-6a1b235f9476",
            "name": "New World Papatoetoe"
        }
    },
    {
        "productData": {
            "name": "Mother Energy Drink Can 6pk",
            "productId": "5009490_ea_000",
            "productShopPage": "https://www.newworld.co.nz/shop/product/5009490_ea_000nw",
            "productImageURL": "https://a.fsimg.co.nz/product/retail/fan/image/master/5009490.png",
            "productDescription": "Contains Caffeine.\n\nProduct of New Zealand",
            "volume": "250mL",
            "multipack": {
                "quantity": "6"
            }
        },
        "priceData": {
            "bestPrice": "7.49",
            "price": "7.49",
            "pricePerLitre": 5.0,
            "bestPricePerLitre": 5.0
        },
        "store": {
            "id": "c570bb70-c783-4692-aee1-6a1b235f9476",
            "name": "New World Papatoetoe"
        }
    },
    {
        "productData": {
            "name": "Monster Pipeline Punch Energy Drink 500ml",
            "productId": "5242373_ea_000",
            "productShopPage": "https://www.newworld.co.nz/shop/product/5242373_ea_000nw",
            "productImageURL": "https://a.fsimg.co.nz/product/retail/fan/image/master/5242373.png",
            "productDescription": "Product of Imported",
            "volume": "500mL",
            "multipack": {
                "quantity": "1"
            }
        },
        "priceData": {
            "bestPrice": "2.99",
            "price": "2.99",
            "pricePerLitre": 6.0,
            "bestPricePerLitre": 6.0
        },
        "store": {
            "id": "c570bb70-c783-4692-aee1-6a1b235f9476",
            "name": "New World Papatoetoe"
        }
    },
    {
        "productData": {
            "name": "Monster Energy Drink 500ml",
            "productId": "5007647_ea_000",
            "productShopPage": "https://www.newworld.co.nz/shop/product/5007647_ea_000nw",
            "productImageURL": "https://a.fsimg.co.nz/product/retail/fan/image/master/5007647.png",
            "productDescription": "Contains Caffeine.\n\nProduct of Imported",
            "volume": "500mL",
            "multipack": {
                "quantity": "1"
            }
        },
        "priceData": {
            "bestPrice": "2.99",
            "price": "2.99",
            "pricePerLitre": 6.0,
            "bestPricePerLitre": 6.0
        },
        "store": {
            "id": "c570bb70-c783-4692-aee1-6a1b235f9476",
            "name": "New World Papatoetoe"
        }
    },
    {
        "productData": {
            "name": "Monster Energy Drink 4pk",
            "productId": "5107264_ea_000",
            "productShopPage": "https://www.newworld.co.nz/shop/product/5107264_ea_000nw",
            "productImageURL": "https://a.fsimg.co.nz/product/retail/fan/image/master/5107264.png",
            "productDescription": "Product of Imported",
            "volume": "",
            "multipack": {
                "quantity": ""
            }
        },
        "priceData": {
            "bestPrice": "11.99",
            "price": "11.99",
            "pricePerLitre": 6.0,
            "bestPricePerLitre": 6.0
        },
        "store": {
            "id": "c570bb70-c783-4692-aee1-6a1b235f9476",
            "name": "New World Papatoetoe"
        }
    },
    {
        "productData": {
            "name": "V Sugarfree Guarana Energy Drink 500ml",
            "productId": "5007644_ea_000",
            "productShopPage": "https://www.newworld.co.nz/shop/product/5007644_ea_000nw",
            "productImageURL": "https://a.fsimg.co.nz/product/retail/fan/image/master/5007644.png",
            "productDescription": "Sugar Free.\n\nProduct of New Zealand",
            "volume": "500mL",
            "multipack": {
                "quantity": "1"
            }
        },
        "priceData": {
            "bestPrice": "3.49",
            "price": "3.49",
            "pricePerLitre": 7.0,
            "bestPricePerLitre": 7.0
        },
        "store": {
            "id": "c570bb70-c783-4692-aee1-6a1b235f9476",
            "name": "New World Papatoetoe"
        }
    },
    {
        "productData": {
            "name": "V Original Guarana Energy Drink 500ml",
            "productId": "5004703_ea_000",
            "productShopPage": "https://www.newworld.co.nz/shop/product/5004703_ea_000nw",
            "productImageURL": "https://a.fsimg.co.nz/product/retail/fan/image/master/5004703.png",
            "productDescription": "Contains Caffeine.\n\nProduct of New Zealand",
            "volume": "500mL",
            "multipack": {
                "quantity": "1"
            }
        },
        "priceData": {
            "bestPrice": "3.49",
            "price": "3.49",
            "pricePerLitre": 7.0,
            "bestPricePerLitre": 7.0
        },
        "store": {
            "id": "c570bb70-c783-4692-aee1-6a1b235f9476",
            "name": "New World Papatoetoe"
        }
    },
    {
        "productData": {
            "name": "V Original Guarana Energy Drink 500ml",
            "productId": "5007441_ea_000",
            "productShopPage": "https://www.newworld.co.nz/shop/product/5007441_ea_000nw",
            "productImageURL": "https://a.fsimg.co.nz/product/retail/fan/image/master/5007441.png",
            "productDescription": "Buy 2 for $5.00.\n\n\nContains Wheat Derivatives, Caffeine.\n\nProduct of New Zealand",
            "volume": "500mL",
            "multipack": {
                "quantity": "1"
            }
        },
        "priceData": {
            "bestPrice": 2.5,
            "price": 2.0,
            "pricePerLitre": 4.0,
            "bestPricePerLitre": 5.0,
            "multiBuy": {
                "quantity": 2.0,
                "value": 5.0,
                "perUnit": 2.5
            }
        },
        "store": {
            "id": "c570bb70-c783-4692-aee1-6a1b235f9476",
            "name": "New World Papatoetoe"
        }
    },
    {
        "productData": {
            "name": "V Blue Guarana Energy Drink 10pk",
            "productId": "5290181_ea_000",
            "productShopPage": "https://www.newworld.co.nz/shop/product/5290181_ea_000nw",
            "productImageURL": "https://a.fsimg.co.nz/product/retail/fan/image/master/5290181.png",
            "productDescription": "Product of New Zealand",
            "volume": "250mL",
            "multipack": {
                "quantity": "10"
            }
        },
        "priceData": {
            "bestPrice": "17.99",
            "price": "17.99",
            "pricePerLitre": 7.2,
            "bestPricePerLitre": 7.2
        },
        "store": {
            "id": "07828d6b-4c90-430e-8ea9-37c671d375e9",
            "name": "New World Rototuna"
        }
    },
    {
        "productData": {
            "name": "V Blue Guarana Energy Drink 250ml",
            "productId": "5007495_ea_000",
            "productShopPage": "https://www.newworld.co.nz/shop/product/5007495_ea_000nw",
            "productImageURL": "https://a.fsimg.co.nz/product/retail/fan/image/master/5007495.png",
            "productDescription": "Contains Caffeine, Wheat Derivatives.\n\nProduct of New Zealand",
            "volume": "250mL",
            "multipack": {
                "quantity": "1"
            }
        },
        "priceData": {
            "bestPrice": "1.99",
            "price": "1.99",
            "pricePerLitre": 8.0,
            "bestPricePerLitre": 8.0
        },
        "store": {
            "id": "07828d6b-4c90-430e-8ea9-37c671d375e9",
            "name": "New World Rototuna"
        }
    },
    {
        "productData": {
            "name": "V Sugarfree Blue Guarana Energy Drink 4pk",
            "productId": "5289891_ea_000",
            "productShopPage": "https://www.newworld.co.nz/shop/product/5289891_ea_000nw",
            "productImageURL": "https://a.fsimg.co.nz/product/retail/fan/image/master/5289891.png",
            "productDescription": "Limit 12 assorted.\n\n\n\n\nProduct of New Zealand",
            "volume": "250mL",
            "multipack": {
                "quantity": "4"
            }
        },
        "priceData": {
            "bestPrice": "5.99",
            "price": "5.99",
            "pricePerLitre": 5.99,
            "bestPricePerLitre": 5.99
        },
        "store": {
            "id": "07828d6b-4c90-430e-8ea9-37c671d375e9",
            "name": "New World Rototuna"
        }
    },
    {
        "productData": {
            "name": "V Sugarfree Guarana Energy Drink 250ml",
            "productId": "5001639_ea_000",
            "productShopPage": "https://www.newworld.co.nz/shop/product/5001639_ea_000nw",
            "productImageURL": "https://a.fsimg.co.nz/product/retail/fan/image/master/5001639.png",
            "productDescription": "Sugar Free. Contains Caffeine.\n\nProduct of New Zealand",
            "volume": "250mL",
            "multipack": {
                "quantity": "1"
            }
        },
        "priceData": {
            "bestPrice": "1.99",
            "price": "1.99",
            "pricePerLitre": 8.0,
            "bestPricePerLitre": 8.0
        },
        "store": {
            "id": "07828d6b-4c90-430e-8ea9-37c671d375e9",
            "name": "New World Rototuna"
        }
    },
    {
        "productData": {
            "name": "V Sugarfree Guarana Energy Drink 10pk",
            "productId": "5289890_ea_000",
            "productShopPage": "https://www.newworld.co.nz/shop/product/5289890_ea_000nw",
            "productImageURL": "https://a.fsimg.co.nz/product/retail/fan/image/master/5289890.png",
            "productDescription": "Product of New Zealand",
            "volume": "",
            "multipack": {
                "quantity": ""
            }
        },
        "priceData": {
            "bestPrice": "17.99",
            "price": "17.99",
            "pricePerLitre": 72.0,
            "bestPricePerLitre": 72.0
        },
        "store": {
            "id": "07828d6b-4c90-430e-8ea9-37c671d375e9",
            "name": "New World Rototuna"
        }
    },
    {
        "productData": {
            "name": "V Green Guarana Energy Drink 6pk",
            "productId": "5272987_ea_000",
            "productShopPage": "https://www.newworld.co.nz/shop/product/5272987_ea_000nw",
            "productImageURL": "https://a.fsimg.co.nz/product/retail/fan/image/master/5272987.png",
            "productDescription": "Product of New Zealand",
            "volume": "330mL",
            "multipack": {
                "quantity": "6"
            }
        },
        "priceData": {
            "bestPrice": "11.99",
            "price": "11.99",
            "pricePerLitre": 6.05,
            "bestPricePerLitre": 6.05
        },
        "store": {
            "id": "07828d6b-4c90-430e-8ea9-37c671d375e9",
            "name": "New World Rototuna"
        }
    },
    {
        "productData": {
            "name": "Live Plus Ascend Energy Drink 250ml",
            "productId": "5236675_ea_000",
            "productShopPage": "https://www.newworld.co.nz/shop/product/5236675_ea_000nw",
            "productImageURL": "https://a.fsimg.co.nz/product/retail/fan/image/master/5236675.png",
            "productDescription": "Limit 12 assorted.\n\n\n\n\nProduct of New Zealand",
            "volume": "",
            "multipack": {
                "quantity": ""
            }
        },
        "priceData": {
            "bestPrice": "0.99",
            "price": "0.99"
        },
        "store": {
            "id": "07828d6b-4c90-430e-8ea9-37c671d375e9",
            "name": "New World Rototuna"
        }
    },
    {
        "productData": {
            "name": "Live Plus Tart Apple Energy Drink 250ml",
            "productId": "5236676_ea_000",
            "productShopPage": "https://www.newworld.co.nz/shop/product/5236676_ea_000nw",
            "productImageURL": "https://a.fsimg.co.nz/product/retail/fan/image/master/5236676.png",
            "productDescription": "Limit 12 assorted.\n\n\n\n\nProduct of New Zealand",
            "volume": "250mL",
            "multipack": {
                "quantity": "1"
            }
        },
        "priceData": {
            "bestPrice": "0.99",
            "price": "0.99",
            "pricePerLitre": 3.96,
            "bestPricePerLitre": 3.96
        },
        "store": {
            "id": "07828d6b-4c90-430e-8ea9-37c671d375e9",
            "name": "New World Rototuna"
        }
    },
    {
        "productData": {
            "name": "Live Plus Persist Energy Drink 250ml",
            "productId": "5236678_ea_000",
            "productShopPage": "https://www.newworld.co.nz/shop/product/5236678_ea_000nw",
            "productImageURL": "https://a.fsimg.co.nz/product/retail/fan/image/master/5236678.png",
            "productDescription": "Limit 12 assorted.\n\n\n\n\nProduct of New Zealand",
            "volume": "",
            "multipack": {
                "quantity": ""
            }
        },
        "priceData": {
            "bestPrice": "0.99",
            "price": "0.99"
        },
        "store": {
            "id": "07828d6b-4c90-430e-8ea9-37c671d375e9",
            "name": "New World Rototuna"
        }
    },
    {
        "productData": {
            "name": "V Green Guarana Energy Drink 10pk",
            "productId": "5289889_ea_000",
            "productShopPage": "https://www.newworld.co.nz/shop/product/5289889_ea_000nw",
            "productImageURL": "https://a.fsimg.co.nz/product/retail/fan/image/master/5289889.png",
            "productDescription": "Product of New Zealand",
            "volume": "250mL",
            "multipack": {
                "quantity": "10"
            }
        },
        "priceData": {
            "bestPrice": "17.99",
            "price": "17.99",
            "pricePerLitre": 7.2,
            "bestPricePerLitre": 7.2
        },
        "store": {
            "id": "07828d6b-4c90-430e-8ea9-37c671d375e9",
            "name": "New World Rototuna"
        }
    },
    {
        "productData": {
            "name": "V Sugarfree Blue Guarana Energy Drink 500ml",
            "productId": "5283362_ea_000",
            "productShopPage": "https://www.newworld.co.nz/shop/product/5283362_ea_000nw",
            "productImageURL": "https://a.fsimg.co.nz/product/retail/fan/image/master/5283362.png",
            "productDescription": "Sugar free\n\nProduct of New Zealand",
            "volume": "500mL",
            "multipack": {
                "quantity": "1"
            }
        },
        "priceData": {
            "bestPrice": "3.19",
            "price": "3.19",
            "pricePerLitre": 6.4,
            "bestPricePerLitre": 6.4
        },
        "store": {
            "id": "07828d6b-4c90-430e-8ea9-37c671d375e9",
            "name": "New World Rototuna"
        }
    },
    {
        "productData": {
            "name": "V Original Guarana Energy Drink 350ml",
            "productId": "5003156_ea_000",
            "productShopPage": "https://www.newworld.co.nz/shop/product/5003156_ea_000nw",
            "productImageURL": "https://a.fsimg.co.nz/product/retail/fan/image/master/5003156.png",
            "productDescription": "Buy 2 for $5.00.\n\n\nContains Caffeine.\n\nProduct of New Zealand",
            "volume": "350mL",
            "multipack": {
                "quantity": "1"
            }
        },
        "priceData": {
            "bestPrice": 2.5,
            "price": 2.0,
            "pricePerLitre": 5.714285714285714,
            "bestPricePerLitre": 7.142857142857143,
            "multiBuy": {
                "quantity": 2.0,
                "value": 5.0,
                "perUnit": 2.5
            }
        },
        "store": {
            "id": "07828d6b-4c90-430e-8ea9-37c671d375e9",
            "name": "New World Rototuna"
        }
    },
    {
        "productData": {
            "name": "V Blue Guarana Energy Drink 350ml",
            "productId": "5007492_ea_000",
            "productShopPage": "https://www.newworld.co.nz/shop/product/5007492_ea_000nw",
            "productImageURL": "https://a.fsimg.co.nz/product/retail/fan/image/master/5007492.png",
            "productDescription": "Buy 2 for $5.00.\n\n\nContains Caffeine, Wheat Derivatives.\n\nProduct of New Zealand",
            "volume": "350mL",
            "multipack": {
                "quantity": "1"
            }
        },
        "priceData": {
            "bestPrice": 2.5,
            "price": 2.0,
            "pricePerLitre": 5.714285714285714,
            "bestPricePerLitre": 7.142857142857143,
            "multiBuy": {
                "quantity": 2.0,
                "value": 5.0,
                "perUnit": 2.5
            }
        },
        "store": {
            "id": "07828d6b-4c90-430e-8ea9-37c671d375e9",
            "name": "New World Rototuna"
        }
    },
    {
        "productData": {
            "name": "V Blue Energy Drink 500ml",
            "productId": "5020662_ea_000",
            "productShopPage": "https://www.newworld.co.nz/shop/product/5020662_ea_000nw",
            "productImageURL": "https://a.fsimg.co.nz/product/retail/fan/image/master/5020662.png",
            "productDescription": "Buy 2 for $5.00.\n\n\n\n\nProduct of New Zealand",
            "volume": "500mL",
            "multipack": {
                "quantity": "1"
            }
        },
        "priceData": {
            "bestPrice": 2.5,
            "price": 2.0,
            "pricePerLitre": 4.0,
            "bestPricePerLitre": 5.0,
            "multiBuy": {
                "quantity": 2.0,
                "value": 5.0,
                "perUnit": 2.5
            }
        },
        "store": {
            "id": "07828d6b-4c90-430e-8ea9-37c671d375e9",
            "name": "New World Rototuna"
        }
    },
    {
        "productData": {
            "name": "V Blue Guarana Energy Drink 500ml",
            "productId": "5007494_ea_000",
            "productShopPage": "https://www.newworld.co.nz/shop/product/5007494_ea_000nw",
            "productImageURL": "https://a.fsimg.co.nz/product/retail/fan/image/master/5007494.png",
            "productDescription": "Contains Wheat Derivatives, Caffeine.\n\nProduct of New Zealand",
            "volume": "500mL",
            "multipack": {
                "quantity": "1"
            }
        },
        "priceData": {
            "bestPrice": "3.19",
            "price": "3.19",
            "pricePerLitre": 6.4,
            "bestPricePerLitre": 6.4
        },
        "store": {
            "id": "07828d6b-4c90-430e-8ea9-37c671d375e9",
            "name": "New World Rototuna"
        }
    },
    {
        "productData": {
            "name": "Red Bull Energy Drink 473ml",
            "productId": "5005255_ea_000",
            "productShopPage": "https://www.newworld.co.nz/shop/product/5005255_ea_000nw",
            "productImageURL": "https://a.fsimg.co.nz/product/retail/fan/image/master/5005255.png",
            "productDescription": "Red Bull Energy Drink's special formula contains ingredients of high quality: Caffeine, Taurine, B-Group Vitamins, Sugars, Alpine Water.One 250ml can of Red Bull Energy Drinks contains 80 mg of caffeine, about the same amount as in a cup of home-brewed coffee.The amount of sugars in a can of Red Bull Energy Drink is comparable to the level of sugars in an equivalent amount of apple or orange juice – 11 g per 100ml.Red Bull cans are made of 100% recyclable aluminium.Red Bull Energy Drink 473ml canVitalizes Body and Mind.®RED BULL GIVES YOU WINGSInspired by functional drinks from the Far East, Dietrich Mateschitz founded Red Bull in the mid-1980s. He developed a new product and a unique marketing concept and launched Red Bull Energy Drink on April 1, 1987 in Austria. A brand new product category - Energy Drinks - was born.\n\nProduct of Imported",
            "volume": "473mL",
            "multipack": {
                "quantity": "1"
            }
        },
        "priceData": {
            "bestPrice": "3.59",
            "price": "3.59",
            "pricePerLitre": 7.6,
            "bestPricePerLitre": 7.6
        },
        "store": {
            "id": "07828d6b-4c90-430e-8ea9-37c671d375e9",
            "name": "New World Rototuna"
        }
    },
    {
        "productData": {
            "name": "V Original Guarana Energy Drink 250ml",
            "productId": "5003151_ea_000",
            "productShopPage": "https://www.newworld.co.nz/shop/product/5003151_ea_000nw",
            "productImageURL": "https://a.fsimg.co.nz/product/retail/fan/image/master/5003151.png",
            "productDescription": "Contains Caffeine.\n\nProduct of New Zealand",
            "volume": "250mL",
            "multipack": {
                "quantity": "1"
            }
        },
        "priceData": {
            "bestPrice": "1.99",
            "price": "1.99",
            "pricePerLitre": 8.0,
            "bestPricePerLitre": 8.0
        },
        "store": {
            "id": "07828d6b-4c90-430e-8ea9-37c671d375e9",
            "name": "New World Rototuna"
        }
    },
    {
        "productData": {
            "name": "Red Bull Energy Drink 250ml Cans 4pk",
            "productId": "5001443_ea_000",
            "productShopPage": "https://www.newworld.co.nz/shop/product/5001443_ea_000nw",
            "productImageURL": "https://a.fsimg.co.nz/product/retail/fan/image/master/5001443.png",
            "productDescription": "Red Bull Energy Drink's special formula contains ingredients of high quality: Caffeine, Taurine, B-Group Vitamins, Sugars, Alpine Water.One 250ml can of Red Bull Energy Drinks contains 80 mg of caffeine, about the same amount as in a cup of home-brewed coffee.The amount of sugars in a can of Red Bull Energy Drink is comparable to the level of sugars in an equivalent amount of apple or orange juice – 11 g per 100ml.Red Bull cans are made of 100% recyclable aluminium.Pack of four 250ml Red Bull Energy Drink cansVitalizes Body and Mind.®RED BULL GIVES YOU WINGSInspired by functional drinks from the Far East, Dietrich Mateschitz founded Red Bull in the mid-1980s. He developed a new product and a unique marketing concept and launched Red Bull Energy Drink on April 1, 1987 in Austria. A brand new product category - Energy Drinks - was born.",
            "volume": "250mL",
            "multipack": {
                "quantity": "4"
            }
        },
        "priceData": {
            "bestPrice": "8.29",
            "price": "8.29",
            "pricePerLitre": 8.299999999999999,
            "bestPricePerLitre": 8.299999999999999
        },
        "store": {
            "id": "07828d6b-4c90-430e-8ea9-37c671d375e9",
            "name": "New World Rototuna"
        }
    },
    {
        "productData": {
            "name": "Lucozade Orange Energy Drink 380ml",
            "productId": "5009239_ea_000",
            "productShopPage": "https://www.newworld.co.nz/shop/product/5009239_ea_000nw",
            "productImageURL": "https://a.fsimg.co.nz/product/retail/fan/image/master/5009239.png",
            "productDescription": "Powered by Glucose.\n\nProduct of New Zealand",
            "volume": "380mL",
            "multipack": {
                "quantity": "1"
            }
        },
        "priceData": {
            "bestPrice": "2.69",
            "price": "2.69",
            "pricePerLitre": 7.08,
            "bestPricePerLitre": 7.08
        },
        "store": {
            "id": "07828d6b-4c90-430e-8ea9-37c671d375e9",
            "name": "New World Rototuna"
        }
    },
    {
        "productData": {
            "name": "V Pure Natural Energy Drink Glass Bottle 330ml",
            "productId": "5237753_ea_000",
            "productShopPage": "https://www.newworld.co.nz/shop/product/5237753_ea_000nw",
            "productImageURL": "https://a.fsimg.co.nz/product/retail/fan/image/master/5237753.png",
            "productDescription": "Buy 2 for $5.00.\n\n\nNothing artificial\n\nProduct of New Zealand",
            "volume": "330mL",
            "multipack": {
                "quantity": "1"
            }
        },
        "priceData": {
            "bestPrice": 2.5,
            "price": 2.0,
            "pricePerLitre": 6.0606060606060606,
            "bestPricePerLitre": 7.575757575757575,
            "multiBuy": {
                "quantity": 2.0,
                "value": 5.0,
                "perUnit": 2.5
            }
        },
        "store": {
            "id": "07828d6b-4c90-430e-8ea9-37c671d375e9",
            "name": "New World Rototuna"
        }
    },
    {
        "productData": {
            "name": "Rockstar Watermelon Freeze Energy Drink 500ml",
            "productId": "5257298_ea_000",
            "productShopPage": "https://www.newworld.co.nz/shop/product/5257298_ea_000nw",
            "productImageURL": "https://a.fsimg.co.nz/product/retail/fan/image/master/5257298.png",
            "productDescription": "Buy 3 for $5.00.\n\n\n\n\nProduct of New Zealand",
            "volume": "500mL",
            "multipack": {
                "quantity": "1"
            }
        },
        "priceData": {
            "bestPrice": 1.6666666666666667,
            "price": 1.0,
            "pricePerLitre": 2.0,
            "bestPricePerLitre": 3.3333333333333335,
            "multiBuy": {
                "quantity": 3.0,
                "value": 5.0,
                "perUnit": 1.6666666666666667
            }
        },
        "store": {
            "id": "07828d6b-4c90-430e-8ea9-37c671d375e9",
            "name": "New World Rototuna"
        }
    },
    {
        "productData": {
            "name": "Rockstar Original Energy Drink 500ml",
            "productId": "5215383_ea_000",
            "productShopPage": "https://www.newworld.co.nz/shop/product/5215383_ea_000nw",
            "productImageURL": "https://a.fsimg.co.nz/product/retail/fan/image/master/5215383.png",
            "productDescription": "Buy 3 for $5.00.\n\n\nCaffeine; B vitamins; Vitamin C; Taurine; Ginseng\n\nProduct of New Zealand",
            "volume": "500mL",
            "multipack": {
                "quantity": "1"
            }
        },
        "priceData": {
            "bestPrice": 1.6666666666666667,
            "price": 1.0,
            "pricePerLitre": 2.0,
            "bestPricePerLitre": 3.3333333333333335,
            "multiBuy": {
                "quantity": 3.0,
                "value": 5.0,
                "perUnit": 1.6666666666666667
            }
        },
        "store": {
            "id": "07828d6b-4c90-430e-8ea9-37c671d375e9",
            "name": "New World Rototuna"
        }
    },
    {
        "productData": {
            "name": "V Raspberry Lemonade Guarana Energy Drink 4pk",
            "productId": "5289907_ea_000",
            "productShopPage": "https://www.newworld.co.nz/shop/product/5289907_ea_000nw",
            "productImageURL": "https://a.fsimg.co.nz/product/retail/fan/image/master/5289907.png",
            "productDescription": "Limit 12 assorted.\n\n\n\n\nProduct of New Zealand",
            "volume": "250mL",
            "multipack": {
                "quantity": "4"
            }
        },
        "priceData": {
            "bestPrice": "5.99",
            "price": "5.99",
            "pricePerLitre": 5.99,
            "bestPricePerLitre": 5.99
        },
        "store": {
            "id": "07828d6b-4c90-430e-8ea9-37c671d375e9",
            "name": "New World Rototuna"
        }
    },
    {
        "productData": {
            "name": "V Raspberry Lemonade Can 500ml",
            "productId": "5264523_ea_000",
            "productShopPage": "https://www.newworld.co.nz/shop/product/5264523_ea_000nw",
            "productImageURL": "https://a.fsimg.co.nz/product/retail/fan/image/master/5264523.png",
            "productDescription": "Product of New Zealand",
            "volume": "500mL",
            "multipack": {
                "quantity": "1"
            }
        },
        "priceData": {
            "bestPrice": "3.19",
            "price": "3.19",
            "pricePerLitre": 6.4,
            "bestPricePerLitre": 6.4
        },
        "store": {
            "id": "07828d6b-4c90-430e-8ea9-37c671d375e9",
            "name": "New World Rototuna"
        }
    },
    {
        "productData": {
            "name": "V Blue Guarana Energy Drink 6pk",
            "productId": "5272988_ea_000",
            "productShopPage": "https://www.newworld.co.nz/shop/product/5272988_ea_000nw",
            "productImageURL": "https://a.fsimg.co.nz/product/retail/fan/image/master/5272988.png",
            "productDescription": "Product of New Zealand",
            "volume": "330mL",
            "multipack": {
                "quantity": "6"
            }
        },
        "priceData": {
            "bestPrice": "11.99",
            "price": "11.99",
            "pricePerLitre": 6.05,
            "bestPricePerLitre": 6.05
        },
        "store": {
            "id": "07828d6b-4c90-430e-8ea9-37c671d375e9",
            "name": "New World Rototuna"
        }
    },
    {
        "productData": {
            "name": "V Blue Can 4pk",
            "productId": "5030249_ea_000",
            "productShopPage": "https://www.newworld.co.nz/shop/product/5030249_ea_000nw",
            "productImageURL": "https://a.fsimg.co.nz/product/retail/fan/image/master/5030249.png",
            "productDescription": "Limit 12 assorted.\n\n\nContains Wheat Derivatives, Caffeine.\n\nProduct of New Zealand",
            "volume": "250mL",
            "multipack": {
                "quantity": "4"
            }
        },
        "priceData": {
            "bestPrice": "5.99",
            "price": "5.99",
            "pricePerLitre": 5.99,
            "bestPricePerLitre": 5.99
        },
        "store": {
            "id": "07828d6b-4c90-430e-8ea9-37c671d375e9",
            "name": "New World Rototuna"
        }
    },
    {
        "productData": {
            "name": "V Energy Drink Sugarfree Cans 4pk",
            "productId": "5004117_ea_000",
            "productShopPage": "https://www.newworld.co.nz/shop/product/5004117_ea_000nw",
            "productImageURL": "https://a.fsimg.co.nz/product/retail/fan/image/master/5004117.png",
            "productDescription": "Limit 12 assorted.\n\n\nSugar Free. Contains Caffeine.\n\nProduct of New Zealand",
            "volume": "250mL",
            "multipack": {
                "quantity": "4"
            }
        },
        "priceData": {
            "bestPrice": "5.99",
            "price": "5.99",
            "pricePerLitre": 5.99,
            "bestPricePerLitre": 5.99
        },
        "store": {
            "id": "07828d6b-4c90-430e-8ea9-37c671d375e9",
            "name": "New World Rototuna"
        }
    },
    {
        "productData": {
            "name": "Monster Ultra Paradise Energy Drink 500ml",
            "productId": "5261257_ea_000",
            "productShopPage": "https://www.newworld.co.nz/shop/product/5261257_ea_000nw",
            "productImageURL": "https://a.fsimg.co.nz/product/retail/fan/image/master/5261257.png",
            "productDescription": "Product of Imported",
            "volume": "500mL",
            "multipack": {
                "quantity": "1"
            }
        },
        "priceData": {
            "bestPrice": "2.99",
            "price": "2.99",
            "pricePerLitre": 6.0,
            "bestPricePerLitre": 6.0
        },
        "store": {
            "id": "07828d6b-4c90-430e-8ea9-37c671d375e9",
            "name": "New World Rototuna"
        }
    },
    {
        "productData": {
            "name": "V Energy Drink Green Cans 4pk",
            "productId": "5002893_ea_000",
            "productShopPage": "https://www.newworld.co.nz/shop/product/5002893_ea_000nw",
            "productImageURL": "https://a.fsimg.co.nz/product/retail/fan/image/master/5002893.png",
            "productDescription": "Limit 12 assorted.\n\n\nContains Caffeine.\n\nProduct of New Zealand",
            "volume": "250mL",
            "multipack": {
                "quantity": "4"
            }
        },
        "priceData": {
            "bestPrice": "5.99",
            "price": "5.99",
            "pricePerLitre": 5.99,
            "bestPricePerLitre": 5.99
        },
        "store": {
            "id": "07828d6b-4c90-430e-8ea9-37c671d375e9",
            "name": "New World Rototuna"
        }
    },
    {
        "productData": {
            "name": "Monster Ultra Zero Drink 500ml",
            "productId": "5090618_ea_000",
            "productShopPage": "https://www.newworld.co.nz/shop/product/5090618_ea_000nw",
            "productImageURL": "https://a.fsimg.co.nz/product/retail/fan/image/master/5090618.png",
            "productDescription": "A little less sweet, lighter-tasting, zero calories, but with a full load of our Monster energy blend. Sure, white is the new black. Monster Energy Zero Ultra. Unleash the Ultra Beast!\n\nProduct of Imported",
            "volume": "500mL",
            "multipack": {
                "quantity": "1"
            }
        },
        "priceData": {
            "bestPrice": "2.99",
            "price": "2.99",
            "pricePerLitre": 6.0,
            "bestPricePerLitre": 6.0
        },
        "store": {
            "id": "07828d6b-4c90-430e-8ea9-37c671d375e9",
            "name": "New World Rototuna"
        }
    },
    {
        "productData": {
            "name": "Mother Energy Drink Can 500ml",
            "productId": "5011153_ea_000",
            "productShopPage": "https://www.newworld.co.nz/shop/product/5011153_ea_000nw",
            "productImageURL": "https://a.fsimg.co.nz/product/retail/fan/image/master/5011153.png",
            "productDescription": "Contains Caffeine.\n\nProduct of New Zealand",
            "volume": "500mL",
            "multipack": {
                "quantity": "1"
            }
        },
        "priceData": {
            "bestPrice": "1.99",
            "price": "1.99",
            "pricePerLitre": 4.0,
            "bestPricePerLitre": 4.0
        },
        "store": {
            "id": "07828d6b-4c90-430e-8ea9-37c671d375e9",
            "name": "New World Rototuna"
        }
    },
    {
        "productData": {
            "name": "Monster Super Fuel Purple Passion Energy Drink 550ml",
            "productId": "5284332_ea_000",
            "productShopPage": "https://www.newworld.co.nz/shop/product/5284332_ea_000nw",
            "productImageURL": "https://a.fsimg.co.nz/product/retail/fan/image/master/5284332.png",
            "productDescription": "Product of Imported",
            "volume": "550mL",
            "multipack": {
                "quantity": "1"
            }
        },
        "priceData": {
            "bestPrice": "3.49",
            "price": "3.49",
            "pricePerLitre": 6.345454545454546,
            "bestPricePerLitre": 6.345454545454546
        },
        "store": {
            "id": "07828d6b-4c90-430e-8ea9-37c671d375e9",
            "name": "New World Rototuna"
        }
    },
    {
        "productData": {
            "name": "Mother Energy Drink Can 6pk",
            "productId": "5009490_ea_000",
            "productShopPage": "https://www.newworld.co.nz/shop/product/5009490_ea_000nw",
            "productImageURL": "https://a.fsimg.co.nz/product/retail/fan/image/master/5009490.png",
            "productDescription": "Contains Caffeine.\n\nProduct of New Zealand",
            "volume": "250mL",
            "multipack": {
                "quantity": "6"
            }
        },
        "priceData": {
            "bestPrice": "7.49",
            "price": "7.49",
            "pricePerLitre": 5.0,
            "bestPricePerLitre": 5.0
        },
        "store": {
            "id": "07828d6b-4c90-430e-8ea9-37c671d375e9",
            "name": "New World Rototuna"
        }
    },
    {
        "productData": {
            "name": "Monster Pipeline Punch Energy Drink 500ml",
            "productId": "5242373_ea_000",
            "productShopPage": "https://www.newworld.co.nz/shop/product/5242373_ea_000nw",
            "productImageURL": "https://a.fsimg.co.nz/product/retail/fan/image/master/5242373.png",
            "productDescription": "Product of Imported",
            "volume": "500mL",
            "multipack": {
                "quantity": "1"
            }
        },
        "priceData": {
            "bestPrice": "2.99",
            "price": "2.99",
            "pricePerLitre": 6.0,
            "bestPricePerLitre": 6.0
        },
        "store": {
            "id": "07828d6b-4c90-430e-8ea9-37c671d375e9",
            "name": "New World Rototuna"
        }
    },
    {
        "productData": {
            "name": "Monster Energy Drink 500ml",
            "productId": "5007647_ea_000",
            "productShopPage": "https://www.newworld.co.nz/shop/product/5007647_ea_000nw",
            "productImageURL": "https://a.fsimg.co.nz/product/retail/fan/image/master/5007647.png",
            "productDescription": "Contains Caffeine.\n\nProduct of Imported",
            "volume": "500mL",
            "multipack": {
                "quantity": "1"
            }
        },
        "priceData": {
            "bestPrice": "2.99",
            "price": "2.99",
            "pricePerLitre": 6.0,
            "bestPricePerLitre": 6.0
        },
        "store": {
            "id": "07828d6b-4c90-430e-8ea9-37c671d375e9",
            "name": "New World Rototuna"
        }
    },
    {
        "productData": {
            "name": "V Sugarfree Guarana Energy Drink 500ml",
            "productId": "5007644_ea_000",
            "productShopPage": "https://www.newworld.co.nz/shop/product/5007644_ea_000nw",
            "productImageURL": "https://a.fsimg.co.nz/product/retail/fan/image/master/5007644.png",
            "productDescription": "Sugar Free.\n\nProduct of New Zealand",
            "volume": "500mL",
            "multipack": {
                "quantity": "1"
            }
        },
        "priceData": {
            "bestPrice": "3.19",
            "price": "3.19",
            "pricePerLitre": 6.4,
            "bestPricePerLitre": 6.4
        },
        "store": {
            "id": "07828d6b-4c90-430e-8ea9-37c671d375e9",
            "name": "New World Rototuna"
        }
    },
    {
        "productData": {
            "name": "V Original Guarana Energy Drink 500ml",
            "productId": "5004703_ea_000",
            "productShopPage": "https://www.newworld.co.nz/shop/product/5004703_ea_000nw",
            "productImageURL": "https://a.fsimg.co.nz/product/retail/fan/image/master/5004703.png",
            "productDescription": "Contains Caffeine.\n\nProduct of New Zealand",
            "volume": "500mL",
            "multipack": {
                "quantity": "1"
            }
        },
        "priceData": {
            "bestPrice": "3.19",
            "price": "3.19",
            "pricePerLitre": 6.4,
            "bestPricePerLitre": 6.4
        },
        "store": {
            "id": "07828d6b-4c90-430e-8ea9-37c671d375e9",
            "name": "New World Rototuna"
        }
    },
    {
        "productData": {
            "name": "V Original Guarana Energy Drink 500ml",
            "productId": "5007441_ea_000",
            "productShopPage": "https://www.newworld.co.nz/shop/product/5007441_ea_000nw",
            "productImageURL": "https://a.fsimg.co.nz/product/retail/fan/image/master/5007441.png",
            "productDescription": "Buy 2 for $5.00.\n\n\nContains Wheat Derivatives, Caffeine.\n\nProduct of New Zealand",
            "volume": "500mL",
            "multipack": {
                "quantity": "1"
            }
        },
        "priceData": {
            "bestPrice": 2.5,
            "price": 2.0,
            "pricePerLitre": 4.0,
            "bestPricePerLitre": 5.0,
            "multiBuy": {
                "quantity": 2.0,
                "value": 5.0,
                "perUnit": 2.5
            }
        },
        "store": {
            "id": "07828d6b-4c90-430e-8ea9-37c671d375e9",
            "name": "New World Rototuna"
        }
    },
    {
        "productData": {
            "name": "V Blue Guarana Energy Drink 10pk",
            "productId": "5290181_ea_000",
            "productShopPage": "https://www.newworld.co.nz/shop/product/5290181_ea_000nw",
            "productImageURL": "https://a.fsimg.co.nz/product/retail/fan/image/master/5290181.png",
            "productDescription": "Product of New Zealand",
            "volume": "250mL",
            "multipack": {
                "quantity": "10"
            }
        },
        "priceData": {
            "bestPrice": "17.99",
            "price": "17.99",
            "pricePerLitre": 7.2,
            "bestPricePerLitre": 7.2
        },
        "store": {
            "id": "a799b706-07b8-4825-9524-95b03c9e0b14",
            "name": "New World Westend"
        }
    },
    {
        "productData": {
            "name": "V Blue Guarana Energy Drink 250ml",
            "productId": "5007495_ea_000",
            "productShopPage": "https://www.newworld.co.nz/shop/product/5007495_ea_000nw",
            "productImageURL": "https://a.fsimg.co.nz/product/retail/fan/image/master/5007495.png",
            "productDescription": "Contains Caffeine, Wheat Derivatives.\n\nProduct of New Zealand",
            "volume": "250mL",
            "multipack": {
                "quantity": "1"
            }
        },
        "priceData": {
            "bestPrice": "1.99",
            "price": "1.99",
            "pricePerLitre": 8.0,
            "bestPricePerLitre": 8.0
        },
        "store": {
            "id": "a799b706-07b8-4825-9524-95b03c9e0b14",
            "name": "New World Westend"
        }
    },
    {
        "productData": {
            "name": "V Sugarfree Blue Guarana Energy Drink 4pk",
            "productId": "5289891_ea_000",
            "productShopPage": "https://www.newworld.co.nz/shop/product/5289891_ea_000nw",
            "productImageURL": "https://a.fsimg.co.nz/product/retail/fan/image/master/5289891.png",
            "productDescription": "Limit 12 assorted.\n\n\n\n\nProduct of New Zealand",
            "volume": "250mL",
            "multipack": {
                "quantity": "4"
            }
        },
        "priceData": {
            "bestPrice": "5.99",
            "price": "5.99",
            "pricePerLitre": 5.99,
            "bestPricePerLitre": 5.99
        },
        "store": {
            "id": "a799b706-07b8-4825-9524-95b03c9e0b14",
            "name": "New World Westend"
        }
    },
    {
        "productData": {
            "name": "V Sugarfree Guarana Energy Drink 250ml",
            "productId": "5001639_ea_000",
            "productShopPage": "https://www.newworld.co.nz/shop/product/5001639_ea_000nw",
            "productImageURL": "https://a.fsimg.co.nz/product/retail/fan/image/master/5001639.png",
            "productDescription": "Sugar Free. Contains Caffeine.\n\nProduct of New Zealand",
            "volume": "250mL",
            "multipack": {
                "quantity": "1"
            }
        },
        "priceData": {
            "bestPrice": "1.99",
            "price": "1.99",
            "pricePerLitre": 8.0,
            "bestPricePerLitre": 8.0
        },
        "store": {
            "id": "a799b706-07b8-4825-9524-95b03c9e0b14",
            "name": "New World Westend"
        }
    },
    {
        "productData": {
            "name": "V Sugarfree Guarana Energy Drink 10pk",
            "productId": "5289890_ea_000",
            "productShopPage": "https://www.newworld.co.nz/shop/product/5289890_ea_000nw",
            "productImageURL": "https://a.fsimg.co.nz/product/retail/fan/image/master/5289890.png",
            "productDescription": "Product of New Zealand",
            "volume": "",
            "multipack": {
                "quantity": ""
            }
        },
        "priceData": {
            "bestPrice": "17.99",
            "price": "17.99",
            "pricePerLitre": 72.0,
            "bestPricePerLitre": 72.0
        },
        "store": {
            "id": "a799b706-07b8-4825-9524-95b03c9e0b14",
            "name": "New World Westend"
        }
    },
    {
        "productData": {
            "name": "V Raspberry Lemonade Guarana Energy Drink 4pk",
            "productId": "5264576_ea_000",
            "productShopPage": "https://www.newworld.co.nz/shop/product/5264576_ea_000nw",
            "productImageURL": "https://a.fsimg.co.nz/product/retail/fan/image/master/5264576.png",
            "productDescription": "Product of New Zealand",
            "volume": "275mL",
            "multipack": {
                "quantity": "4"
            }
        },
        "priceData": {
            "bestPrice": "9.19",
            "price": "9.19",
            "pricePerLitre": 8.355,
            "bestPricePerLitre": 8.355
        },
        "store": {
            "id": "a799b706-07b8-4825-9524-95b03c9e0b14",
            "name": "New World Westend"
        }
    },
    {
        "productData": {
            "name": "V Green Guarana Energy Drink 6pk",
            "productId": "5272987_ea_000",
            "productShopPage": "https://www.newworld.co.nz/shop/product/5272987_ea_000nw",
            "productImageURL": "https://a.fsimg.co.nz/product/retail/fan/image/master/5272987.png",
            "productDescription": "Product of New Zealand",
            "volume": "330mL",
            "multipack": {
                "quantity": "6"
            }
        },
        "priceData": {
            "bestPrice": "11.99",
            "price": "11.99",
            "pricePerLitre": 6.05,
            "bestPricePerLitre": 6.05
        },
        "store": {
            "id": "a799b706-07b8-4825-9524-95b03c9e0b14",
            "name": "New World Westend"
        }
    },
    {
        "productData": {
            "name": "Live Plus Ascend Energy Drink 250ml",
            "productId": "5236675_ea_000",
            "productShopPage": "https://www.newworld.co.nz/shop/product/5236675_ea_000nw",
            "productImageURL": "https://a.fsimg.co.nz/product/retail/fan/image/master/5236675.png",
            "productDescription": "Limit 12 assorted.\n\n\n\n\nProduct of New Zealand",
            "volume": "",
            "multipack": {
                "quantity": ""
            }
        },
        "priceData": {
            "bestPrice": "0.99",
            "price": "0.99"
        },
        "store": {
            "id": "a799b706-07b8-4825-9524-95b03c9e0b14",
            "name": "New World Westend"
        }
    },
    {
        "productData": {
            "name": "Live Plus Tart Apple Energy Drink 250ml",
            "productId": "5236676_ea_000",
            "productShopPage": "https://www.newworld.co.nz/shop/product/5236676_ea_000nw",
            "productImageURL": "https://a.fsimg.co.nz/product/retail/fan/image/master/5236676.png",
            "productDescription": "Limit 12 assorted.\n\n\n\n\nProduct of New Zealand",
            "volume": "250mL",
            "multipack": {
                "quantity": "1"
            }
        },
        "priceData": {
            "bestPrice": "0.99",
            "price": "0.99",
            "pricePerLitre": 3.96,
            "bestPricePerLitre": 3.96
        },
        "store": {
            "id": "a799b706-07b8-4825-9524-95b03c9e0b14",
            "name": "New World Westend"
        }
    },
    {
        "productData": {
            "name": "Live Plus Persist Energy Drink 250ml",
            "productId": "5236678_ea_000",
            "productShopPage": "https://www.newworld.co.nz/shop/product/5236678_ea_000nw",
            "productImageURL": "https://a.fsimg.co.nz/product/retail/fan/image/master/5236678.png",
            "productDescription": "Limit 12 assorted.\n\n\n\n\nProduct of New Zealand",
            "volume": "",
            "multipack": {
                "quantity": ""
            }
        },
        "priceData": {
            "bestPrice": "0.99",
            "price": "0.99"
        },
        "store": {
            "id": "a799b706-07b8-4825-9524-95b03c9e0b14",
            "name": "New World Westend"
        }
    },
    {
        "productData": {
            "name": "V Green Guarana Energy Drink 10pk",
            "productId": "5289889_ea_000",
            "productShopPage": "https://www.newworld.co.nz/shop/product/5289889_ea_000nw",
            "productImageURL": "https://a.fsimg.co.nz/product/retail/fan/image/master/5289889.png",
            "productDescription": "Product of New Zealand",
            "volume": "250mL",
            "multipack": {
                "quantity": "10"
            }
        },
        "priceData": {
            "bestPrice": "17.99",
            "price": "17.99",
            "pricePerLitre": 7.2,
            "bestPricePerLitre": 7.2
        },
        "store": {
            "id": "a799b706-07b8-4825-9524-95b03c9e0b14",
            "name": "New World Westend"
        }
    },
    {
        "productData": {
            "name": "V Sugarfree Blue Guarana Energy Drink 500ml",
            "productId": "5283362_ea_000",
            "productShopPage": "https://www.newworld.co.nz/shop/product/5283362_ea_000nw",
            "productImageURL": "https://a.fsimg.co.nz/product/retail/fan/image/master/5283362.png",
            "productDescription": "Sugar free\n\nProduct of New Zealand",
            "volume": "500mL",
            "multipack": {
                "quantity": "1"
            }
        },
        "priceData": {
            "bestPrice": "3.49",
            "price": "3.49",
            "pricePerLitre": 7.0,
            "bestPricePerLitre": 7.0
        },
        "store": {
            "id": "a799b706-07b8-4825-9524-95b03c9e0b14",
            "name": "New World Westend"
        }
    },
    {
        "productData": {
            "name": "V Original Guarana Energy Drink 350ml",
            "productId": "5003156_ea_000",
            "productShopPage": "https://www.newworld.co.nz/shop/product/5003156_ea_000nw",
            "productImageURL": "https://a.fsimg.co.nz/product/retail/fan/image/master/5003156.png",
            "productDescription": "Buy 2 for $5.00.\n\n\nContains Caffeine.\n\nProduct of New Zealand",
            "volume": "350mL",
            "multipack": {
                "quantity": "1"
            }
        },
        "priceData": {
            "bestPrice": 2.5,
            "price": 2.0,
            "pricePerLitre": 5.714285714285714,
            "bestPricePerLitre": 7.142857142857143,
            "multiBuy": {
                "quantity": 2.0,
                "value": 5.0,
                "perUnit": 2.5
            }
        },
        "store": {
            "id": "a799b706-07b8-4825-9524-95b03c9e0b14",
            "name": "New World Westend"
        }
    },
    {
        "productData": {
            "name": "V Blue Guarana Energy Drink 350ml",
            "productId": "5007492_ea_000",
            "productShopPage": "https://www.newworld.co.nz/shop/product/5007492_ea_000nw",
            "productImageURL": "https://a.fsimg.co.nz/product/retail/fan/image/master/5007492.png",
            "productDescription": "Buy 2 for $5.00.\n\n\nContains Caffeine, Wheat Derivatives.\n\nProduct of New Zealand",
            "volume": "350mL",
            "multipack": {
                "quantity": "1"
            }
        },
        "priceData": {
            "bestPrice": 2.5,
            "price": 2.0,
            "pricePerLitre": 5.714285714285714,
            "bestPricePerLitre": 7.142857142857143,
            "multiBuy": {
                "quantity": 2.0,
                "value": 5.0,
                "perUnit": 2.5
            }
        },
        "store": {
            "id": "a799b706-07b8-4825-9524-95b03c9e0b14",
            "name": "New World Westend"
        }
    },
    {
        "productData": {
            "name": "V Blue Energy Drink 500ml",
            "productId": "5020662_ea_000",
            "productShopPage": "https://www.newworld.co.nz/shop/product/5020662_ea_000nw",
            "productImageURL": "https://a.fsimg.co.nz/product/retail/fan/image/master/5020662.png",
            "productDescription": "Buy 2 for $5.00.\n\n\n\n\nProduct of New Zealand",
            "volume": "500mL",
            "multipack": {
                "quantity": "1"
            }
        },
        "priceData": {
            "bestPrice": 2.5,
            "price": 2.0,
            "pricePerLitre": 4.0,
            "bestPricePerLitre": 5.0,
            "multiBuy": {
                "quantity": 2.0,
                "value": 5.0,
                "perUnit": 2.5
            }
        },
        "store": {
            "id": "a799b706-07b8-4825-9524-95b03c9e0b14",
            "name": "New World Westend"
        }
    },
    {
        "productData": {
            "name": "V Blue Guarana Energy Drink 500ml",
            "productId": "5007494_ea_000",
            "productShopPage": "https://www.newworld.co.nz/shop/product/5007494_ea_000nw",
            "productImageURL": "https://a.fsimg.co.nz/product/retail/fan/image/master/5007494.png",
            "productDescription": "Contains Wheat Derivatives, Caffeine.\n\nProduct of New Zealand",
            "volume": "500mL",
            "multipack": {
                "quantity": "1"
            }
        },
        "priceData": {
            "bestPrice": "3.49",
            "price": "3.49",
            "pricePerLitre": 7.0,
            "bestPricePerLitre": 7.0
        },
        "store": {
            "id": "a799b706-07b8-4825-9524-95b03c9e0b14",
            "name": "New World Westend"
        }
    },
    {
        "productData": {
            "name": "Red Bull Energy Drink 473ml",
            "productId": "5005255_ea_000",
            "productShopPage": "https://www.newworld.co.nz/shop/product/5005255_ea_000nw",
            "productImageURL": "https://a.fsimg.co.nz/product/retail/fan/image/master/5005255.png",
            "productDescription": "Red Bull Energy Drink's special formula contains ingredients of high quality: Caffeine, Taurine, B-Group Vitamins, Sugars, Alpine Water.One 250ml can of Red Bull Energy Drinks contains 80 mg of caffeine, about the same amount as in a cup of home-brewed coffee.The amount of sugars in a can of Red Bull Energy Drink is comparable to the level of sugars in an equivalent amount of apple or orange juice – 11 g per 100ml.Red Bull cans are made of 100% recyclable aluminium.Red Bull Energy Drink 473ml canVitalizes Body and Mind.®RED BULL GIVES YOU WINGSInspired by functional drinks from the Far East, Dietrich Mateschitz founded Red Bull in the mid-1980s. He developed a new product and a unique marketing concept and launched Red Bull Energy Drink on April 1, 1987 in Austria. A brand new product category - Energy Drinks - was born.\n\nProduct of Imported",
            "volume": "473mL",
            "multipack": {
                "quantity": "1"
            }
        },
        "priceData": {
            "bestPrice": "3.59",
            "price": "3.59",
            "pricePerLitre": 7.6,
            "bestPricePerLitre": 7.6
        },
        "store": {
            "id": "a799b706-07b8-4825-9524-95b03c9e0b14",
            "name": "New World Westend"
        }
    },
    {
        "productData": {
            "name": "V Original Guarana Energy Drink 250ml",
            "productId": "5003151_ea_000",
            "productShopPage": "https://www.newworld.co.nz/shop/product/5003151_ea_000nw",
            "productImageURL": "https://a.fsimg.co.nz/product/retail/fan/image/master/5003151.png",
            "productDescription": "Contains Caffeine.\n\nProduct of New Zealand",
            "volume": "250mL",
            "multipack": {
                "quantity": "1"
            }
        },
        "priceData": {
            "bestPrice": "1.99",
            "price": "1.99",
            "pricePerLitre": 8.0,
            "bestPricePerLitre": 8.0
        },
        "store": {
            "id": "a799b706-07b8-4825-9524-95b03c9e0b14",
            "name": "New World Westend"
        }
    },
    {
        "productData": {
            "name": "Red Bull Energy Drink 250ml Cans 4pk",
            "productId": "5001443_ea_000",
            "productShopPage": "https://www.newworld.co.nz/shop/product/5001443_ea_000nw",
            "productImageURL": "https://a.fsimg.co.nz/product/retail/fan/image/master/5001443.png",
            "productDescription": "Red Bull Energy Drink's special formula contains ingredients of high quality: Caffeine, Taurine, B-Group Vitamins, Sugars, Alpine Water.One 250ml can of Red Bull Energy Drinks contains 80 mg of caffeine, about the same amount as in a cup of home-brewed coffee.The amount of sugars in a can of Red Bull Energy Drink is comparable to the level of sugars in an equivalent amount of apple or orange juice – 11 g per 100ml.Red Bull cans are made of 100% recyclable aluminium.Pack of four 250ml Red Bull Energy Drink cansVitalizes Body and Mind.®RED BULL GIVES YOU WINGSInspired by functional drinks from the Far East, Dietrich Mateschitz founded Red Bull in the mid-1980s. He developed a new product and a unique marketing concept and launched Red Bull Energy Drink on April 1, 1987 in Austria. A brand new product category - Energy Drinks - was born.",
            "volume": "250mL",
            "multipack": {
                "quantity": "4"
            }
        },
        "priceData": {
            "bestPrice": "8.29",
            "price": "8.29",
            "pricePerLitre": 8.299999999999999,
            "bestPricePerLitre": 8.299999999999999
        },
        "store": {
            "id": "a799b706-07b8-4825-9524-95b03c9e0b14",
            "name": "New World Westend"
        }
    },
    {
        "productData": {
            "name": "Lucozade Orange Energy Drink 380ml",
            "productId": "5009239_ea_000",
            "productShopPage": "https://www.newworld.co.nz/shop/product/5009239_ea_000nw",
            "productImageURL": "https://a.fsimg.co.nz/product/retail/fan/image/master/5009239.png",
            "productDescription": "Powered by Glucose.\n\nProduct of New Zealand",
            "volume": "380mL",
            "multipack": {
                "quantity": "1"
            }
        },
        "priceData": {
            "bestPrice": "2.69",
            "price": "2.69",
            "pricePerLitre": 7.08,
            "bestPricePerLitre": 7.08
        },
        "store": {
            "id": "a799b706-07b8-4825-9524-95b03c9e0b14",
            "name": "New World Westend"
        }
    },
    {
        "productData": {
            "name": "V Pure Natural Energy Drink Glass Bottle 330ml",
            "productId": "5237753_ea_000",
            "productShopPage": "https://www.newworld.co.nz/shop/product/5237753_ea_000nw",
            "productImageURL": "https://a.fsimg.co.nz/product/retail/fan/image/master/5237753.png",
            "productDescription": "Buy 2 for $5.00.\n\n\nNothing artificial\n\nProduct of New Zealand",
            "volume": "330mL",
            "multipack": {
                "quantity": "1"
            }
        },
        "priceData": {
            "bestPrice": 2.5,
            "price": 2.0,
            "pricePerLitre": 6.0606060606060606,
            "bestPricePerLitre": 7.575757575757575,
            "multiBuy": {
                "quantity": 2.0,
                "value": 5.0,
                "perUnit": 2.5
            }
        },
        "store": {
            "id": "a799b706-07b8-4825-9524-95b03c9e0b14",
            "name": "New World Westend"
        }
    },
    {
        "productData": {
            "name": "Lucozade Original Energy Drink 380ml",
            "productId": "5009240_ea_000",
            "productShopPage": "https://www.newworld.co.nz/shop/product/5009240_ea_000nw",
            "productImageURL": "https://a.fsimg.co.nz/product/retail/fan/image/master/5009240.png",
            "productDescription": "Energy from Glucose.\n\nProduct of New Zealand",
            "volume": "380mL",
            "multipack": {
                "quantity": "1"
            }
        },
        "priceData": {
            "bestPrice": "2.69",
            "price": "2.69",
            "pricePerLitre": 7.08,
            "bestPricePerLitre": 7.08
        },
        "store": {
            "id": "a799b706-07b8-4825-9524-95b03c9e0b14",
            "name": "New World Westend"
        }
    },
    {
        "productData": {
            "name": "Rockstar Watermelon Freeze Energy Drink 500ml",
            "productId": "5257298_ea_000",
            "productShopPage": "https://www.newworld.co.nz/shop/product/5257298_ea_000nw",
            "productImageURL": "https://a.fsimg.co.nz/product/retail/fan/image/master/5257298.png",
            "productDescription": "Buy 3 for $5.00.\n\n\n\n\nProduct of New Zealand",
            "volume": "500mL",
            "multipack": {
                "quantity": "1"
            }
        },
        "priceData": {
            "bestPrice": 1.6666666666666667,
            "price": 1.0,
            "pricePerLitre": 2.0,
            "bestPricePerLitre": 3.3333333333333335,
            "multiBuy": {
                "quantity": 3.0,
                "value": 5.0,
                "perUnit": 1.6666666666666667
            }
        },
        "store": {
            "id": "a799b706-07b8-4825-9524-95b03c9e0b14",
            "name": "New World Westend"
        }
    },
    {
        "productData": {
            "name": "V Pure Natural Energy Drink Can 250ml",
            "productId": "5237735_ea_000",
            "productShopPage": "https://www.newworld.co.nz/shop/product/5237735_ea_000nw",
            "productImageURL": "https://a.fsimg.co.nz/product/retail/fan/image/master/5237735.png",
            "productDescription": "6 natural ingredients; Nothing artificial; Apple juice - Apple and lemon juice is reconstituted; Lemon juice - Apple and lemon juice is reconstituted\n\nProduct of New Zealand",
            "volume": "250mL",
            "multipack": {
                "quantity": "1"
            }
        },
        "priceData": {
            "bestPrice": "1.99",
            "price": "1.99",
            "pricePerLitre": 8.0,
            "bestPricePerLitre": 8.0
        },
        "store": {
            "id": "a799b706-07b8-4825-9524-95b03c9e0b14",
            "name": "New World Westend"
        }
    },
    {
        "productData": {
            "name": "Rockstar Original Energy Drink 500ml",
            "productId": "5215383_ea_000",
            "productShopPage": "https://www.newworld.co.nz/shop/product/5215383_ea_000nw",
            "productImageURL": "https://a.fsimg.co.nz/product/retail/fan/image/master/5215383.png",
            "productDescription": "Buy 3 for $5.00.\n\n\nCaffeine; B vitamins; Vitamin C; Taurine; Ginseng\n\nProduct of New Zealand",
            "volume": "500mL",
            "multipack": {
                "quantity": "1"
            }
        },
        "priceData": {
            "bestPrice": 1.6666666666666667,
            "price": 1.0,
            "pricePerLitre": 2.0,
            "bestPricePerLitre": 3.3333333333333335,
            "multiBuy": {
                "quantity": 3.0,
                "value": 5.0,
                "perUnit": 1.6666666666666667
            }
        },
        "store": {
            "id": "a799b706-07b8-4825-9524-95b03c9e0b14",
            "name": "New World Westend"
        }
    },
    {
        "productData": {
            "name": "V Raspberry Lemonade Can 500ml",
            "productId": "5264523_ea_000",
            "productShopPage": "https://www.newworld.co.nz/shop/product/5264523_ea_000nw",
            "productImageURL": "https://a.fsimg.co.nz/product/retail/fan/image/master/5264523.png",
            "productDescription": "Product of New Zealand",
            "volume": "500mL",
            "multipack": {
                "quantity": "1"
            }
        },
        "priceData": {
            "bestPrice": "3.49",
            "price": "3.49",
            "pricePerLitre": 7.0,
            "bestPricePerLitre": 7.0
        },
        "store": {
            "id": "a799b706-07b8-4825-9524-95b03c9e0b14",
            "name": "New World Westend"
        }
    },
    {
        "productData": {
            "name": "V Blue Guarana Energy Drink 6pk",
            "productId": "5272988_ea_000",
            "productShopPage": "https://www.newworld.co.nz/shop/product/5272988_ea_000nw",
            "productImageURL": "https://a.fsimg.co.nz/product/retail/fan/image/master/5272988.png",
            "productDescription": "Product of New Zealand",
            "volume": "330mL",
            "multipack": {
                "quantity": "6"
            }
        },
        "priceData": {
            "bestPrice": "11.99",
            "price": "11.99",
            "pricePerLitre": 6.05,
            "bestPricePerLitre": 6.05
        },
        "store": {
            "id": "a799b706-07b8-4825-9524-95b03c9e0b14",
            "name": "New World Westend"
        }
    },
    {
        "productData": {
            "name": "V Blue Can 4pk",
            "productId": "5030249_ea_000",
            "productShopPage": "https://www.newworld.co.nz/shop/product/5030249_ea_000nw",
            "productImageURL": "https://a.fsimg.co.nz/product/retail/fan/image/master/5030249.png",
            "productDescription": "Limit 12 assorted.\n\n\nContains Wheat Derivatives, Caffeine.\n\nProduct of New Zealand",
            "volume": "250mL",
            "multipack": {
                "quantity": "4"
            }
        },
        "priceData": {
            "bestPrice": "5.99",
            "price": "5.99",
            "pricePerLitre": 5.99,
            "bestPricePerLitre": 5.99
        },
        "store": {
            "id": "a799b706-07b8-4825-9524-95b03c9e0b14",
            "name": "New World Westend"
        }
    },
    {
        "productData": {
            "name": "V Energy Drink Sugarfree Cans 4pk",
            "productId": "5004117_ea_000",
            "productShopPage": "https://www.newworld.co.nz/shop/product/5004117_ea_000nw",
            "productImageURL": "https://a.fsimg.co.nz/product/retail/fan/image/master/5004117.png",
            "productDescription": "Limit 12 assorted.\n\n\nSugar Free. Contains Caffeine.\n\nProduct of New Zealand",
            "volume": "250mL",
            "multipack": {
                "quantity": "4"
            }
        },
        "priceData": {
            "bestPrice": "5.99",
            "price": "5.99",
            "pricePerLitre": 5.99,
            "bestPricePerLitre": 5.99
        },
        "store": {
            "id": "a799b706-07b8-4825-9524-95b03c9e0b14",
            "name": "New World Westend"
        }
    },
    {
        "productData": {
            "name": "Monster Mango Loco Energy Drink 500ml",
            "productId": "5242374_ea_000",
            "productShopPage": "https://www.newworld.co.nz/shop/product/5242374_ea_000nw",
            "productImageURL": "https://a.fsimg.co.nz/product/retail/fan/image/master/5242374.png",
            "productDescription": "Product of Imported",
            "volume": "500mL",
            "multipack": {
                "quantity": "1"
            }
        },
        "priceData": {
            "bestPrice": "2.99",
            "price": "2.99",
            "pricePerLitre": 6.0,
            "bestPricePerLitre": 6.0
        },
        "store": {
            "id": "a799b706-07b8-4825-9524-95b03c9e0b14",
            "name": "New World Westend"
        }
    },
    {
        "productData": {
            "name": "Monster Zero Sugar Ultra Rosa Energy Drink 500ml",
            "productId": "5278094_ea_000",
            "productShopPage": "https://www.newworld.co.nz/shop/product/5278094_ea_000nw",
            "productImageURL": "https://a.fsimg.co.nz/product/retail/fan/image/master/5278094.png",
            "productDescription": "Product of Imported",
            "volume": "500mL",
            "multipack": {
                "quantity": "1"
            }
        },
        "priceData": {
            "bestPrice": "2.99",
            "price": "2.99",
            "pricePerLitre": 6.0,
            "bestPricePerLitre": 6.0
        },
        "store": {
            "id": "a799b706-07b8-4825-9524-95b03c9e0b14",
            "name": "New World Westend"
        }
    },
    {
        "productData": {
            "name": "Monster Mule Energy Drink 500ml",
            "productId": "5269459_ea_000",
            "productShopPage": "https://www.newworld.co.nz/shop/product/5269459_ea_000nw",
            "productImageURL": "https://a.fsimg.co.nz/product/retail/fan/image/master/5269459.png",
            "productDescription": "Product of Imported",
            "volume": "500mL",
            "multipack": {
                "quantity": "1"
            }
        },
        "priceData": {
            "bestPrice": "2.99",
            "price": "2.99",
            "pricePerLitre": 6.0,
            "bestPricePerLitre": 6.0
        },
        "store": {
            "id": "a799b706-07b8-4825-9524-95b03c9e0b14",
            "name": "New World Westend"
        }
    },
    {
        "productData": {
            "name": "Monster Ultra Paradise Energy Drink 500ml",
            "productId": "5261257_ea_000",
            "productShopPage": "https://www.newworld.co.nz/shop/product/5261257_ea_000nw",
            "productImageURL": "https://a.fsimg.co.nz/product/retail/fan/image/master/5261257.png",
            "productDescription": "Product of Imported",
            "volume": "500mL",
            "multipack": {
                "quantity": "1"
            }
        },
        "priceData": {
            "bestPrice": "2.99",
            "price": "2.99",
            "pricePerLitre": 6.0,
            "bestPricePerLitre": 6.0
        },
        "store": {
            "id": "a799b706-07b8-4825-9524-95b03c9e0b14",
            "name": "New World Westend"
        }
    },
    {
        "productData": {
            "name": "V Energy Drink Green Cans 4pk",
            "productId": "5002893_ea_000",
            "productShopPage": "https://www.newworld.co.nz/shop/product/5002893_ea_000nw",
            "productImageURL": "https://a.fsimg.co.nz/product/retail/fan/image/master/5002893.png",
            "productDescription": "Limit 12 assorted.\n\n\nContains Caffeine.\n\nProduct of New Zealand",
            "volume": "250mL",
            "multipack": {
                "quantity": "4"
            }
        },
        "priceData": {
            "bestPrice": "5.99",
            "price": "5.99",
            "pricePerLitre": 5.99,
            "bestPricePerLitre": 5.99
        },
        "store": {
            "id": "a799b706-07b8-4825-9524-95b03c9e0b14",
            "name": "New World Westend"
        }
    },
    {
        "productData": {
            "name": "Monster Ultra Zero Drink 500ml",
            "productId": "5090618_ea_000",
            "productShopPage": "https://www.newworld.co.nz/shop/product/5090618_ea_000nw",
            "productImageURL": "https://a.fsimg.co.nz/product/retail/fan/image/master/5090618.png",
            "productDescription": "A little less sweet, lighter-tasting, zero calories, but with a full load of our Monster energy blend. Sure, white is the new black. Monster Energy Zero Ultra. Unleash the Ultra Beast!\n\nProduct of Imported",
            "volume": "500mL",
            "multipack": {
                "quantity": "1"
            }
        },
        "priceData": {
            "bestPrice": "2.99",
            "price": "2.99",
            "pricePerLitre": 6.0,
            "bestPricePerLitre": 6.0
        },
        "store": {
            "id": "a799b706-07b8-4825-9524-95b03c9e0b14",
            "name": "New World Westend"
        }
    },
    {
        "productData": {
            "name": "Monster Super Fuel Zero Sugar Energy Drink 550ml",
            "productId": "5284331_ea_000",
            "productShopPage": "https://www.newworld.co.nz/shop/product/5284331_ea_000nw",
            "productImageURL": "https://a.fsimg.co.nz/product/retail/fan/image/master/5284331.png",
            "productDescription": "Product of Imported",
            "volume": "550mL",
            "multipack": {
                "quantity": "1"
            }
        },
        "priceData": {
            "bestPrice": "3.49",
            "price": "3.49",
            "pricePerLitre": 6.345454545454546,
            "bestPricePerLitre": 6.345454545454546
        },
        "store": {
            "id": "a799b706-07b8-4825-9524-95b03c9e0b14",
            "name": "New World Westend"
        }
    },
    {
        "productData": {
            "name": "Mother Energy Drink Can 500ml",
            "productId": "5011153_ea_000",
            "productShopPage": "https://www.newworld.co.nz/shop/product/5011153_ea_000nw",
            "productImageURL": "https://a.fsimg.co.nz/product/retail/fan/image/master/5011153.png",
            "productDescription": "Contains Caffeine.\n\nProduct of New Zealand",
            "volume": "500mL",
            "multipack": {
                "quantity": "1"
            }
        },
        "priceData": {
            "bestPrice": "1.99",
            "price": "1.99",
            "pricePerLitre": 4.0,
            "bestPricePerLitre": 4.0
        },
        "store": {
            "id": "a799b706-07b8-4825-9524-95b03c9e0b14",
            "name": "New World Westend"
        }
    },
    {
        "productData": {
            "name": "Monster Super Fuel Purple Passion Energy Drink 550ml",
            "productId": "5284332_ea_000",
            "productShopPage": "https://www.newworld.co.nz/shop/product/5284332_ea_000nw",
            "productImageURL": "https://a.fsimg.co.nz/product/retail/fan/image/master/5284332.png",
            "productDescription": "Product of Imported",
            "volume": "550mL",
            "multipack": {
                "quantity": "1"
            }
        },
        "priceData": {
            "bestPrice": "3.49",
            "price": "3.49",
            "pricePerLitre": 6.345454545454546,
            "bestPricePerLitre": 6.345454545454546
        },
        "store": {
            "id": "a799b706-07b8-4825-9524-95b03c9e0b14",
            "name": "New World Westend"
        }
    },
    {
        "productData": {
            "name": "Mother Energy Drink Can 6pk",
            "productId": "5009490_ea_000",
            "productShopPage": "https://www.newworld.co.nz/shop/product/5009490_ea_000nw",
            "productImageURL": "https://a.fsimg.co.nz/product/retail/fan/image/master/5009490.png",
            "productDescription": "Contains Caffeine.\n\nProduct of New Zealand",
            "volume": "250mL",
            "multipack": {
                "quantity": "6"
            }
        },
        "priceData": {
            "bestPrice": "7.49",
            "price": "7.49",
            "pricePerLitre": 5.0,
            "bestPricePerLitre": 5.0
        },
        "store": {
            "id": "a799b706-07b8-4825-9524-95b03c9e0b14",
            "name": "New World Westend"
        }
    },
    {
        "productData": {
            "name": "Monster Pipeline Punch Energy Drink 500ml",
            "productId": "5242373_ea_000",
            "productShopPage": "https://www.newworld.co.nz/shop/product/5242373_ea_000nw",
            "productImageURL": "https://a.fsimg.co.nz/product/retail/fan/image/master/5242373.png",
            "productDescription": "Product of Imported",
            "volume": "500mL",
            "multipack": {
                "quantity": "1"
            }
        },
        "priceData": {
            "bestPrice": "2.99",
            "price": "2.99",
            "pricePerLitre": 6.0,
            "bestPricePerLitre": 6.0
        },
        "store": {
            "id": "a799b706-07b8-4825-9524-95b03c9e0b14",
            "name": "New World Westend"
        }
    },
    {
        "productData": {
            "name": "Monster Energy Drink 500ml",
            "productId": "5007647_ea_000",
            "productShopPage": "https://www.newworld.co.nz/shop/product/5007647_ea_000nw",
            "productImageURL": "https://a.fsimg.co.nz/product/retail/fan/image/master/5007647.png",
            "productDescription": "Contains Caffeine.\n\nProduct of Imported",
            "volume": "500mL",
            "multipack": {
                "quantity": "1"
            }
        },
        "priceData": {
            "bestPrice": "2.99",
            "price": "2.99",
            "pricePerLitre": 6.0,
            "bestPricePerLitre": 6.0
        },
        "store": {
            "id": "a799b706-07b8-4825-9524-95b03c9e0b14",
            "name": "New World Westend"
        }
    },
    {
        "productData": {
            "name": "Monster Ultra Zero Drink 4pk",
            "productId": "5213974_ea_000",
            "productShopPage": "https://www.newworld.co.nz/shop/product/5213974_ea_000nw",
            "productImageURL": "https://a.fsimg.co.nz/product/retail/fan/image/master/5213974.png",
            "productDescription": "Product of Imported",
            "volume": "500mL",
            "multipack": {
                "quantity": "4"
            }
        },
        "priceData": {
            "bestPrice": "11.99",
            "price": "11.99",
            "pricePerLitre": 6.0,
            "bestPricePerLitre": 6.0
        },
        "store": {
            "id": "a799b706-07b8-4825-9524-95b03c9e0b14",
            "name": "New World Westend"
        }
    },
    {
        "productData": {
            "name": "Monster Energy Drink 4pk",
            "productId": "5107264_ea_000",
            "productShopPage": "https://www.newworld.co.nz/shop/product/5107264_ea_000nw",
            "productImageURL": "https://a.fsimg.co.nz/product/retail/fan/image/master/5107264.png",
            "productDescription": "Product of Imported",
            "volume": "",
            "multipack": {
                "quantity": ""
            }
        },
        "priceData": {
            "bestPrice": "11.99",
            "price": "11.99",
            "pricePerLitre": 6.0,
            "bestPricePerLitre": 6.0
        },
        "store": {
            "id": "a799b706-07b8-4825-9524-95b03c9e0b14",
            "name": "New World Westend"
        }
    },
    {
        "productData": {
            "name": "V Sugarfree Guarana Energy Drink 500ml",
            "productId": "5007644_ea_000",
            "productShopPage": "https://www.newworld.co.nz/shop/product/5007644_ea_000nw",
            "productImageURL": "https://a.fsimg.co.nz/product/retail/fan/image/master/5007644.png",
            "productDescription": "Sugar Free.\n\nProduct of New Zealand",
            "volume": "500mL",
            "multipack": {
                "quantity": "1"
            }
        },
        "priceData": {
            "bestPrice": "3.49",
            "price": "3.49",
            "pricePerLitre": 7.0,
            "bestPricePerLitre": 7.0
        },
        "store": {
            "id": "a799b706-07b8-4825-9524-95b03c9e0b14",
            "name": "New World Westend"
        }
    },
    {
        "productData": {
            "name": "V Original Guarana Energy Drink 500ml",
            "productId": "5004703_ea_000",
            "productShopPage": "https://www.newworld.co.nz/shop/product/5004703_ea_000nw",
            "productImageURL": "https://a.fsimg.co.nz/product/retail/fan/image/master/5004703.png",
            "productDescription": "Contains Caffeine.\n\nProduct of New Zealand",
            "volume": "500mL",
            "multipack": {
                "quantity": "1"
            }
        },
        "priceData": {
            "bestPrice": "3.49",
            "price": "3.49",
            "pricePerLitre": 7.0,
            "bestPricePerLitre": 7.0
        },
        "store": {
            "id": "a799b706-07b8-4825-9524-95b03c9e0b14",
            "name": "New World Westend"
        }
    },
    {
        "productData": {
            "name": "V Original Guarana Energy Drink 500ml",
            "productId": "5007441_ea_000",
            "productShopPage": "https://www.newworld.co.nz/shop/product/5007441_ea_000nw",
            "productImageURL": "https://a.fsimg.co.nz/product/retail/fan/image/master/5007441.png",
            "productDescription": "Buy 2 for $5.00.\n\n\nContains Wheat Derivatives, Caffeine.\n\nProduct of New Zealand",
            "volume": "500mL",
            "multipack": {
                "quantity": "1"
            }
        },
        "priceData": {
            "bestPrice": 2.5,
            "price": 2.0,
            "pricePerLitre": 4.0,
            "bestPricePerLitre": 5.0,
            "multiBuy": {
                "quantity": 2.0,
                "value": 5.0,
                "perUnit": 2.5
            }
        },
        "store": {
            "id": "a799b706-07b8-4825-9524-95b03c9e0b14",
            "name": "New World Westend"
        }
    },
    {
        "productData": {
            "name": "V Blue Guarana Energy Drink 250ml",
            "productId": "5007495_ea_000",
            "productShopPage": "https://www.newworld.co.nz/shop/product/5007495_ea_000nw",
            "productImageURL": "https://a.fsimg.co.nz/product/retail/fan/image/master/5007495.png",
            "productDescription": "Contains Caffeine, Wheat Derivatives.\n\nProduct of New Zealand",
            "volume": "250mL",
            "multipack": {
                "quantity": "1"
            }
        },
        "priceData": {
            "bestPrice": "1.99",
            "price": "1.99",
            "pricePerLitre": 8.0,
            "bestPricePerLitre": 8.0
        },
        "store": {
            "id": "e2852742-1bb5-42a5-8635-4c4e7c7cb758",
            "name": "New World Marton"
        }
    },
    {
        "productData": {
            "name": "V Sugarfree Guarana Energy Drink 250ml",
            "productId": "5001639_ea_000",
            "productShopPage": "https://www.newworld.co.nz/shop/product/5001639_ea_000nw",
            "productImageURL": "https://a.fsimg.co.nz/product/retail/fan/image/master/5001639.png",
            "productDescription": "Sugar Free. Contains Caffeine.\n\nProduct of New Zealand",
            "volume": "250mL",
            "multipack": {
                "quantity": "1"
            }
        },
        "priceData": {
            "bestPrice": "1.99",
            "price": "1.99",
            "pricePerLitre": 8.0,
            "bestPricePerLitre": 8.0
        },
        "store": {
            "id": "e2852742-1bb5-42a5-8635-4c4e7c7cb758",
            "name": "New World Marton"
        }
    },
    {
        "productData": {
            "name": "Live Plus Ascend Energy Drink 250ml",
            "productId": "5236675_ea_000",
            "productShopPage": "https://www.newworld.co.nz/shop/product/5236675_ea_000nw",
            "productImageURL": "https://a.fsimg.co.nz/product/retail/fan/image/master/5236675.png",
            "productDescription": "Limit 12 assorted.\n\n\n\n\nProduct of New Zealand",
            "volume": "",
            "multipack": {
                "quantity": ""
            }
        },
        "priceData": {
            "bestPrice": "0.99",
            "price": "0.99"
        },
        "store": {
            "id": "e2852742-1bb5-42a5-8635-4c4e7c7cb758",
            "name": "New World Marton"
        }
    },
    {
        "productData": {
            "name": "Monster Energy Drink 550ml",
            "productId": "5007646_ea_000",
            "productShopPage": "https://www.newworld.co.nz/shop/product/5007646_ea_000nw",
            "productImageURL": "https://a.fsimg.co.nz/product/retail/fan/image/master/5007646.png",
            "productDescription": "Contains Caffeine.\n\nProduct of Imported",
            "volume": "550mL",
            "multipack": {
                "quantity": "1"
            }
        },
        "priceData": {
            "bestPrice": "3.69",
            "price": "3.69",
            "pricePerLitre": 6.7,
            "bestPricePerLitre": 6.7
        },
        "store": {
            "id": "e2852742-1bb5-42a5-8635-4c4e7c7cb758",
            "name": "New World Marton"
        }
    },
    {
        "productData": {
            "name": "Live Plus Tart Apple Energy Drink 250ml",
            "productId": "5236676_ea_000",
            "productShopPage": "https://www.newworld.co.nz/shop/product/5236676_ea_000nw",
            "productImageURL": "https://a.fsimg.co.nz/product/retail/fan/image/master/5236676.png",
            "productDescription": "Limit 12 assorted.\n\n\n\n\nProduct of New Zealand",
            "volume": "250mL",
            "multipack": {
                "quantity": "1"
            }
        },
        "priceData": {
            "bestPrice": "0.99",
            "price": "0.99",
            "pricePerLitre": 3.96,
            "bestPricePerLitre": 3.96
        },
        "store": {
            "id": "e2852742-1bb5-42a5-8635-4c4e7c7cb758",
            "name": "New World Marton"
        }
    },
    {
        "productData": {
            "name": "Live Plus Persist Energy Drink 250ml",
            "productId": "5236678_ea_000",
            "productShopPage": "https://www.newworld.co.nz/shop/product/5236678_ea_000nw",
            "productImageURL": "https://a.fsimg.co.nz/product/retail/fan/image/master/5236678.png",
            "productDescription": "Limit 12 assorted.\n\n\n\n\nProduct of New Zealand",
            "volume": "",
            "multipack": {
                "quantity": ""
            }
        },
        "priceData": {
            "bestPrice": "0.99",
            "price": "0.99"
        },
        "store": {
            "id": "e2852742-1bb5-42a5-8635-4c4e7c7cb758",
            "name": "New World Marton"
        }
    },
    {
        "productData": {
            "name": "V Sugarfree Blue Guarana Energy Drink 500ml",
            "productId": "5283362_ea_000",
            "productShopPage": "https://www.newworld.co.nz/shop/product/5283362_ea_000nw",
            "productImageURL": "https://a.fsimg.co.nz/product/retail/fan/image/master/5283362.png",
            "productDescription": "Sugar free\n\nProduct of New Zealand",
            "volume": "500mL",
            "multipack": {
                "quantity": "1"
            }
        },
        "priceData": {
            "bestPrice": "3.49",
            "price": "3.49",
            "pricePerLitre": 7.0,
            "bestPricePerLitre": 7.0
        },
        "store": {
            "id": "e2852742-1bb5-42a5-8635-4c4e7c7cb758",
            "name": "New World Marton"
        }
    },
    {
        "productData": {
            "name": "V Original Guarana Energy Drink 350ml",
            "productId": "5003156_ea_000",
            "productShopPage": "https://www.newworld.co.nz/shop/product/5003156_ea_000nw",
            "productImageURL": "https://a.fsimg.co.nz/product/retail/fan/image/master/5003156.png",
            "productDescription": "Buy 2 for $5.00.\n\n\nContains Caffeine.\n\nProduct of New Zealand",
            "volume": "350mL",
            "multipack": {
                "quantity": "1"
            }
        },
        "priceData": {
            "bestPrice": 2.5,
            "price": 2.0,
            "pricePerLitre": 5.714285714285714,
            "bestPricePerLitre": 7.142857142857143,
            "multiBuy": {
                "quantity": 2.0,
                "value": 5.0,
                "perUnit": 2.5
            }
        },
        "store": {
            "id": "e2852742-1bb5-42a5-8635-4c4e7c7cb758",
            "name": "New World Marton"
        }
    },
    {
        "productData": {
            "name": "V Blue Guarana Energy Drink 350ml",
            "productId": "5007492_ea_000",
            "productShopPage": "https://www.newworld.co.nz/shop/product/5007492_ea_000nw",
            "productImageURL": "https://a.fsimg.co.nz/product/retail/fan/image/master/5007492.png",
            "productDescription": "Buy 2 for $5.00.\n\n\nContains Caffeine, Wheat Derivatives.\n\nProduct of New Zealand",
            "volume": "350mL",
            "multipack": {
                "quantity": "1"
            }
        },
        "priceData": {
            "bestPrice": 2.5,
            "price": 2.0,
            "pricePerLitre": 5.714285714285714,
            "bestPricePerLitre": 7.142857142857143,
            "multiBuy": {
                "quantity": 2.0,
                "value": 5.0,
                "perUnit": 2.5
            }
        },
        "store": {
            "id": "e2852742-1bb5-42a5-8635-4c4e7c7cb758",
            "name": "New World Marton"
        }
    },
    {
        "productData": {
            "name": "V Blue Energy Drink 500ml",
            "productId": "5020662_ea_000",
            "productShopPage": "https://www.newworld.co.nz/shop/product/5020662_ea_000nw",
            "productImageURL": "https://a.fsimg.co.nz/product/retail/fan/image/master/5020662.png",
            "productDescription": "Buy 2 for $5.00.\n\n\n\n\nProduct of New Zealand",
            "volume": "500mL",
            "multipack": {
                "quantity": "1"
            }
        },
        "priceData": {
            "bestPrice": 2.5,
            "price": 2.0,
            "pricePerLitre": 4.0,
            "bestPricePerLitre": 5.0,
            "multiBuy": {
                "quantity": 2.0,
                "value": 5.0,
                "perUnit": 2.5
            }
        },
        "store": {
            "id": "e2852742-1bb5-42a5-8635-4c4e7c7cb758",
            "name": "New World Marton"
        }
    },
    {
        "productData": {
            "name": "V Blue Guarana Energy Drink 500ml",
            "productId": "5007494_ea_000",
            "productShopPage": "https://www.newworld.co.nz/shop/product/5007494_ea_000nw",
            "productImageURL": "https://a.fsimg.co.nz/product/retail/fan/image/master/5007494.png",
            "productDescription": "Contains Wheat Derivatives, Caffeine.\n\nProduct of New Zealand",
            "volume": "500mL",
            "multipack": {
                "quantity": "1"
            }
        },
        "priceData": {
            "bestPrice": "3.49",
            "price": "3.49",
            "pricePerLitre": 7.0,
            "bestPricePerLitre": 7.0
        },
        "store": {
            "id": "e2852742-1bb5-42a5-8635-4c4e7c7cb758",
            "name": "New World Marton"
        }
    },
    {
        "productData": {
            "name": "Red Bull Energy Drink 473ml",
            "productId": "5005255_ea_000",
            "productShopPage": "https://www.newworld.co.nz/shop/product/5005255_ea_000nw",
            "productImageURL": "https://a.fsimg.co.nz/product/retail/fan/image/master/5005255.png",
            "productDescription": "Red Bull Energy Drink's special formula contains ingredients of high quality: Caffeine, Taurine, B-Group Vitamins, Sugars, Alpine Water.One 250ml can of Red Bull Energy Drinks contains 80 mg of caffeine, about the same amount as in a cup of home-brewed coffee.The amount of sugars in a can of Red Bull Energy Drink is comparable to the level of sugars in an equivalent amount of apple or orange juice – 11 g per 100ml.Red Bull cans are made of 100% recyclable aluminium.Red Bull Energy Drink 473ml canVitalizes Body and Mind.®RED BULL GIVES YOU WINGSInspired by functional drinks from the Far East, Dietrich Mateschitz founded Red Bull in the mid-1980s. He developed a new product and a unique marketing concept and launched Red Bull Energy Drink on April 1, 1987 in Austria. A brand new product category - Energy Drinks - was born.\n\nProduct of Imported",
            "volume": "473mL",
            "multipack": {
                "quantity": "1"
            }
        },
        "priceData": {
            "bestPrice": "3.59",
            "price": "3.59",
            "pricePerLitre": 7.6,
            "bestPricePerLitre": 7.6
        },
        "store": {
            "id": "e2852742-1bb5-42a5-8635-4c4e7c7cb758",
            "name": "New World Marton"
        }
    },
    {
        "productData": {
            "name": "V Original Guarana Energy Drink 250ml",
            "productId": "5003151_ea_000",
            "productShopPage": "https://www.newworld.co.nz/shop/product/5003151_ea_000nw",
            "productImageURL": "https://a.fsimg.co.nz/product/retail/fan/image/master/5003151.png",
            "productDescription": "Contains Caffeine.\n\nProduct of New Zealand",
            "volume": "250mL",
            "multipack": {
                "quantity": "1"
            }
        },
        "priceData": {
            "bestPrice": "1.99",
            "price": "1.99",
            "pricePerLitre": 8.0,
            "bestPricePerLitre": 8.0
        },
        "store": {
            "id": "e2852742-1bb5-42a5-8635-4c4e7c7cb758",
            "name": "New World Marton"
        }
    },
    {
        "productData": {
            "name": "Red Bull Energy Drink 250ml Cans 4pk",
            "productId": "5001443_ea_000",
            "productShopPage": "https://www.newworld.co.nz/shop/product/5001443_ea_000nw",
            "productImageURL": "https://a.fsimg.co.nz/product/retail/fan/image/master/5001443.png",
            "productDescription": "Red Bull Energy Drink's special formula contains ingredients of high quality: Caffeine, Taurine, B-Group Vitamins, Sugars, Alpine Water.One 250ml can of Red Bull Energy Drinks contains 80 mg of caffeine, about the same amount as in a cup of home-brewed coffee.The amount of sugars in a can of Red Bull Energy Drink is comparable to the level of sugars in an equivalent amount of apple or orange juice – 11 g per 100ml.Red Bull cans are made of 100% recyclable aluminium.Pack of four 250ml Red Bull Energy Drink cansVitalizes Body and Mind.®RED BULL GIVES YOU WINGSInspired by functional drinks from the Far East, Dietrich Mateschitz founded Red Bull in the mid-1980s. He developed a new product and a unique marketing concept and launched Red Bull Energy Drink on April 1, 1987 in Austria. A brand new product category - Energy Drinks - was born.",
            "volume": "250mL",
            "multipack": {
                "quantity": "4"
            }
        },
        "priceData": {
            "bestPrice": "8.29",
            "price": "8.29",
            "pricePerLitre": 8.299999999999999,
            "bestPricePerLitre": 8.299999999999999
        },
        "store": {
            "id": "e2852742-1bb5-42a5-8635-4c4e7c7cb758",
            "name": "New World Marton"
        }
    },
    {
        "productData": {
            "name": "Lucozade Orange Energy Drink 380ml",
            "productId": "5009239_ea_000",
            "productShopPage": "https://www.newworld.co.nz/shop/product/5009239_ea_000nw",
            "productImageURL": "https://a.fsimg.co.nz/product/retail/fan/image/master/5009239.png",
            "productDescription": "Powered by Glucose.\n\nProduct of New Zealand",
            "volume": "380mL",
            "multipack": {
                "quantity": "1"
            }
        },
        "priceData": {
            "bestPrice": "2.69",
            "price": "2.69",
            "pricePerLitre": 7.08,
            "bestPricePerLitre": 7.08
        },
        "store": {
            "id": "e2852742-1bb5-42a5-8635-4c4e7c7cb758",
            "name": "New World Marton"
        }
    },
    {
        "productData": {
            "name": "V Pure Natural Energy Drink Glass Bottle 330ml",
            "productId": "5237753_ea_000",
            "productShopPage": "https://www.newworld.co.nz/shop/product/5237753_ea_000nw",
            "productImageURL": "https://a.fsimg.co.nz/product/retail/fan/image/master/5237753.png",
            "productDescription": "Buy 2 for $5.00.\n\n\nNothing artificial\n\nProduct of New Zealand",
            "volume": "330mL",
            "multipack": {
                "quantity": "1"
            }
        },
        "priceData": {
            "bestPrice": 2.5,
            "price": 2.0,
            "pricePerLitre": 6.0606060606060606,
            "bestPricePerLitre": 7.575757575757575,
            "multiBuy": {
                "quantity": 2.0,
                "value": 5.0,
                "perUnit": 2.5
            }
        },
        "store": {
            "id": "e2852742-1bb5-42a5-8635-4c4e7c7cb758",
            "name": "New World Marton"
        }
    },
    {
        "productData": {
            "name": "Lucozade Original Energy Drink 380ml",
            "productId": "5009240_ea_000",
            "productShopPage": "https://www.newworld.co.nz/shop/product/5009240_ea_000nw",
            "productImageURL": "https://a.fsimg.co.nz/product/retail/fan/image/master/5009240.png",
            "productDescription": "Energy from Glucose.\n\nProduct of New Zealand",
            "volume": "380mL",
            "multipack": {
                "quantity": "1"
            }
        },
        "priceData": {
            "bestPrice": "2.69",
            "price": "2.69",
            "pricePerLitre": 7.08,
            "bestPricePerLitre": 7.08
        },
        "store": {
            "id": "e2852742-1bb5-42a5-8635-4c4e7c7cb758",
            "name": "New World Marton"
        }
    },
    {
        "productData": {
            "name": "Rockstar Watermelon Freeze Energy Drink 500ml",
            "productId": "5257298_ea_000",
            "productShopPage": "https://www.newworld.co.nz/shop/product/5257298_ea_000nw",
            "productImageURL": "https://a.fsimg.co.nz/product/retail/fan/image/master/5257298.png",
            "productDescription": "Buy 3 for $5.00.\n\n\n\n\nProduct of New Zealand",
            "volume": "500mL",
            "multipack": {
                "quantity": "1"
            }
        },
        "priceData": {
            "bestPrice": 1.6666666666666667,
            "price": 1.0,
            "pricePerLitre": 2.0,
            "bestPricePerLitre": 3.3333333333333335,
            "multiBuy": {
                "quantity": 3.0,
                "value": 5.0,
                "perUnit": 1.6666666666666667
            }
        },
        "store": {
            "id": "e2852742-1bb5-42a5-8635-4c4e7c7cb758",
            "name": "New World Marton"
        }
    },
    {
        "productData": {
            "name": "V Pure Natural Energy Drink Can 250ml",
            "productId": "5237735_ea_000",
            "productShopPage": "https://www.newworld.co.nz/shop/product/5237735_ea_000nw",
            "productImageURL": "https://a.fsimg.co.nz/product/retail/fan/image/master/5237735.png",
            "productDescription": "6 natural ingredients; Nothing artificial; Apple juice - Apple and lemon juice is reconstituted; Lemon juice - Apple and lemon juice is reconstituted\n\nProduct of New Zealand",
            "volume": "250mL",
            "multipack": {
                "quantity": "1"
            }
        },
        "priceData": {
            "bestPrice": "1.99",
            "price": "1.99",
            "pricePerLitre": 8.0,
            "bestPricePerLitre": 8.0
        },
        "store": {
            "id": "e2852742-1bb5-42a5-8635-4c4e7c7cb758",
            "name": "New World Marton"
        }
    },
    {
        "productData": {
            "name": "Rockstar Original Energy Drink 500ml",
            "productId": "5215383_ea_000",
            "productShopPage": "https://www.newworld.co.nz/shop/product/5215383_ea_000nw",
            "productImageURL": "https://a.fsimg.co.nz/product/retail/fan/image/master/5215383.png",
            "productDescription": "Buy 3 for $5.00.\n\n\nCaffeine; B vitamins; Vitamin C; Taurine; Ginseng\n\nProduct of New Zealand",
            "volume": "500mL",
            "multipack": {
                "quantity": "1"
            }
        },
        "priceData": {
            "bestPrice": 1.6666666666666667,
            "price": 1.0,
            "pricePerLitre": 2.0,
            "bestPricePerLitre": 3.3333333333333335,
            "multiBuy": {
                "quantity": 3.0,
                "value": 5.0,
                "perUnit": 1.6666666666666667
            }
        },
        "store": {
            "id": "e2852742-1bb5-42a5-8635-4c4e7c7cb758",
            "name": "New World Marton"
        }
    },
    {
        "productData": {
            "name": "V Berry Twist Sugar Free Can 500ml",
            "productId": "5254654_ea_000",
            "productShopPage": "https://www.newworld.co.nz/shop/product/5254654_ea_000nw",
            "productImageURL": "https://a.fsimg.co.nz/product/retail/fan/image/master/5254654.png",
            "productDescription": "Sugarfree\n\nProduct of New Zealand",
            "volume": "500mL",
            "multipack": {
                "quantity": "1"
            }
        },
        "priceData": {
            "bestPrice": "3.49",
            "price": "3.49",
            "pricePerLitre": 7.0,
            "bestPricePerLitre": 7.0
        },
        "store": {
            "id": "e2852742-1bb5-42a5-8635-4c4e7c7cb758",
            "name": "New World Marton"
        }
    },
    {
        "productData": {
            "name": "V Raspberry Lemonade Can 500ml",
            "productId": "5264523_ea_000",
            "productShopPage": "https://www.newworld.co.nz/shop/product/5264523_ea_000nw",
            "productImageURL": "https://a.fsimg.co.nz/product/retail/fan/image/master/5264523.png",
            "productDescription": "Product of New Zealand",
            "volume": "500mL",
            "multipack": {
                "quantity": "1"
            }
        },
        "priceData": {
            "bestPrice": "3.49",
            "price": "3.49",
            "pricePerLitre": 7.0,
            "bestPricePerLitre": 7.0
        },
        "store": {
            "id": "e2852742-1bb5-42a5-8635-4c4e7c7cb758",
            "name": "New World Marton"
        }
    },
    {
        "productData": {
            "name": "Monster Mango Loco Energy Drink 500ml",
            "productId": "5242374_ea_000",
            "productShopPage": "https://www.newworld.co.nz/shop/product/5242374_ea_000nw",
            "productImageURL": "https://a.fsimg.co.nz/product/retail/fan/image/master/5242374.png",
            "productDescription": "Product of Imported",
            "volume": "500mL",
            "multipack": {
                "quantity": "1"
            }
        },
        "priceData": {
            "bestPrice": "2.99",
            "price": "2.99",
            "pricePerLitre": 6.0,
            "bestPricePerLitre": 6.0
        },
        "store": {
            "id": "e2852742-1bb5-42a5-8635-4c4e7c7cb758",
            "name": "New World Marton"
        }
    },
    {
        "productData": {
            "name": "Monster Zero Sugar Ultra Rosa Energy Drink 500ml",
            "productId": "5278094_ea_000",
            "productShopPage": "https://www.newworld.co.nz/shop/product/5278094_ea_000nw",
            "productImageURL": "https://a.fsimg.co.nz/product/retail/fan/image/master/5278094.png",
            "productDescription": "Product of Imported",
            "volume": "500mL",
            "multipack": {
                "quantity": "1"
            }
        },
        "priceData": {
            "bestPrice": "2.99",
            "price": "2.99",
            "pricePerLitre": 6.0,
            "bestPricePerLitre": 6.0
        },
        "store": {
            "id": "e2852742-1bb5-42a5-8635-4c4e7c7cb758",
            "name": "New World Marton"
        }
    },
    {
        "productData": {
            "name": "Monster Mule Energy Drink 500ml",
            "productId": "5269459_ea_000",
            "productShopPage": "https://www.newworld.co.nz/shop/product/5269459_ea_000nw",
            "productImageURL": "https://a.fsimg.co.nz/product/retail/fan/image/master/5269459.png",
            "productDescription": "Product of Imported",
            "volume": "500mL",
            "multipack": {
                "quantity": "1"
            }
        },
        "priceData": {
            "bestPrice": "2.99",
            "price": "2.99",
            "pricePerLitre": 6.0,
            "bestPricePerLitre": 6.0
        },
        "store": {
            "id": "e2852742-1bb5-42a5-8635-4c4e7c7cb758",
            "name": "New World Marton"
        }
    },
    {
        "productData": {
            "name": "Monster Ultra Paradise Energy Drink 500ml",
            "productId": "5261257_ea_000",
            "productShopPage": "https://www.newworld.co.nz/shop/product/5261257_ea_000nw",
            "productImageURL": "https://a.fsimg.co.nz/product/retail/fan/image/master/5261257.png",
            "productDescription": "Product of Imported",
            "volume": "500mL",
            "multipack": {
                "quantity": "1"
            }
        },
        "priceData": {
            "bestPrice": "2.99",
            "price": "2.99",
            "pricePerLitre": 6.0,
            "bestPricePerLitre": 6.0
        },
        "store": {
            "id": "e2852742-1bb5-42a5-8635-4c4e7c7cb758",
            "name": "New World Marton"
        }
    },
    {
        "productData": {
            "name": "Monster Ultra Zero Drink 500ml",
            "productId": "5090618_ea_000",
            "productShopPage": "https://www.newworld.co.nz/shop/product/5090618_ea_000nw",
            "productImageURL": "https://a.fsimg.co.nz/product/retail/fan/image/master/5090618.png",
            "productDescription": "A little less sweet, lighter-tasting, zero calories, but with a full load of our Monster energy blend. Sure, white is the new black. Monster Energy Zero Ultra. Unleash the Ultra Beast!\n\nProduct of Imported",
            "volume": "500mL",
            "multipack": {
                "quantity": "1"
            }
        },
        "priceData": {
            "bestPrice": "2.99",
            "price": "2.99",
            "pricePerLitre": 6.0,
            "bestPricePerLitre": 6.0
        },
        "store": {
            "id": "e2852742-1bb5-42a5-8635-4c4e7c7cb758",
            "name": "New World Marton"
        }
    },
    {
        "productData": {
            "name": "Monster Super Fuel Zero Sugar Energy Drink 550ml",
            "productId": "5284331_ea_000",
            "productShopPage": "https://www.newworld.co.nz/shop/product/5284331_ea_000nw",
            "productImageURL": "https://a.fsimg.co.nz/product/retail/fan/image/master/5284331.png",
            "productDescription": "Product of Imported",
            "volume": "550mL",
            "multipack": {
                "quantity": "1"
            }
        },
        "priceData": {
            "bestPrice": "3.49",
            "price": "3.49",
            "pricePerLitre": 6.345454545454546,
            "bestPricePerLitre": 6.345454545454546
        },
        "store": {
            "id": "e2852742-1bb5-42a5-8635-4c4e7c7cb758",
            "name": "New World Marton"
        }
    },
    {
        "productData": {
            "name": "Mother Energy Drink Can 500ml",
            "productId": "5011153_ea_000",
            "productShopPage": "https://www.newworld.co.nz/shop/product/5011153_ea_000nw",
            "productImageURL": "https://a.fsimg.co.nz/product/retail/fan/image/master/5011153.png",
            "productDescription": "Contains Caffeine.\n\nProduct of New Zealand",
            "volume": "500mL",
            "multipack": {
                "quantity": "1"
            }
        },
        "priceData": {
            "bestPrice": "1.99",
            "price": "1.99",
            "pricePerLitre": 4.0,
            "bestPricePerLitre": 4.0
        },
        "store": {
            "id": "e2852742-1bb5-42a5-8635-4c4e7c7cb758",
            "name": "New World Marton"
        }
    },
    {
        "productData": {
            "name": "Monster Super Fuel Purple Passion Energy Drink 550ml",
            "productId": "5284332_ea_000",
            "productShopPage": "https://www.newworld.co.nz/shop/product/5284332_ea_000nw",
            "productImageURL": "https://a.fsimg.co.nz/product/retail/fan/image/master/5284332.png",
            "productDescription": "Product of Imported",
            "volume": "550mL",
            "multipack": {
                "quantity": "1"
            }
        },
        "priceData": {
            "bestPrice": "3.49",
            "price": "3.49",
            "pricePerLitre": 6.345454545454546,
            "bestPricePerLitre": 6.345454545454546
        },
        "store": {
            "id": "e2852742-1bb5-42a5-8635-4c4e7c7cb758",
            "name": "New World Marton"
        }
    },
    {
        "productData": {
            "name": "Mother Energy Drink Can 6pk",
            "productId": "5009490_ea_000",
            "productShopPage": "https://www.newworld.co.nz/shop/product/5009490_ea_000nw",
            "productImageURL": "https://a.fsimg.co.nz/product/retail/fan/image/master/5009490.png",
            "productDescription": "Contains Caffeine.\n\nProduct of New Zealand",
            "volume": "250mL",
            "multipack": {
                "quantity": "6"
            }
        },
        "priceData": {
            "bestPrice": "7.49",
            "price": "7.49",
            "pricePerLitre": 5.0,
            "bestPricePerLitre": 5.0
        },
        "store": {
            "id": "e2852742-1bb5-42a5-8635-4c4e7c7cb758",
            "name": "New World Marton"
        }
    },
    {
        "productData": {
            "name": "Monster Pipeline Punch Energy Drink 500ml",
            "productId": "5242373_ea_000",
            "productShopPage": "https://www.newworld.co.nz/shop/product/5242373_ea_000nw",
            "productImageURL": "https://a.fsimg.co.nz/product/retail/fan/image/master/5242373.png",
            "productDescription": "Product of Imported",
            "volume": "500mL",
            "multipack": {
                "quantity": "1"
            }
        },
        "priceData": {
            "bestPrice": "2.99",
            "price": "2.99",
            "pricePerLitre": 6.0,
            "bestPricePerLitre": 6.0
        },
        "store": {
            "id": "e2852742-1bb5-42a5-8635-4c4e7c7cb758",
            "name": "New World Marton"
        }
    },
    {
        "productData": {
            "name": "Monster Energy Drink 500ml",
            "productId": "5007647_ea_000",
            "productShopPage": "https://www.newworld.co.nz/shop/product/5007647_ea_000nw",
            "productImageURL": "https://a.fsimg.co.nz/product/retail/fan/image/master/5007647.png",
            "productDescription": "Contains Caffeine.\n\nProduct of Imported",
            "volume": "500mL",
            "multipack": {
                "quantity": "1"
            }
        },
        "priceData": {
            "bestPrice": "2.99",
            "price": "2.99",
            "pricePerLitre": 6.0,
            "bestPricePerLitre": 6.0
        },
        "store": {
            "id": "e2852742-1bb5-42a5-8635-4c4e7c7cb758",
            "name": "New World Marton"
        }
    },
    {
        "productData": {
            "name": "Monster Ultra Zero Drink 4pk",
            "productId": "5213974_ea_000",
            "productShopPage": "https://www.newworld.co.nz/shop/product/5213974_ea_000nw",
            "productImageURL": "https://a.fsimg.co.nz/product/retail/fan/image/master/5213974.png",
            "productDescription": "Product of Imported",
            "volume": "500mL",
            "multipack": {
                "quantity": "4"
            }
        },
        "priceData": {
            "bestPrice": "11.99",
            "price": "11.99",
            "pricePerLitre": 6.0,
            "bestPricePerLitre": 6.0
        },
        "store": {
            "id": "e2852742-1bb5-42a5-8635-4c4e7c7cb758",
            "name": "New World Marton"
        }
    },
    {
        "productData": {
            "name": "Monster Energy Drink 4pk",
            "productId": "5107264_ea_000",
            "productShopPage": "https://www.newworld.co.nz/shop/product/5107264_ea_000nw",
            "productImageURL": "https://a.fsimg.co.nz/product/retail/fan/image/master/5107264.png",
            "productDescription": "Product of Imported",
            "volume": "",
            "multipack": {
                "quantity": ""
            }
        },
        "priceData": {
            "bestPrice": "11.99",
            "price": "11.99",
            "pricePerLitre": 6.0,
            "bestPricePerLitre": 6.0
        },
        "store": {
            "id": "e2852742-1bb5-42a5-8635-4c4e7c7cb758",
            "name": "New World Marton"
        }
    },
    {
        "productData": {
            "name": "V Sugarfree Guarana Energy Drink 500ml",
            "productId": "5007644_ea_000",
            "productShopPage": "https://www.newworld.co.nz/shop/product/5007644_ea_000nw",
            "productImageURL": "https://a.fsimg.co.nz/product/retail/fan/image/master/5007644.png",
            "productDescription": "Sugar Free.\n\nProduct of New Zealand",
            "volume": "500mL",
            "multipack": {
                "quantity": "1"
            }
        },
        "priceData": {
            "bestPrice": "3.49",
            "price": "3.49",
            "pricePerLitre": 7.0,
            "bestPricePerLitre": 7.0
        },
        "store": {
            "id": "e2852742-1bb5-42a5-8635-4c4e7c7cb758",
            "name": "New World Marton"
        }
    },
    {
        "productData": {
            "name": "V Original Guarana Energy Drink 500ml",
            "productId": "5004703_ea_000",
            "productShopPage": "https://www.newworld.co.nz/shop/product/5004703_ea_000nw",
            "productImageURL": "https://a.fsimg.co.nz/product/retail/fan/image/master/5004703.png",
            "productDescription": "Contains Caffeine.\n\nProduct of New Zealand",
            "volume": "500mL",
            "multipack": {
                "quantity": "1"
            }
        },
        "priceData": {
            "bestPrice": "3.49",
            "price": "3.49",
            "pricePerLitre": 7.0,
            "bestPricePerLitre": 7.0
        },
        "store": {
            "id": "e2852742-1bb5-42a5-8635-4c4e7c7cb758",
            "name": "New World Marton"
        }
    },
    {
        "productData": {
            "name": "V Original Guarana Energy Drink 500ml",
            "productId": "5007441_ea_000",
            "productShopPage": "https://www.newworld.co.nz/shop/product/5007441_ea_000nw",
            "productImageURL": "https://a.fsimg.co.nz/product/retail/fan/image/master/5007441.png",
            "productDescription": "Buy 2 for $5.00.\n\n\nContains Wheat Derivatives, Caffeine.\n\nProduct of New Zealand",
            "volume": "500mL",
            "multipack": {
                "quantity": "1"
            }
        },
        "priceData": {
            "bestPrice": 2.5,
            "price": 2.0,
            "pricePerLitre": 4.0,
            "bestPricePerLitre": 5.0,
            "multiBuy": {
                "quantity": 2.0,
                "value": 5.0,
                "perUnit": 2.5
            }
        },
        "store": {
            "id": "e2852742-1bb5-42a5-8635-4c4e7c7cb758",
            "name": "New World Marton"
        }
    },
    {
        "productData": {
            "name": "V Blue Guarana Energy Drink 10pk",
            "productId": "5290181_ea_000",
            "productShopPage": "https://www.newworld.co.nz/shop/product/5290181_ea_000nw",
            "productImageURL": "https://a.fsimg.co.nz/product/retail/fan/image/master/5290181.png",
            "productDescription": "Product of New Zealand",
            "volume": "250mL",
            "multipack": {
                "quantity": "10"
            }
        },
        "priceData": {
            "bestPrice": "17.99",
            "price": "17.99",
            "pricePerLitre": 7.2,
            "bestPricePerLitre": 7.2
        },
        "store": {
            "id": "d4f24174-f962-4db1-9024-75495bb2dfbb",
            "name": "New World Churton Park"
        }
    },
    {
        "productData": {
            "name": "V Blue Guarana Energy Drink 250ml",
            "productId": "5007495_ea_000",
            "productShopPage": "https://www.newworld.co.nz/shop/product/5007495_ea_000nw",
            "productImageURL": "https://a.fsimg.co.nz/product/retail/fan/image/master/5007495.png",
            "productDescription": "Contains Caffeine, Wheat Derivatives.\n\nProduct of New Zealand",
            "volume": "250mL",
            "multipack": {
                "quantity": "1"
            }
        },
        "priceData": {
            "bestPrice": "1.99",
            "price": "1.99",
            "pricePerLitre": 8.0,
            "bestPricePerLitre": 8.0
        },
        "store": {
            "id": "d4f24174-f962-4db1-9024-75495bb2dfbb",
            "name": "New World Churton Park"
        }
    },
    {
        "productData": {
            "name": "V Sugarfree Guarana Energy Drink 250ml",
            "productId": "5001639_ea_000",
            "productShopPage": "https://www.newworld.co.nz/shop/product/5001639_ea_000nw",
            "productImageURL": "https://a.fsimg.co.nz/product/retail/fan/image/master/5001639.png",
            "productDescription": "Sugar Free. Contains Caffeine.\n\nProduct of New Zealand",
            "volume": "250mL",
            "multipack": {
                "quantity": "1"
            }
        },
        "priceData": {
            "bestPrice": "1.99",
            "price": "1.99",
            "pricePerLitre": 8.0,
            "bestPricePerLitre": 8.0
        },
        "store": {
            "id": "d4f24174-f962-4db1-9024-75495bb2dfbb",
            "name": "New World Churton Park"
        }
    },
    {
        "productData": {
            "name": "V Sugarfree Guarana Energy Drink 10pk",
            "productId": "5289890_ea_000",
            "productShopPage": "https://www.newworld.co.nz/shop/product/5289890_ea_000nw",
            "productImageURL": "https://a.fsimg.co.nz/product/retail/fan/image/master/5289890.png",
            "productDescription": "Product of New Zealand",
            "volume": "",
            "multipack": {
                "quantity": ""
            }
        },
        "priceData": {
            "bestPrice": "17.99",
            "price": "17.99",
            "pricePerLitre": 72.0,
            "bestPricePerLitre": 72.0
        },
        "store": {
            "id": "d4f24174-f962-4db1-9024-75495bb2dfbb",
            "name": "New World Churton Park"
        }
    },
    {
        "productData": {
            "name": "V Raspberry Lemonade Guarana Energy Drink 4pk",
            "productId": "5264576_ea_000",
            "productShopPage": "https://www.newworld.co.nz/shop/product/5264576_ea_000nw",
            "productImageURL": "https://a.fsimg.co.nz/product/retail/fan/image/master/5264576.png",
            "productDescription": "Product of New Zealand",
            "volume": "275mL",
            "multipack": {
                "quantity": "4"
            }
        },
        "priceData": {
            "bestPrice": "9.19",
            "price": "9.19",
            "pricePerLitre": 8.355,
            "bestPricePerLitre": 8.355
        },
        "store": {
            "id": "d4f24174-f962-4db1-9024-75495bb2dfbb",
            "name": "New World Churton Park"
        }
    },
    {
        "productData": {
            "name": "Live Plus Tart Apple Energy Drink 250ml",
            "productId": "5236676_ea_000",
            "productShopPage": "https://www.newworld.co.nz/shop/product/5236676_ea_000nw",
            "productImageURL": "https://a.fsimg.co.nz/product/retail/fan/image/master/5236676.png",
            "productDescription": "Limit 12 assorted.\n\n\n\n\nProduct of New Zealand",
            "volume": "250mL",
            "multipack": {
                "quantity": "1"
            }
        },
        "priceData": {
            "bestPrice": "0.99",
            "price": "0.99",
            "pricePerLitre": 3.96,
            "bestPricePerLitre": 3.96
        },
        "store": {
            "id": "d4f24174-f962-4db1-9024-75495bb2dfbb",
            "name": "New World Churton Park"
        }
    },
    {
        "productData": {
            "name": "Live Plus Persist Energy Drink 250ml",
            "productId": "5236678_ea_000",
            "productShopPage": "https://www.newworld.co.nz/shop/product/5236678_ea_000nw",
            "productImageURL": "https://a.fsimg.co.nz/product/retail/fan/image/master/5236678.png",
            "productDescription": "Limit 12 assorted.\n\n\n\n\nProduct of New Zealand",
            "volume": "",
            "multipack": {
                "quantity": ""
            }
        },
        "priceData": {
            "bestPrice": "0.99",
            "price": "0.99"
        },
        "store": {
            "id": "d4f24174-f962-4db1-9024-75495bb2dfbb",
            "name": "New World Churton Park"
        }
    },
    {
        "productData": {
            "name": "V Green Guarana Energy Drink 10pk",
            "productId": "5289889_ea_000",
            "productShopPage": "https://www.newworld.co.nz/shop/product/5289889_ea_000nw",
            "productImageURL": "https://a.fsimg.co.nz/product/retail/fan/image/master/5289889.png",
            "productDescription": "Product of New Zealand",
            "volume": "250mL",
            "multipack": {
                "quantity": "10"
            }
        },
        "priceData": {
            "bestPrice": "17.99",
            "price": "17.99",
            "pricePerLitre": 7.2,
            "bestPricePerLitre": 7.2
        },
        "store": {
            "id": "d4f24174-f962-4db1-9024-75495bb2dfbb",
            "name": "New World Churton Park"
        }
    },
    {
        "productData": {
            "name": "V Sugarfree Blue Guarana Energy Drink 500ml",
            "productId": "5283362_ea_000",
            "productShopPage": "https://www.newworld.co.nz/shop/product/5283362_ea_000nw",
            "productImageURL": "https://a.fsimg.co.nz/product/retail/fan/image/master/5283362.png",
            "productDescription": "Sugar free\n\nProduct of New Zealand",
            "volume": "500mL",
            "multipack": {
                "quantity": "1"
            }
        },
        "priceData": {
            "bestPrice": "3.49",
            "price": "3.49",
            "pricePerLitre": 7.0,
            "bestPricePerLitre": 7.0
        },
        "store": {
            "id": "d4f24174-f962-4db1-9024-75495bb2dfbb",
            "name": "New World Churton Park"
        }
    },
    {
        "productData": {
            "name": "V Original Guarana Energy Drink 350ml",
            "productId": "5003156_ea_000",
            "productShopPage": "https://www.newworld.co.nz/shop/product/5003156_ea_000nw",
            "productImageURL": "https://a.fsimg.co.nz/product/retail/fan/image/master/5003156.png",
            "productDescription": "Buy 2 for $5.00.\n\n\nContains Caffeine.\n\nProduct of New Zealand",
            "volume": "350mL",
            "multipack": {
                "quantity": "1"
            }
        },
        "priceData": {
            "bestPrice": 2.5,
            "price": 2.0,
            "pricePerLitre": 5.714285714285714,
            "bestPricePerLitre": 7.142857142857143,
            "multiBuy": {
                "quantity": 2.0,
                "value": 5.0,
                "perUnit": 2.5
            }
        },
        "store": {
            "id": "d4f24174-f962-4db1-9024-75495bb2dfbb",
            "name": "New World Churton Park"
        }
    },
    {
        "productData": {
            "name": "V Blue Guarana Energy Drink Cans 10pk",
            "productId": "5228254_ea_000",
            "productShopPage": "https://www.newworld.co.nz/shop/product/5228254_ea_000nw",
            "productImageURL": "https://a.fsimg.co.nz/product/retail/fan/image/master/5228254.png",
            "productDescription": "Product of New Zealand",
            "volume": "200mL",
            "multipack": {
                "quantity": "10"
            }
        },
        "priceData": {
            "bestPrice": "15.29",
            "price": "15.29",
            "pricePerLitre": 7.6450000000000005,
            "bestPricePerLitre": 7.6450000000000005
        },
        "store": {
            "id": "d4f24174-f962-4db1-9024-75495bb2dfbb",
            "name": "New World Churton Park"
        }
    },
    {
        "productData": {
            "name": "V Blue Guarana Energy Drink 4pk",
            "productId": "5210055_ea_000",
            "productShopPage": "https://www.newworld.co.nz/shop/product/5210055_ea_000nw",
            "productImageURL": "https://a.fsimg.co.nz/product/retail/fan/image/master/5210055.png",
            "productDescription": "Product of New Zealand",
            "volume": "275mL",
            "multipack": {
                "quantity": "4"
            }
        },
        "priceData": {
            "bestPrice": "9.19",
            "price": "9.19",
            "pricePerLitre": 8.4,
            "bestPricePerLitre": 8.4
        },
        "store": {
            "id": "d4f24174-f962-4db1-9024-75495bb2dfbb",
            "name": "New World Churton Park"
        }
    },
    {
        "productData": {
            "name": "V Blue Guarana Energy Drink 350ml",
            "productId": "5007492_ea_000",
            "productShopPage": "https://www.newworld.co.nz/shop/product/5007492_ea_000nw",
            "productImageURL": "https://a.fsimg.co.nz/product/retail/fan/image/master/5007492.png",
            "productDescription": "Buy 2 for $5.00.\n\n\nContains Caffeine, Wheat Derivatives.\n\nProduct of New Zealand",
            "volume": "350mL",
            "multipack": {
                "quantity": "1"
            }
        },
        "priceData": {
            "bestPrice": 2.5,
            "price": 2.0,
            "pricePerLitre": 5.714285714285714,
            "bestPricePerLitre": 7.142857142857143,
            "multiBuy": {
                "quantity": 2.0,
                "value": 5.0,
                "perUnit": 2.5
            }
        },
        "store": {
            "id": "d4f24174-f962-4db1-9024-75495bb2dfbb",
            "name": "New World Churton Park"
        }
    },
    {
        "productData": {
            "name": "V Blue Energy Drink 500ml",
            "productId": "5020662_ea_000",
            "productShopPage": "https://www.newworld.co.nz/shop/product/5020662_ea_000nw",
            "productImageURL": "https://a.fsimg.co.nz/product/retail/fan/image/master/5020662.png",
            "productDescription": "Buy 2 for $5.00.\n\n\n\n\nProduct of New Zealand",
            "volume": "500mL",
            "multipack": {
                "quantity": "1"
            }
        },
        "priceData": {
            "bestPrice": 2.5,
            "price": 2.0,
            "pricePerLitre": 4.0,
            "bestPricePerLitre": 5.0,
            "multiBuy": {
                "quantity": 2.0,
                "value": 5.0,
                "perUnit": 2.5
            }
        },
        "store": {
            "id": "d4f24174-f962-4db1-9024-75495bb2dfbb",
            "name": "New World Churton Park"
        }
    },
    {
        "productData": {
            "name": "V Blue Guarana Energy Drink 500ml",
            "productId": "5007494_ea_000",
            "productShopPage": "https://www.newworld.co.nz/shop/product/5007494_ea_000nw",
            "productImageURL": "https://a.fsimg.co.nz/product/retail/fan/image/master/5007494.png",
            "productDescription": "Contains Wheat Derivatives, Caffeine.\n\nProduct of New Zealand",
            "volume": "500mL",
            "multipack": {
                "quantity": "1"
            }
        },
        "priceData": {
            "bestPrice": "3.49",
            "price": "3.49",
            "pricePerLitre": 7.0,
            "bestPricePerLitre": 7.0
        },
        "store": {
            "id": "d4f24174-f962-4db1-9024-75495bb2dfbb",
            "name": "New World Churton Park"
        }
    },
    {
        "productData": {
            "name": "Red Bull Energy Drink 473ml",
            "productId": "5005255_ea_000",
            "productShopPage": "https://www.newworld.co.nz/shop/product/5005255_ea_000nw",
            "productImageURL": "https://a.fsimg.co.nz/product/retail/fan/image/master/5005255.png",
            "productDescription": "Red Bull Energy Drink's special formula contains ingredients of high quality: Caffeine, Taurine, B-Group Vitamins, Sugars, Alpine Water.One 250ml can of Red Bull Energy Drinks contains 80 mg of caffeine, about the same amount as in a cup of home-brewed coffee.The amount of sugars in a can of Red Bull Energy Drink is comparable to the level of sugars in an equivalent amount of apple or orange juice – 11 g per 100ml.Red Bull cans are made of 100% recyclable aluminium.Red Bull Energy Drink 473ml canVitalizes Body and Mind.®RED BULL GIVES YOU WINGSInspired by functional drinks from the Far East, Dietrich Mateschitz founded Red Bull in the mid-1980s. He developed a new product and a unique marketing concept and launched Red Bull Energy Drink on April 1, 1987 in Austria. A brand new product category - Energy Drinks - was born.\n\nProduct of Imported",
            "volume": "473mL",
            "multipack": {
                "quantity": "1"
            }
        },
        "priceData": {
            "bestPrice": "3.59",
            "price": "3.59",
            "pricePerLitre": 7.6,
            "bestPricePerLitre": 7.6
        },
        "store": {
            "id": "d4f24174-f962-4db1-9024-75495bb2dfbb",
            "name": "New World Churton Park"
        }
    },
    {
        "productData": {
            "name": "V Original Guarana Energy Drink 250ml",
            "productId": "5003151_ea_000",
            "productShopPage": "https://www.newworld.co.nz/shop/product/5003151_ea_000nw",
            "productImageURL": "https://a.fsimg.co.nz/product/retail/fan/image/master/5003151.png",
            "productDescription": "Contains Caffeine.\n\nProduct of New Zealand",
            "volume": "250mL",
            "multipack": {
                "quantity": "1"
            }
        },
        "priceData": {
            "bestPrice": "1.99",
            "price": "1.99",
            "pricePerLitre": 8.0,
            "bestPricePerLitre": 8.0
        },
        "store": {
            "id": "d4f24174-f962-4db1-9024-75495bb2dfbb",
            "name": "New World Churton Park"
        }
    },
    {
        "productData": {
            "name": "Red Bull Energy Drink 250ml Cans 4pk",
            "productId": "5001443_ea_000",
            "productShopPage": "https://www.newworld.co.nz/shop/product/5001443_ea_000nw",
            "productImageURL": "https://a.fsimg.co.nz/product/retail/fan/image/master/5001443.png",
            "productDescription": "Red Bull Energy Drink's special formula contains ingredients of high quality: Caffeine, Taurine, B-Group Vitamins, Sugars, Alpine Water.One 250ml can of Red Bull Energy Drinks contains 80 mg of caffeine, about the same amount as in a cup of home-brewed coffee.The amount of sugars in a can of Red Bull Energy Drink is comparable to the level of sugars in an equivalent amount of apple or orange juice – 11 g per 100ml.Red Bull cans are made of 100% recyclable aluminium.Pack of four 250ml Red Bull Energy Drink cansVitalizes Body and Mind.®RED BULL GIVES YOU WINGSInspired by functional drinks from the Far East, Dietrich Mateschitz founded Red Bull in the mid-1980s. He developed a new product and a unique marketing concept and launched Red Bull Energy Drink on April 1, 1987 in Austria. A brand new product category - Energy Drinks - was born.",
            "volume": "250mL",
            "multipack": {
                "quantity": "4"
            }
        },
        "priceData": {
            "bestPrice": "8.29",
            "price": "8.29",
            "pricePerLitre": 8.299999999999999,
            "bestPricePerLitre": 8.299999999999999
        },
        "store": {
            "id": "d4f24174-f962-4db1-9024-75495bb2dfbb",
            "name": "New World Churton Park"
        }
    },
    {
        "productData": {
            "name": "Lucozade Orange Energy Drink 380ml",
            "productId": "5009239_ea_000",
            "productShopPage": "https://www.newworld.co.nz/shop/product/5009239_ea_000nw",
            "productImageURL": "https://a.fsimg.co.nz/product/retail/fan/image/master/5009239.png",
            "productDescription": "Powered by Glucose.\n\nProduct of New Zealand",
            "volume": "380mL",
            "multipack": {
                "quantity": "1"
            }
        },
        "priceData": {
            "bestPrice": "2.69",
            "price": "2.69",
            "pricePerLitre": 7.08,
            "bestPricePerLitre": 7.08
        },
        "store": {
            "id": "d4f24174-f962-4db1-9024-75495bb2dfbb",
            "name": "New World Churton Park"
        }
    },
    {
        "productData": {
            "name": "V Pure Natural Energy Drink Glass Bottle 330ml",
            "productId": "5237753_ea_000",
            "productShopPage": "https://www.newworld.co.nz/shop/product/5237753_ea_000nw",
            "productImageURL": "https://a.fsimg.co.nz/product/retail/fan/image/master/5237753.png",
            "productDescription": "Buy 2 for $5.00.\n\n\nNothing artificial\n\nProduct of New Zealand",
            "volume": "330mL",
            "multipack": {
                "quantity": "1"
            }
        },
        "priceData": {
            "bestPrice": 2.5,
            "price": 2.0,
            "pricePerLitre": 6.0606060606060606,
            "bestPricePerLitre": 7.575757575757575,
            "multiBuy": {
                "quantity": 2.0,
                "value": 5.0,
                "perUnit": 2.5
            }
        },
        "store": {
            "id": "d4f24174-f962-4db1-9024-75495bb2dfbb",
            "name": "New World Churton Park"
        }
    },
    {
        "productData": {
            "name": "Lucozade Original Energy Drink 380ml",
            "productId": "5009240_ea_000",
            "productShopPage": "https://www.newworld.co.nz/shop/product/5009240_ea_000nw",
            "productImageURL": "https://a.fsimg.co.nz/product/retail/fan/image/master/5009240.png",
            "productDescription": "Energy from Glucose.\n\nProduct of New Zealand",
            "volume": "380mL",
            "multipack": {
                "quantity": "1"
            }
        },
        "priceData": {
            "bestPrice": "2.69",
            "price": "2.69",
            "pricePerLitre": 7.08,
            "bestPricePerLitre": 7.08
        },
        "store": {
            "id": "d4f24174-f962-4db1-9024-75495bb2dfbb",
            "name": "New World Churton Park"
        }
    },
    {
        "productData": {
            "name": "Rockstar Watermelon Freeze Energy Drink 500ml",
            "productId": "5257298_ea_000",
            "productShopPage": "https://www.newworld.co.nz/shop/product/5257298_ea_000nw",
            "productImageURL": "https://a.fsimg.co.nz/product/retail/fan/image/master/5257298.png",
            "productDescription": "Buy 3 for $5.00.\n\n\n\n\nProduct of New Zealand",
            "volume": "500mL",
            "multipack": {
                "quantity": "1"
            }
        },
        "priceData": {
            "bestPrice": 1.6666666666666667,
            "price": 1.0,
            "pricePerLitre": 2.0,
            "bestPricePerLitre": 3.3333333333333335,
            "multiBuy": {
                "quantity": 3.0,
                "value": 5.0,
                "perUnit": 1.6666666666666667
            }
        },
        "store": {
            "id": "d4f24174-f962-4db1-9024-75495bb2dfbb",
            "name": "New World Churton Park"
        }
    },
    {
        "productData": {
            "name": "V Raspberry Lemonade Guarana Energy Drink 4pk",
            "productId": "5289907_ea_000",
            "productShopPage": "https://www.newworld.co.nz/shop/product/5289907_ea_000nw",
            "productImageURL": "https://a.fsimg.co.nz/product/retail/fan/image/master/5289907.png",
            "productDescription": "Limit 12 assorted.\n\n\n\n\nProduct of New Zealand",
            "volume": "250mL",
            "multipack": {
                "quantity": "4"
            }
        },
        "priceData": {
            "bestPrice": "5.99",
            "price": "5.99",
            "pricePerLitre": 5.99,
            "bestPricePerLitre": 5.99
        },
        "store": {
            "id": "d4f24174-f962-4db1-9024-75495bb2dfbb",
            "name": "New World Churton Park"
        }
    },
    {
        "productData": {
            "name": "V Raspberry Lemonade Can 500ml",
            "productId": "5264523_ea_000",
            "productShopPage": "https://www.newworld.co.nz/shop/product/5264523_ea_000nw",
            "productImageURL": "https://a.fsimg.co.nz/product/retail/fan/image/master/5264523.png",
            "productDescription": "Product of New Zealand",
            "volume": "500mL",
            "multipack": {
                "quantity": "1"
            }
        },
        "priceData": {
            "bestPrice": "3.49",
            "price": "3.49",
            "pricePerLitre": 7.0,
            "bestPricePerLitre": 7.0
        },
        "store": {
            "id": "d4f24174-f962-4db1-9024-75495bb2dfbb",
            "name": "New World Churton Park"
        }
    },
    {
        "productData": {
            "name": "Monster Mule Energy Drink 500ml",
            "productId": "5269459_ea_000",
            "productShopPage": "https://www.newworld.co.nz/shop/product/5269459_ea_000nw",
            "productImageURL": "https://a.fsimg.co.nz/product/retail/fan/image/master/5269459.png",
            "productDescription": "Product of Imported",
            "volume": "500mL",
            "multipack": {
                "quantity": "1"
            }
        },
        "priceData": {
            "bestPrice": "2.99",
            "price": "2.99",
            "pricePerLitre": 6.0,
            "bestPricePerLitre": 6.0
        },
        "store": {
            "id": "d4f24174-f962-4db1-9024-75495bb2dfbb",
            "name": "New World Churton Park"
        }
    },
    {
        "productData": {
            "name": "Monster Ultra Paradise Energy Drink 500ml",
            "productId": "5261257_ea_000",
            "productShopPage": "https://www.newworld.co.nz/shop/product/5261257_ea_000nw",
            "productImageURL": "https://a.fsimg.co.nz/product/retail/fan/image/master/5261257.png",
            "productDescription": "Product of Imported",
            "volume": "500mL",
            "multipack": {
                "quantity": "1"
            }
        },
        "priceData": {
            "bestPrice": "2.99",
            "price": "2.99",
            "pricePerLitre": 6.0,
            "bestPricePerLitre": 6.0
        },
        "store": {
            "id": "d4f24174-f962-4db1-9024-75495bb2dfbb",
            "name": "New World Churton Park"
        }
    },
    {
        "productData": {
            "name": "V Energy Drink Green Cans 4pk",
            "productId": "5002893_ea_000",
            "productShopPage": "https://www.newworld.co.nz/shop/product/5002893_ea_000nw",
            "productImageURL": "https://a.fsimg.co.nz/product/retail/fan/image/master/5002893.png",
            "productDescription": "Limit 12 assorted.\n\n\nContains Caffeine.\n\nProduct of New Zealand",
            "volume": "250mL",
            "multipack": {
                "quantity": "4"
            }
        },
        "priceData": {
            "bestPrice": "5.99",
            "price": "5.99",
            "pricePerLitre": 5.99,
            "bestPricePerLitre": 5.99
        },
        "store": {
            "id": "d4f24174-f962-4db1-9024-75495bb2dfbb",
            "name": "New World Churton Park"
        }
    },
    {
        "productData": {
            "name": "Monster Ultra Zero Drink 500ml",
            "productId": "5090618_ea_000",
            "productShopPage": "https://www.newworld.co.nz/shop/product/5090618_ea_000nw",
            "productImageURL": "https://a.fsimg.co.nz/product/retail/fan/image/master/5090618.png",
            "productDescription": "A little less sweet, lighter-tasting, zero calories, but with a full load of our Monster energy blend. Sure, white is the new black. Monster Energy Zero Ultra. Unleash the Ultra Beast!\n\nProduct of Imported",
            "volume": "500mL",
            "multipack": {
                "quantity": "1"
            }
        },
        "priceData": {
            "bestPrice": "2.99",
            "price": "2.99",
            "pricePerLitre": 6.0,
            "bestPricePerLitre": 6.0
        },
        "store": {
            "id": "d4f24174-f962-4db1-9024-75495bb2dfbb",
            "name": "New World Churton Park"
        }
    },
    {
        "productData": {
            "name": "Monster Super Fuel Zero Sugar Energy Drink 550ml",
            "productId": "5284331_ea_000",
            "productShopPage": "https://www.newworld.co.nz/shop/product/5284331_ea_000nw",
            "productImageURL": "https://a.fsimg.co.nz/product/retail/fan/image/master/5284331.png",
            "productDescription": "Product of Imported",
            "volume": "550mL",
            "multipack": {
                "quantity": "1"
            }
        },
        "priceData": {
            "bestPrice": "3.49",
            "price": "3.49",
            "pricePerLitre": 6.345454545454546,
            "bestPricePerLitre": 6.345454545454546
        },
        "store": {
            "id": "d4f24174-f962-4db1-9024-75495bb2dfbb",
            "name": "New World Churton Park"
        }
    },
    {
        "productData": {
            "name": "Mother Energy Drink Can 500ml",
            "productId": "5011153_ea_000",
            "productShopPage": "https://www.newworld.co.nz/shop/product/5011153_ea_000nw",
            "productImageURL": "https://a.fsimg.co.nz/product/retail/fan/image/master/5011153.png",
            "productDescription": "Contains Caffeine.\n\nProduct of New Zealand",
            "volume": "500mL",
            "multipack": {
                "quantity": "1"
            }
        },
        "priceData": {
            "bestPrice": "1.99",
            "price": "1.99",
            "pricePerLitre": 4.0,
            "bestPricePerLitre": 4.0
        },
        "store": {
            "id": "d4f24174-f962-4db1-9024-75495bb2dfbb",
            "name": "New World Churton Park"
        }
    },
    {
        "productData": {
            "name": "Monster Super Fuel Purple Passion Energy Drink 550ml",
            "productId": "5284332_ea_000",
            "productShopPage": "https://www.newworld.co.nz/shop/product/5284332_ea_000nw",
            "productImageURL": "https://a.fsimg.co.nz/product/retail/fan/image/master/5284332.png",
            "productDescription": "Product of Imported",
            "volume": "550mL",
            "multipack": {
                "quantity": "1"
            }
        },
        "priceData": {
            "bestPrice": "3.49",
            "price": "3.49",
            "pricePerLitre": 6.345454545454546,
            "bestPricePerLitre": 6.345454545454546
        },
        "store": {
            "id": "d4f24174-f962-4db1-9024-75495bb2dfbb",
            "name": "New World Churton Park"
        }
    },
    {
        "productData": {
            "name": "Monster Pipeline Punch Energy Drink 500ml",
            "productId": "5242373_ea_000",
            "productShopPage": "https://www.newworld.co.nz/shop/product/5242373_ea_000nw",
            "productImageURL": "https://a.fsimg.co.nz/product/retail/fan/image/master/5242373.png",
            "productDescription": "Product of Imported",
            "volume": "500mL",
            "multipack": {
                "quantity": "1"
            }
        },
        "priceData": {
            "bestPrice": "2.99",
            "price": "2.99",
            "pricePerLitre": 6.0,
            "bestPricePerLitre": 6.0
        },
        "store": {
            "id": "d4f24174-f962-4db1-9024-75495bb2dfbb",
            "name": "New World Churton Park"
        }
    },
    {
        "productData": {
            "name": "Monster Energy Drink 500ml",
            "productId": "5007647_ea_000",
            "productShopPage": "https://www.newworld.co.nz/shop/product/5007647_ea_000nw",
            "productImageURL": "https://a.fsimg.co.nz/product/retail/fan/image/master/5007647.png",
            "productDescription": "Contains Caffeine.\n\nProduct of Imported",
            "volume": "500mL",
            "multipack": {
                "quantity": "1"
            }
        },
        "priceData": {
            "bestPrice": "2.99",
            "price": "2.99",
            "pricePerLitre": 6.0,
            "bestPricePerLitre": 6.0
        },
        "store": {
            "id": "d4f24174-f962-4db1-9024-75495bb2dfbb",
            "name": "New World Churton Park"
        }
    },
    {
        "productData": {
            "name": "V Sugarfree Guarana Energy Drink 4pk",
            "productId": "5210130_ea_000",
            "productShopPage": "https://www.newworld.co.nz/shop/product/5210130_ea_000nw",
            "productImageURL": "https://a.fsimg.co.nz/product/retail/fan/image/master/5210130.png",
            "productDescription": "Sugarfree\n\nProduct of New Zealand",
            "volume": "275mL",
            "multipack": {
                "quantity": "4"
            }
        },
        "priceData": {
            "bestPrice": "9.19",
            "price": "9.19",
            "pricePerLitre": 8.4,
            "bestPricePerLitre": 8.4
        },
        "store": {
            "id": "d4f24174-f962-4db1-9024-75495bb2dfbb",
            "name": "New World Churton Park"
        }
    },
    {
        "productData": {
            "name": "Monster Energy Drink 4pk",
            "productId": "5107264_ea_000",
            "productShopPage": "https://www.newworld.co.nz/shop/product/5107264_ea_000nw",
            "productImageURL": "https://a.fsimg.co.nz/product/retail/fan/image/master/5107264.png",
            "productDescription": "Product of Imported",
            "volume": "",
            "multipack": {
                "quantity": ""
            }
        },
        "priceData": {
            "bestPrice": "11.99",
            "price": "11.99",
            "pricePerLitre": 6.0,
            "bestPricePerLitre": 6.0
        },
        "store": {
            "id": "d4f24174-f962-4db1-9024-75495bb2dfbb",
            "name": "New World Churton Park"
        }
    },
    {
        "productData": {
            "name": "V Sugarfree Guarana Energy Drink 500ml",
            "productId": "5007644_ea_000",
            "productShopPage": "https://www.newworld.co.nz/shop/product/5007644_ea_000nw",
            "productImageURL": "https://a.fsimg.co.nz/product/retail/fan/image/master/5007644.png",
            "productDescription": "Sugar Free.\n\nProduct of New Zealand",
            "volume": "500mL",
            "multipack": {
                "quantity": "1"
            }
        },
        "priceData": {
            "bestPrice": "3.49",
            "price": "3.49",
            "pricePerLitre": 7.0,
            "bestPricePerLitre": 7.0
        },
        "store": {
            "id": "d4f24174-f962-4db1-9024-75495bb2dfbb",
            "name": "New World Churton Park"
        }
    },
    {
        "productData": {
            "name": "V Original Guarana Energy Drink 500ml",
            "productId": "5004703_ea_000",
            "productShopPage": "https://www.newworld.co.nz/shop/product/5004703_ea_000nw",
            "productImageURL": "https://a.fsimg.co.nz/product/retail/fan/image/master/5004703.png",
            "productDescription": "Contains Caffeine.\n\nProduct of New Zealand",
            "volume": "500mL",
            "multipack": {
                "quantity": "1"
            }
        },
        "priceData": {
            "bestPrice": "3.49",
            "price": "3.49",
            "pricePerLitre": 7.0,
            "bestPricePerLitre": 7.0
        },
        "store": {
            "id": "d4f24174-f962-4db1-9024-75495bb2dfbb",
            "name": "New World Churton Park"
        }
    },
    {
        "productData": {
            "name": "V Green Guarana Energy Drink Cans 10pk",
            "productId": "5210061_ea_000",
            "productShopPage": "https://www.newworld.co.nz/shop/product/5210061_ea_000nw",
            "productImageURL": "https://a.fsimg.co.nz/product/retail/fan/image/master/5210061.png",
            "productDescription": "Product of New Zealand",
            "volume": "200mL",
            "multipack": {
                "quantity": "10"
            }
        },
        "priceData": {
            "bestPrice": "15.29",
            "price": "15.29",
            "pricePerLitre": 7.6,
            "bestPricePerLitre": 7.6
        },
        "store": {
            "id": "d4f24174-f962-4db1-9024-75495bb2dfbb",
            "name": "New World Churton Park"
        }
    },
    {
        "productData": {
            "name": "V Original Guarana Energy Drink 500ml",
            "productId": "5007441_ea_000",
            "productShopPage": "https://www.newworld.co.nz/shop/product/5007441_ea_000nw",
            "productImageURL": "https://a.fsimg.co.nz/product/retail/fan/image/master/5007441.png",
            "productDescription": "Buy 2 for $5.00.\n\n\nContains Wheat Derivatives, Caffeine.\n\nProduct of New Zealand",
            "volume": "500mL",
            "multipack": {
                "quantity": "1"
            }
        },
        "priceData": {
            "bestPrice": 2.5,
            "price": 2.0,
            "pricePerLitre": 4.0,
            "bestPricePerLitre": 5.0,
            "multiBuy": {
                "quantity": 2.0,
                "value": 5.0,
                "perUnit": 2.5
            }
        },
        "store": {
            "id": "d4f24174-f962-4db1-9024-75495bb2dfbb",
            "name": "New World Churton Park"
        }
    },
    {
        "productData": {
            "name": "V Blue Guarana Energy Drink 10pk",
            "productId": "5290181_ea_000",
            "productShopPage": "https://www.newworld.co.nz/shop/product/5290181_ea_000nw",
            "productImageURL": "https://a.fsimg.co.nz/product/retail/fan/image/master/5290181.png",
            "productDescription": "Product of New Zealand",
            "volume": "250mL",
            "multipack": {
                "quantity": "10"
            }
        },
        "priceData": {
            "bestPrice": "17.99",
            "price": "17.99",
            "pricePerLitre": 7.2,
            "bestPricePerLitre": 7.2
        },
        "store": {
            "id": "f0c21eab-1919-4cba-ac00-5b795947cdcb",
            "name": "New World Long Bay"
        }
    },
    {
        "productData": {
            "name": "V Sugarfree Blue Guarana Energy Drink 4pk",
            "productId": "5289891_ea_000",
            "productShopPage": "https://www.newworld.co.nz/shop/product/5289891_ea_000nw",
            "productImageURL": "https://a.fsimg.co.nz/product/retail/fan/image/master/5289891.png",
            "productDescription": "Limit 12 assorted.\n\n\n\n\nProduct of New Zealand",
            "volume": "250mL",
            "multipack": {
                "quantity": "4"
            }
        },
        "priceData": {
            "bestPrice": "5.99",
            "price": "5.99",
            "pricePerLitre": 5.99,
            "bestPricePerLitre": 5.99
        },
        "store": {
            "id": "f0c21eab-1919-4cba-ac00-5b795947cdcb",
            "name": "New World Long Bay"
        }
    },
    {
        "productData": {
            "name": "V Sugarfree Guarana Energy Drink 10pk",
            "productId": "5289890_ea_000",
            "productShopPage": "https://www.newworld.co.nz/shop/product/5289890_ea_000nw",
            "productImageURL": "https://a.fsimg.co.nz/product/retail/fan/image/master/5289890.png",
            "productDescription": "Product of New Zealand",
            "volume": "",
            "multipack": {
                "quantity": ""
            }
        },
        "priceData": {
            "bestPrice": "17.99",
            "price": "17.99",
            "pricePerLitre": 72.0,
            "bestPricePerLitre": 72.0
        },
        "store": {
            "id": "f0c21eab-1919-4cba-ac00-5b795947cdcb",
            "name": "New World Long Bay"
        }
    },
    {
        "productData": {
            "name": "V Green Guarana Energy Drink 6pk",
            "productId": "5272987_ea_000",
            "productShopPage": "https://www.newworld.co.nz/shop/product/5272987_ea_000nw",
            "productImageURL": "https://a.fsimg.co.nz/product/retail/fan/image/master/5272987.png",
            "productDescription": "Product of New Zealand",
            "volume": "330mL",
            "multipack": {
                "quantity": "6"
            }
        },
        "priceData": {
            "bestPrice": "11.99",
            "price": "11.99",
            "pricePerLitre": 6.05,
            "bestPricePerLitre": 6.05
        },
        "store": {
            "id": "f0c21eab-1919-4cba-ac00-5b795947cdcb",
            "name": "New World Long Bay"
        }
    },
    {
        "productData": {
            "name": "V Blue Guarana Energy Drink 4pk",
            "productId": "5210055_ea_000",
            "productShopPage": "https://www.newworld.co.nz/shop/product/5210055_ea_000nw",
            "productImageURL": "https://a.fsimg.co.nz/product/retail/fan/image/master/5210055.png",
            "productDescription": "Product of New Zealand",
            "volume": "275mL",
            "multipack": {
                "quantity": "4"
            }
        },
        "priceData": {
            "bestPrice": "9.19",
            "price": "9.19",
            "pricePerLitre": 8.4,
            "bestPricePerLitre": 8.4
        },
        "store": {
            "id": "f0c21eab-1919-4cba-ac00-5b795947cdcb",
            "name": "New World Long Bay"
        }
    },
    {
        "productData": {
            "name": "V Blue Guarana Energy Drink 350ml",
            "productId": "5007492_ea_000",
            "productShopPage": "https://www.newworld.co.nz/shop/product/5007492_ea_000nw",
            "productImageURL": "https://a.fsimg.co.nz/product/retail/fan/image/master/5007492.png",
            "productDescription": "Buy 2 for $5.00.\n\n\nContains Caffeine, Wheat Derivatives.\n\nProduct of New Zealand",
            "volume": "350mL",
            "multipack": {
                "quantity": "1"
            }
        },
        "priceData": {
            "bestPrice": 2.5,
            "price": 2.0,
            "pricePerLitre": 5.714285714285714,
            "bestPricePerLitre": 7.142857142857143,
            "multiBuy": {
                "quantity": 2.0,
                "value": 5.0,
                "perUnit": 2.5
            }
        },
        "store": {
            "id": "f0c21eab-1919-4cba-ac00-5b795947cdcb",
            "name": "New World Long Bay"
        }
    },
    {
        "productData": {
            "name": "Red Bull Energy Drink 473ml",
            "productId": "5005255_ea_000",
            "productShopPage": "https://www.newworld.co.nz/shop/product/5005255_ea_000nw",
            "productImageURL": "https://a.fsimg.co.nz/product/retail/fan/image/master/5005255.png",
            "productDescription": "Red Bull Energy Drink's special formula contains ingredients of high quality: Caffeine, Taurine, B-Group Vitamins, Sugars, Alpine Water.One 250ml can of Red Bull Energy Drinks contains 80 mg of caffeine, about the same amount as in a cup of home-brewed coffee.The amount of sugars in a can of Red Bull Energy Drink is comparable to the level of sugars in an equivalent amount of apple or orange juice – 11 g per 100ml.Red Bull cans are made of 100% recyclable aluminium.Red Bull Energy Drink 473ml canVitalizes Body and Mind.®RED BULL GIVES YOU WINGSInspired by functional drinks from the Far East, Dietrich Mateschitz founded Red Bull in the mid-1980s. He developed a new product and a unique marketing concept and launched Red Bull Energy Drink on April 1, 1987 in Austria. A brand new product category - Energy Drinks - was born.\n\nProduct of Imported",
            "volume": "473mL",
            "multipack": {
                "quantity": "1"
            }
        },
        "priceData": {
            "bestPrice": "3.59",
            "price": "3.59",
            "pricePerLitre": 7.6,
            "bestPricePerLitre": 7.6
        },
        "store": {
            "id": "f0c21eab-1919-4cba-ac00-5b795947cdcb",
            "name": "New World Long Bay"
        }
    },
    {
        "productData": {
            "name": "Red Bull Energy Drink 250ml Cans 4pk",
            "productId": "5001443_ea_000",
            "productShopPage": "https://www.newworld.co.nz/shop/product/5001443_ea_000nw",
            "productImageURL": "https://a.fsimg.co.nz/product/retail/fan/image/master/5001443.png",
            "productDescription": "Red Bull Energy Drink's special formula contains ingredients of high quality: Caffeine, Taurine, B-Group Vitamins, Sugars, Alpine Water.One 250ml can of Red Bull Energy Drinks contains 80 mg of caffeine, about the same amount as in a cup of home-brewed coffee.The amount of sugars in a can of Red Bull Energy Drink is comparable to the level of sugars in an equivalent amount of apple or orange juice – 11 g per 100ml.Red Bull cans are made of 100% recyclable aluminium.Pack of four 250ml Red Bull Energy Drink cansVitalizes Body and Mind.®RED BULL GIVES YOU WINGSInspired by functional drinks from the Far East, Dietrich Mateschitz founded Red Bull in the mid-1980s. He developed a new product and a unique marketing concept and launched Red Bull Energy Drink on April 1, 1987 in Austria. A brand new product category - Energy Drinks - was born.",
            "volume": "250mL",
            "multipack": {
                "quantity": "4"
            }
        },
        "priceData": {
            "bestPrice": "8.29",
            "price": "8.29",
            "pricePerLitre": 8.299999999999999,
            "bestPricePerLitre": 8.299999999999999
        },
        "store": {
            "id": "f0c21eab-1919-4cba-ac00-5b795947cdcb",
            "name": "New World Long Bay"
        }
    },
    {
        "productData": {
            "name": "V Pure Natural Energy Drink Glass Bottle 330ml",
            "productId": "5237753_ea_000",
            "productShopPage": "https://www.newworld.co.nz/shop/product/5237753_ea_000nw",
            "productImageURL": "https://a.fsimg.co.nz/product/retail/fan/image/master/5237753.png",
            "productDescription": "Buy 2 for $5.00.\n\n\nNothing artificial\n\nProduct of New Zealand",
            "volume": "330mL",
            "multipack": {
                "quantity": "1"
            }
        },
        "priceData": {
            "bestPrice": 2.5,
            "price": 2.0,
            "pricePerLitre": 6.0606060606060606,
            "bestPricePerLitre": 7.575757575757575,
            "multiBuy": {
                "quantity": 2.0,
                "value": 5.0,
                "perUnit": 2.5
            }
        },
        "store": {
            "id": "f0c21eab-1919-4cba-ac00-5b795947cdcb",
            "name": "New World Long Bay"
        }
    },
    {
        "productData": {
            "name": "V Blue Guarana Energy Drink 6pk",
            "productId": "5272988_ea_000",
            "productShopPage": "https://www.newworld.co.nz/shop/product/5272988_ea_000nw",
            "productImageURL": "https://a.fsimg.co.nz/product/retail/fan/image/master/5272988.png",
            "productDescription": "Product of New Zealand",
            "volume": "330mL",
            "multipack": {
                "quantity": "6"
            }
        },
        "priceData": {
            "bestPrice": "11.99",
            "price": "11.99",
            "pricePerLitre": 6.05,
            "bestPricePerLitre": 6.05
        },
        "store": {
            "id": "f0c21eab-1919-4cba-ac00-5b795947cdcb",
            "name": "New World Long Bay"
        }
    },
    {
        "productData": {
            "name": "V Energy Drink Sugarfree Cans 4pk",
            "productId": "5004117_ea_000",
            "productShopPage": "https://www.newworld.co.nz/shop/product/5004117_ea_000nw",
            "productImageURL": "https://a.fsimg.co.nz/product/retail/fan/image/master/5004117.png",
            "productDescription": "Limit 12 assorted.\n\n\nSugar Free. Contains Caffeine.\n\nProduct of New Zealand",
            "volume": "250mL",
            "multipack": {
                "quantity": "4"
            }
        },
        "priceData": {
            "bestPrice": "5.99",
            "price": "5.99",
            "pricePerLitre": 5.99,
            "bestPricePerLitre": 5.99
        },
        "store": {
            "id": "f0c21eab-1919-4cba-ac00-5b795947cdcb",
            "name": "New World Long Bay"
        }
    },
    {
        "productData": {
            "name": "Monster Mule Energy Drink 500ml",
            "productId": "5269459_ea_000",
            "productShopPage": "https://www.newworld.co.nz/shop/product/5269459_ea_000nw",
            "productImageURL": "https://a.fsimg.co.nz/product/retail/fan/image/master/5269459.png",
            "productDescription": "Product of Imported",
            "volume": "500mL",
            "multipack": {
                "quantity": "1"
            }
        },
        "priceData": {
            "bestPrice": "2.99",
            "price": "2.99",
            "pricePerLitre": 6.0,
            "bestPricePerLitre": 6.0
        },
        "store": {
            "id": "f0c21eab-1919-4cba-ac00-5b795947cdcb",
            "name": "New World Long Bay"
        }
    },
    {
        "productData": {
            "name": "Mother Energy Drink Can 6pk",
            "productId": "5009490_ea_000",
            "productShopPage": "https://www.newworld.co.nz/shop/product/5009490_ea_000nw",
            "productImageURL": "https://a.fsimg.co.nz/product/retail/fan/image/master/5009490.png",
            "productDescription": "Contains Caffeine.\n\nProduct of New Zealand",
            "volume": "250mL",
            "multipack": {
                "quantity": "6"
            }
        },
        "priceData": {
            "bestPrice": "7.49",
            "price": "7.49",
            "pricePerLitre": 5.0,
            "bestPricePerLitre": 5.0
        },
        "store": {
            "id": "f0c21eab-1919-4cba-ac00-5b795947cdcb",
            "name": "New World Long Bay"
        }
    },
    {
        "productData": {
            "name": "Monster Ultra Zero Drink 4pk",
            "productId": "5213974_ea_000",
            "productShopPage": "https://www.newworld.co.nz/shop/product/5213974_ea_000nw",
            "productImageURL": "https://a.fsimg.co.nz/product/retail/fan/image/master/5213974.png",
            "productDescription": "Product of Imported",
            "volume": "500mL",
            "multipack": {
                "quantity": "4"
            }
        },
        "priceData": {
            "bestPrice": "11.99",
            "price": "11.99",
            "pricePerLitre": 6.0,
            "bestPricePerLitre": 6.0
        },
        "store": {
            "id": "f0c21eab-1919-4cba-ac00-5b795947cdcb",
            "name": "New World Long Bay"
        }
    },
    {
        "productData": {
            "name": "Monster Energy Drink 4pk",
            "productId": "5107264_ea_000",
            "productShopPage": "https://www.newworld.co.nz/shop/product/5107264_ea_000nw",
            "productImageURL": "https://a.fsimg.co.nz/product/retail/fan/image/master/5107264.png",
            "productDescription": "Product of Imported",
            "volume": "",
            "multipack": {
                "quantity": ""
            }
        },
        "priceData": {
            "bestPrice": "11.99",
            "price": "11.99",
            "pricePerLitre": 6.0,
            "bestPricePerLitre": 6.0
        },
        "store": {
            "id": "f0c21eab-1919-4cba-ac00-5b795947cdcb",
            "name": "New World Long Bay"
        }
    },
    {
        "productData": {
            "name": "V Original Guarana Energy Drink 4pk",
            "productId": "5210048_ea_000",
            "productShopPage": "https://www.newworld.co.nz/shop/product/5210048_ea_000nw",
            "productImageURL": "https://a.fsimg.co.nz/product/retail/fan/image/master/5210048.png",
            "productDescription": "Product of New Zealand",
            "volume": "275mL",
            "multipack": {
                "quantity": "4"
            }
        },
        "priceData": {
            "bestPrice": "9.19",
            "price": "9.19",
            "pricePerLitre": 8.4,
            "bestPricePerLitre": 8.4
        },
        "store": {
            "id": "f0c21eab-1919-4cba-ac00-5b795947cdcb",
            "name": "New World Long Bay"
        }
    },
    {
        "productData": {
            "name": "V Green Guarana Energy Drink Cans 10pk",
            "productId": "5210061_ea_000",
            "productShopPage": "https://www.newworld.co.nz/shop/product/5210061_ea_000nw",
            "productImageURL": "https://a.fsimg.co.nz/product/retail/fan/image/master/5210061.png",
            "productDescription": "Product of New Zealand",
            "volume": "200mL",
            "multipack": {
                "quantity": "10"
            }
        },
        "priceData": {
            "bestPrice": "15.29",
            "price": "15.29",
            "pricePerLitre": 7.6,
            "bestPricePerLitre": 7.6
        },
        "store": {
            "id": "f0c21eab-1919-4cba-ac00-5b795947cdcb",
            "name": "New World Long Bay"
        }
    },
    {
        "productData": {
            "name": "V Blue Guarana Energy Drink 10pk",
            "productId": "5290181_ea_000",
            "productShopPage": "https://www.newworld.co.nz/shop/product/5290181_ea_000nw",
            "productImageURL": "https://a.fsimg.co.nz/product/retail/fan/image/master/5290181.png",
            "productDescription": "Product of New Zealand",
            "volume": "250mL",
            "multipack": {
                "quantity": "10"
            }
        },
        "priceData": {
            "bestPrice": "17.99",
            "price": "17.99",
            "pricePerLitre": 7.2,
            "bestPricePerLitre": 7.2
        },
        "store": {
            "id": "3ca6692b-e2a3-4d51-95b6-d061b9541e6c",
            "name": "New World Mt Roskill"
        }
    },
    {
        "productData": {
            "name": "V Blue Guarana Energy Drink 250ml",
            "productId": "5007495_ea_000",
            "productShopPage": "https://www.newworld.co.nz/shop/product/5007495_ea_000nw",
            "productImageURL": "https://a.fsimg.co.nz/product/retail/fan/image/master/5007495.png",
            "productDescription": "Contains Caffeine, Wheat Derivatives.\n\nProduct of New Zealand",
            "volume": "250mL",
            "multipack": {
                "quantity": "1"
            }
        },
        "priceData": {
            "bestPrice": "1.99",
            "price": "1.99",
            "pricePerLitre": 8.0,
            "bestPricePerLitre": 8.0
        },
        "store": {
            "id": "3ca6692b-e2a3-4d51-95b6-d061b9541e6c",
            "name": "New World Mt Roskill"
        }
    },
    {
        "productData": {
            "name": "V Sugarfree Blue Guarana Energy Drink 4pk",
            "productId": "5289891_ea_000",
            "productShopPage": "https://www.newworld.co.nz/shop/product/5289891_ea_000nw",
            "productImageURL": "https://a.fsimg.co.nz/product/retail/fan/image/master/5289891.png",
            "productDescription": "Limit 12 assorted.\n\n\n\n\nProduct of New Zealand",
            "volume": "250mL",
            "multipack": {
                "quantity": "4"
            }
        },
        "priceData": {
            "bestPrice": "5.99",
            "price": "5.99",
            "pricePerLitre": 5.99,
            "bestPricePerLitre": 5.99
        },
        "store": {
            "id": "3ca6692b-e2a3-4d51-95b6-d061b9541e6c",
            "name": "New World Mt Roskill"
        }
    },
    {
        "productData": {
            "name": "V Sugarfree Guarana Energy Drink 250ml",
            "productId": "5001639_ea_000",
            "productShopPage": "https://www.newworld.co.nz/shop/product/5001639_ea_000nw",
            "productImageURL": "https://a.fsimg.co.nz/product/retail/fan/image/master/5001639.png",
            "productDescription": "Sugar Free. Contains Caffeine.\n\nProduct of New Zealand",
            "volume": "250mL",
            "multipack": {
                "quantity": "1"
            }
        },
        "priceData": {
            "bestPrice": "1.99",
            "price": "1.99",
            "pricePerLitre": 8.0,
            "bestPricePerLitre": 8.0
        },
        "store": {
            "id": "3ca6692b-e2a3-4d51-95b6-d061b9541e6c",
            "name": "New World Mt Roskill"
        }
    },
    {
        "productData": {
            "name": "V Sugarfree Guarana Energy Drink 10pk",
            "productId": "5289890_ea_000",
            "productShopPage": "https://www.newworld.co.nz/shop/product/5289890_ea_000nw",
            "productImageURL": "https://a.fsimg.co.nz/product/retail/fan/image/master/5289890.png",
            "productDescription": "Product of New Zealand",
            "volume": "",
            "multipack": {
                "quantity": ""
            }
        },
        "priceData": {
            "bestPrice": "17.99",
            "price": "17.99",
            "pricePerLitre": 72.0,
            "bestPricePerLitre": 72.0
        },
        "store": {
            "id": "3ca6692b-e2a3-4d51-95b6-d061b9541e6c",
            "name": "New World Mt Roskill"
        }
    },
    {
        "productData": {
            "name": "V Green Guarana Energy Drink 6pk",
            "productId": "5272987_ea_000",
            "productShopPage": "https://www.newworld.co.nz/shop/product/5272987_ea_000nw",
            "productImageURL": "https://a.fsimg.co.nz/product/retail/fan/image/master/5272987.png",
            "productDescription": "Product of New Zealand",
            "volume": "330mL",
            "multipack": {
                "quantity": "6"
            }
        },
        "priceData": {
            "bestPrice": "11.99",
            "price": "11.99",
            "pricePerLitre": 6.05,
            "bestPricePerLitre": 6.05
        },
        "store": {
            "id": "3ca6692b-e2a3-4d51-95b6-d061b9541e6c",
            "name": "New World Mt Roskill"
        }
    },
    {
        "productData": {
            "name": "V Green Guarana Energy Drink 10pk",
            "productId": "5289889_ea_000",
            "productShopPage": "https://www.newworld.co.nz/shop/product/5289889_ea_000nw",
            "productImageURL": "https://a.fsimg.co.nz/product/retail/fan/image/master/5289889.png",
            "productDescription": "Product of New Zealand",
            "volume": "250mL",
            "multipack": {
                "quantity": "10"
            }
        },
        "priceData": {
            "bestPrice": "17.99",
            "price": "17.99",
            "pricePerLitre": 7.2,
            "bestPricePerLitre": 7.2
        },
        "store": {
            "id": "3ca6692b-e2a3-4d51-95b6-d061b9541e6c",
            "name": "New World Mt Roskill"
        }
    },
    {
        "productData": {
            "name": "V Sugarfree Blue Guarana Energy Drink 500ml",
            "productId": "5283362_ea_000",
            "productShopPage": "https://www.newworld.co.nz/shop/product/5283362_ea_000nw",
            "productImageURL": "https://a.fsimg.co.nz/product/retail/fan/image/master/5283362.png",
            "productDescription": "Sugar free\n\nProduct of New Zealand",
            "volume": "500mL",
            "multipack": {
                "quantity": "1"
            }
        },
        "priceData": {
            "bestPrice": "3.49",
            "price": "3.49",
            "pricePerLitre": 7.0,
            "bestPricePerLitre": 7.0
        },
        "store": {
            "id": "3ca6692b-e2a3-4d51-95b6-d061b9541e6c",
            "name": "New World Mt Roskill"
        }
    },
    {
        "productData": {
            "name": "V Original Guarana Energy Drink 350ml",
            "productId": "5003156_ea_000",
            "productShopPage": "https://www.newworld.co.nz/shop/product/5003156_ea_000nw",
            "productImageURL": "https://a.fsimg.co.nz/product/retail/fan/image/master/5003156.png",
            "productDescription": "Buy 2 for $5.00.\n\n\nContains Caffeine.\n\nProduct of New Zealand",
            "volume": "350mL",
            "multipack": {
                "quantity": "1"
            }
        },
        "priceData": {
            "bestPrice": 2.5,
            "price": 2.0,
            "pricePerLitre": 5.714285714285714,
            "bestPricePerLitre": 7.142857142857143,
            "multiBuy": {
                "quantity": 2.0,
                "value": 5.0,
                "perUnit": 2.5
            }
        },
        "store": {
            "id": "3ca6692b-e2a3-4d51-95b6-d061b9541e6c",
            "name": "New World Mt Roskill"
        }
    },
    {
        "productData": {
            "name": "V Blue Guarana Energy Drink 350ml",
            "productId": "5007492_ea_000",
            "productShopPage": "https://www.newworld.co.nz/shop/product/5007492_ea_000nw",
            "productImageURL": "https://a.fsimg.co.nz/product/retail/fan/image/master/5007492.png",
            "productDescription": "Buy 2 for $5.00.\n\n\nContains Caffeine, Wheat Derivatives.\n\nProduct of New Zealand",
            "volume": "350mL",
            "multipack": {
                "quantity": "1"
            }
        },
        "priceData": {
            "bestPrice": 2.5,
            "price": 2.0,
            "pricePerLitre": 5.714285714285714,
            "bestPricePerLitre": 7.142857142857143,
            "multiBuy": {
                "quantity": 2.0,
                "value": 5.0,
                "perUnit": 2.5
            }
        },
        "store": {
            "id": "3ca6692b-e2a3-4d51-95b6-d061b9541e6c",
            "name": "New World Mt Roskill"
        }
    },
    {
        "productData": {
            "name": "V Blue Energy Drink 500ml",
            "productId": "5020662_ea_000",
            "productShopPage": "https://www.newworld.co.nz/shop/product/5020662_ea_000nw",
            "productImageURL": "https://a.fsimg.co.nz/product/retail/fan/image/master/5020662.png",
            "productDescription": "Buy 2 for $5.00.\n\n\n\n\nProduct of New Zealand",
            "volume": "500mL",
            "multipack": {
                "quantity": "1"
            }
        },
        "priceData": {
            "bestPrice": 2.5,
            "price": 2.0,
            "pricePerLitre": 4.0,
            "bestPricePerLitre": 5.0,
            "multiBuy": {
                "quantity": 2.0,
                "value": 5.0,
                "perUnit": 2.5
            }
        },
        "store": {
            "id": "3ca6692b-e2a3-4d51-95b6-d061b9541e6c",
            "name": "New World Mt Roskill"
        }
    },
    {
        "productData": {
            "name": "V Blue Guarana Energy Drink 500ml",
            "productId": "5007494_ea_000",
            "productShopPage": "https://www.newworld.co.nz/shop/product/5007494_ea_000nw",
            "productImageURL": "https://a.fsimg.co.nz/product/retail/fan/image/master/5007494.png",
            "productDescription": "Contains Wheat Derivatives, Caffeine.\n\nProduct of New Zealand",
            "volume": "500mL",
            "multipack": {
                "quantity": "1"
            }
        },
        "priceData": {
            "bestPrice": "3.49",
            "price": "3.49",
            "pricePerLitre": 7.0,
            "bestPricePerLitre": 7.0
        },
        "store": {
            "id": "3ca6692b-e2a3-4d51-95b6-d061b9541e6c",
            "name": "New World Mt Roskill"
        }
    },
    {
        "productData": {
            "name": "Red Bull Energy Drink 473ml",
            "productId": "5005255_ea_000",
            "productShopPage": "https://www.newworld.co.nz/shop/product/5005255_ea_000nw",
            "productImageURL": "https://a.fsimg.co.nz/product/retail/fan/image/master/5005255.png",
            "productDescription": "Red Bull Energy Drink's special formula contains ingredients of high quality: Caffeine, Taurine, B-Group Vitamins, Sugars, Alpine Water.One 250ml can of Red Bull Energy Drinks contains 80 mg of caffeine, about the same amount as in a cup of home-brewed coffee.The amount of sugars in a can of Red Bull Energy Drink is comparable to the level of sugars in an equivalent amount of apple or orange juice – 11 g per 100ml.Red Bull cans are made of 100% recyclable aluminium.Red Bull Energy Drink 473ml canVitalizes Body and Mind.®RED BULL GIVES YOU WINGSInspired by functional drinks from the Far East, Dietrich Mateschitz founded Red Bull in the mid-1980s. He developed a new product and a unique marketing concept and launched Red Bull Energy Drink on April 1, 1987 in Austria. A brand new product category - Energy Drinks - was born.\n\nProduct of Imported",
            "volume": "473mL",
            "multipack": {
                "quantity": "1"
            }
        },
        "priceData": {
            "bestPrice": "3.59",
            "price": "3.59",
            "pricePerLitre": 7.6,
            "bestPricePerLitre": 7.6
        },
        "store": {
            "id": "3ca6692b-e2a3-4d51-95b6-d061b9541e6c",
            "name": "New World Mt Roskill"
        }
    },
    {
        "productData": {
            "name": "V Original Guarana Energy Drink 250ml",
            "productId": "5003151_ea_000",
            "productShopPage": "https://www.newworld.co.nz/shop/product/5003151_ea_000nw",
            "productImageURL": "https://a.fsimg.co.nz/product/retail/fan/image/master/5003151.png",
            "productDescription": "Contains Caffeine.\n\nProduct of New Zealand",
            "volume": "250mL",
            "multipack": {
                "quantity": "1"
            }
        },
        "priceData": {
            "bestPrice": "1.99",
            "price": "1.99",
            "pricePerLitre": 8.0,
            "bestPricePerLitre": 8.0
        },
        "store": {
            "id": "3ca6692b-e2a3-4d51-95b6-d061b9541e6c",
            "name": "New World Mt Roskill"
        }
    },
    {
        "productData": {
            "name": "Red Bull Energy Drink 250ml Cans 4pk",
            "productId": "5001443_ea_000",
            "productShopPage": "https://www.newworld.co.nz/shop/product/5001443_ea_000nw",
            "productImageURL": "https://a.fsimg.co.nz/product/retail/fan/image/master/5001443.png",
            "productDescription": "Red Bull Energy Drink's special formula contains ingredients of high quality: Caffeine, Taurine, B-Group Vitamins, Sugars, Alpine Water.One 250ml can of Red Bull Energy Drinks contains 80 mg of caffeine, about the same amount as in a cup of home-brewed coffee.The amount of sugars in a can of Red Bull Energy Drink is comparable to the level of sugars in an equivalent amount of apple or orange juice – 11 g per 100ml.Red Bull cans are made of 100% recyclable aluminium.Pack of four 250ml Red Bull Energy Drink cansVitalizes Body and Mind.®RED BULL GIVES YOU WINGSInspired by functional drinks from the Far East, Dietrich Mateschitz founded Red Bull in the mid-1980s. He developed a new product and a unique marketing concept and launched Red Bull Energy Drink on April 1, 1987 in Austria. A brand new product category - Energy Drinks - was born.",
            "volume": "250mL",
            "multipack": {
                "quantity": "4"
            }
        },
        "priceData": {
            "bestPrice": "8.29",
            "price": "8.29",
            "pricePerLitre": 8.299999999999999,
            "bestPricePerLitre": 8.299999999999999
        },
        "store": {
            "id": "3ca6692b-e2a3-4d51-95b6-d061b9541e6c",
            "name": "New World Mt Roskill"
        }
    },
    {
        "productData": {
            "name": "Lucozade Orange Energy Drink 380ml",
            "productId": "5009239_ea_000",
            "productShopPage": "https://www.newworld.co.nz/shop/product/5009239_ea_000nw",
            "productImageURL": "https://a.fsimg.co.nz/product/retail/fan/image/master/5009239.png",
            "productDescription": "Powered by Glucose.\n\nProduct of New Zealand",
            "volume": "380mL",
            "multipack": {
                "quantity": "1"
            }
        },
        "priceData": {
            "bestPrice": "2.69",
            "price": "2.69",
            "pricePerLitre": 7.08,
            "bestPricePerLitre": 7.08
        },
        "store": {
            "id": "3ca6692b-e2a3-4d51-95b6-d061b9541e6c",
            "name": "New World Mt Roskill"
        }
    },
    {
        "productData": {
            "name": "V Pure Natural Energy Drink Glass Bottle 330ml",
            "productId": "5237753_ea_000",
            "productShopPage": "https://www.newworld.co.nz/shop/product/5237753_ea_000nw",
            "productImageURL": "https://a.fsimg.co.nz/product/retail/fan/image/master/5237753.png",
            "productDescription": "Buy 2 for $5.00.\n\n\nNothing artificial\n\nProduct of New Zealand",
            "volume": "330mL",
            "multipack": {
                "quantity": "1"
            }
        },
        "priceData": {
            "bestPrice": 2.5,
            "price": 2.0,
            "pricePerLitre": 6.0606060606060606,
            "bestPricePerLitre": 7.575757575757575,
            "multiBuy": {
                "quantity": 2.0,
                "value": 5.0,
                "perUnit": 2.5
            }
        },
        "store": {
            "id": "3ca6692b-e2a3-4d51-95b6-d061b9541e6c",
            "name": "New World Mt Roskill"
        }
    },
    {
        "productData": {
            "name": "Lucozade Original Energy Drink 380ml",
            "productId": "5009240_ea_000",
            "productShopPage": "https://www.newworld.co.nz/shop/product/5009240_ea_000nw",
            "productImageURL": "https://a.fsimg.co.nz/product/retail/fan/image/master/5009240.png",
            "productDescription": "Energy from Glucose.\n\nProduct of New Zealand",
            "volume": "380mL",
            "multipack": {
                "quantity": "1"
            }
        },
        "priceData": {
            "bestPrice": "2.69",
            "price": "2.69",
            "pricePerLitre": 7.08,
            "bestPricePerLitre": 7.08
        },
        "store": {
            "id": "3ca6692b-e2a3-4d51-95b6-d061b9541e6c",
            "name": "New World Mt Roskill"
        }
    },
    {
        "productData": {
            "name": "Rockstar Watermelon Freeze Energy Drink 500ml",
            "productId": "5257298_ea_000",
            "productShopPage": "https://www.newworld.co.nz/shop/product/5257298_ea_000nw",
            "productImageURL": "https://a.fsimg.co.nz/product/retail/fan/image/master/5257298.png",
            "productDescription": "Buy 3 for $5.00.\n\n\n\n\nProduct of New Zealand",
            "volume": "500mL",
            "multipack": {
                "quantity": "1"
            }
        },
        "priceData": {
            "bestPrice": 1.6666666666666667,
            "price": 1.0,
            "pricePerLitre": 2.0,
            "bestPricePerLitre": 3.3333333333333335,
            "multiBuy": {
                "quantity": 3.0,
                "value": 5.0,
                "perUnit": 1.6666666666666667
            }
        },
        "store": {
            "id": "3ca6692b-e2a3-4d51-95b6-d061b9541e6c",
            "name": "New World Mt Roskill"
        }
    },
    {
        "productData": {
            "name": "V Pure Natural Energy Drink Can 250ml",
            "productId": "5237735_ea_000",
            "productShopPage": "https://www.newworld.co.nz/shop/product/5237735_ea_000nw",
            "productImageURL": "https://a.fsimg.co.nz/product/retail/fan/image/master/5237735.png",
            "productDescription": "6 natural ingredients; Nothing artificial; Apple juice - Apple and lemon juice is reconstituted; Lemon juice - Apple and lemon juice is reconstituted\n\nProduct of New Zealand",
            "volume": "250mL",
            "multipack": {
                "quantity": "1"
            }
        },
        "priceData": {
            "bestPrice": "1.99",
            "price": "1.99",
            "pricePerLitre": 8.0,
            "bestPricePerLitre": 8.0
        },
        "store": {
            "id": "3ca6692b-e2a3-4d51-95b6-d061b9541e6c",
            "name": "New World Mt Roskill"
        }
    },
    {
        "productData": {
            "name": "Rockstar Original Energy Drink 500ml",
            "productId": "5215383_ea_000",
            "productShopPage": "https://www.newworld.co.nz/shop/product/5215383_ea_000nw",
            "productImageURL": "https://a.fsimg.co.nz/product/retail/fan/image/master/5215383.png",
            "productDescription": "Buy 3 for $5.00.\n\n\nCaffeine; B vitamins; Vitamin C; Taurine; Ginseng\n\nProduct of New Zealand",
            "volume": "500mL",
            "multipack": {
                "quantity": "1"
            }
        },
        "priceData": {
            "bestPrice": 1.6666666666666667,
            "price": 1.0,
            "pricePerLitre": 2.0,
            "bestPricePerLitre": 3.3333333333333335,
            "multiBuy": {
                "quantity": 3.0,
                "value": 5.0,
                "perUnit": 1.6666666666666667
            }
        },
        "store": {
            "id": "3ca6692b-e2a3-4d51-95b6-d061b9541e6c",
            "name": "New World Mt Roskill"
        }
    },
    {
        "productData": {
            "name": "V Raspberry Lemonade Guarana Energy Drink 4pk",
            "productId": "5289907_ea_000",
            "productShopPage": "https://www.newworld.co.nz/shop/product/5289907_ea_000nw",
            "productImageURL": "https://a.fsimg.co.nz/product/retail/fan/image/master/5289907.png",
            "productDescription": "Limit 12 assorted.\n\n\n\n\nProduct of New Zealand",
            "volume": "250mL",
            "multipack": {
                "quantity": "4"
            }
        },
        "priceData": {
            "bestPrice": "5.99",
            "price": "5.99",
            "pricePerLitre": 5.99,
            "bestPricePerLitre": 5.99
        },
        "store": {
            "id": "3ca6692b-e2a3-4d51-95b6-d061b9541e6c",
            "name": "New World Mt Roskill"
        }
    },
    {
        "productData": {
            "name": "V Blue Guarana Energy Drink 6pk",
            "productId": "5272988_ea_000",
            "productShopPage": "https://www.newworld.co.nz/shop/product/5272988_ea_000nw",
            "productImageURL": "https://a.fsimg.co.nz/product/retail/fan/image/master/5272988.png",
            "productDescription": "Product of New Zealand",
            "volume": "330mL",
            "multipack": {
                "quantity": "6"
            }
        },
        "priceData": {
            "bestPrice": "11.99",
            "price": "11.99",
            "pricePerLitre": 6.05,
            "bestPricePerLitre": 6.05
        },
        "store": {
            "id": "3ca6692b-e2a3-4d51-95b6-d061b9541e6c",
            "name": "New World Mt Roskill"
        }
    },
    {
        "productData": {
            "name": "Monster Mango Loco Energy Drink 500ml",
            "productId": "5242374_ea_000",
            "productShopPage": "https://www.newworld.co.nz/shop/product/5242374_ea_000nw",
            "productImageURL": "https://a.fsimg.co.nz/product/retail/fan/image/master/5242374.png",
            "productDescription": "Product of Imported",
            "volume": "500mL",
            "multipack": {
                "quantity": "1"
            }
        },
        "priceData": {
            "bestPrice": "2.99",
            "price": "2.99",
            "pricePerLitre": 6.0,
            "bestPricePerLitre": 6.0
        },
        "store": {
            "id": "3ca6692b-e2a3-4d51-95b6-d061b9541e6c",
            "name": "New World Mt Roskill"
        }
    },
    {
        "productData": {
            "name": "Monster Zero Sugar Ultra Rosa Energy Drink 500ml",
            "productId": "5278094_ea_000",
            "productShopPage": "https://www.newworld.co.nz/shop/product/5278094_ea_000nw",
            "productImageURL": "https://a.fsimg.co.nz/product/retail/fan/image/master/5278094.png",
            "productDescription": "Product of Imported",
            "volume": "500mL",
            "multipack": {
                "quantity": "1"
            }
        },
        "priceData": {
            "bestPrice": "2.99",
            "price": "2.99",
            "pricePerLitre": 6.0,
            "bestPricePerLitre": 6.0
        },
        "store": {
            "id": "3ca6692b-e2a3-4d51-95b6-d061b9541e6c",
            "name": "New World Mt Roskill"
        }
    },
    {
        "productData": {
            "name": "Monster Mule Energy Drink 500ml",
            "productId": "5269459_ea_000",
            "productShopPage": "https://www.newworld.co.nz/shop/product/5269459_ea_000nw",
            "productImageURL": "https://a.fsimg.co.nz/product/retail/fan/image/master/5269459.png",
            "productDescription": "Product of Imported",
            "volume": "500mL",
            "multipack": {
                "quantity": "1"
            }
        },
        "priceData": {
            "bestPrice": "2.99",
            "price": "2.99",
            "pricePerLitre": 6.0,
            "bestPricePerLitre": 6.0
        },
        "store": {
            "id": "3ca6692b-e2a3-4d51-95b6-d061b9541e6c",
            "name": "New World Mt Roskill"
        }
    },
    {
        "productData": {
            "name": "Monster Ultra Paradise Energy Drink 500ml",
            "productId": "5261257_ea_000",
            "productShopPage": "https://www.newworld.co.nz/shop/product/5261257_ea_000nw",
            "productImageURL": "https://a.fsimg.co.nz/product/retail/fan/image/master/5261257.png",
            "productDescription": "Product of Imported",
            "volume": "500mL",
            "multipack": {
                "quantity": "1"
            }
        },
        "priceData": {
            "bestPrice": "2.99",
            "price": "2.99",
            "pricePerLitre": 6.0,
            "bestPricePerLitre": 6.0
        },
        "store": {
            "id": "3ca6692b-e2a3-4d51-95b6-d061b9541e6c",
            "name": "New World Mt Roskill"
        }
    },
    {
        "productData": {
            "name": "V Energy Drink Green Cans 4pk",
            "productId": "5002893_ea_000",
            "productShopPage": "https://www.newworld.co.nz/shop/product/5002893_ea_000nw",
            "productImageURL": "https://a.fsimg.co.nz/product/retail/fan/image/master/5002893.png",
            "productDescription": "Limit 12 assorted.\n\n\nContains Caffeine.\n\nProduct of New Zealand",
            "volume": "250mL",
            "multipack": {
                "quantity": "4"
            }
        },
        "priceData": {
            "bestPrice": "5.99",
            "price": "5.99",
            "pricePerLitre": 5.99,
            "bestPricePerLitre": 5.99
        },
        "store": {
            "id": "3ca6692b-e2a3-4d51-95b6-d061b9541e6c",
            "name": "New World Mt Roskill"
        }
    },
    {
        "productData": {
            "name": "Monster Ultra Zero Drink 500ml",
            "productId": "5090618_ea_000",
            "productShopPage": "https://www.newworld.co.nz/shop/product/5090618_ea_000nw",
            "productImageURL": "https://a.fsimg.co.nz/product/retail/fan/image/master/5090618.png",
            "productDescription": "A little less sweet, lighter-tasting, zero calories, but with a full load of our Monster energy blend. Sure, white is the new black. Monster Energy Zero Ultra. Unleash the Ultra Beast!\n\nProduct of Imported",
            "volume": "500mL",
            "multipack": {
                "quantity": "1"
            }
        },
        "priceData": {
            "bestPrice": "2.99",
            "price": "2.99",
            "pricePerLitre": 6.0,
            "bestPricePerLitre": 6.0
        },
        "store": {
            "id": "3ca6692b-e2a3-4d51-95b6-d061b9541e6c",
            "name": "New World Mt Roskill"
        }
    },
    {
        "productData": {
            "name": "Monster Super Fuel Zero Sugar Energy Drink 550ml",
            "productId": "5284331_ea_000",
            "productShopPage": "https://www.newworld.co.nz/shop/product/5284331_ea_000nw",
            "productImageURL": "https://a.fsimg.co.nz/product/retail/fan/image/master/5284331.png",
            "productDescription": "Product of Imported",
            "volume": "550mL",
            "multipack": {
                "quantity": "1"
            }
        },
        "priceData": {
            "bestPrice": "3.49",
            "price": "3.49",
            "pricePerLitre": 6.345454545454546,
            "bestPricePerLitre": 6.345454545454546
        },
        "store": {
            "id": "3ca6692b-e2a3-4d51-95b6-d061b9541e6c",
            "name": "New World Mt Roskill"
        }
    },
    {
        "productData": {
            "name": "Mother Energy Drink Can 500ml",
            "productId": "5011153_ea_000",
            "productShopPage": "https://www.newworld.co.nz/shop/product/5011153_ea_000nw",
            "productImageURL": "https://a.fsimg.co.nz/product/retail/fan/image/master/5011153.png",
            "productDescription": "Contains Caffeine.\n\nProduct of New Zealand",
            "volume": "500mL",
            "multipack": {
                "quantity": "1"
            }
        },
        "priceData": {
            "bestPrice": "1.99",
            "price": "1.99",
            "pricePerLitre": 4.0,
            "bestPricePerLitre": 4.0
        },
        "store": {
            "id": "3ca6692b-e2a3-4d51-95b6-d061b9541e6c",
            "name": "New World Mt Roskill"
        }
    },
    {
        "productData": {
            "name": "Monster Super Fuel Purple Passion Energy Drink 550ml",
            "productId": "5284332_ea_000",
            "productShopPage": "https://www.newworld.co.nz/shop/product/5284332_ea_000nw",
            "productImageURL": "https://a.fsimg.co.nz/product/retail/fan/image/master/5284332.png",
            "productDescription": "Product of Imported",
            "volume": "550mL",
            "multipack": {
                "quantity": "1"
            }
        },
        "priceData": {
            "bestPrice": "3.49",
            "price": "3.49",
            "pricePerLitre": 6.345454545454546,
            "bestPricePerLitre": 6.345454545454546
        },
        "store": {
            "id": "3ca6692b-e2a3-4d51-95b6-d061b9541e6c",
            "name": "New World Mt Roskill"
        }
    },
    {
        "productData": {
            "name": "Mother Energy Drink Can 6pk",
            "productId": "5009490_ea_000",
            "productShopPage": "https://www.newworld.co.nz/shop/product/5009490_ea_000nw",
            "productImageURL": "https://a.fsimg.co.nz/product/retail/fan/image/master/5009490.png",
            "productDescription": "Contains Caffeine.\n\nProduct of New Zealand",
            "volume": "250mL",
            "multipack": {
                "quantity": "6"
            }
        },
        "priceData": {
            "bestPrice": "7.49",
            "price": "7.49",
            "pricePerLitre": 5.0,
            "bestPricePerLitre": 5.0
        },
        "store": {
            "id": "3ca6692b-e2a3-4d51-95b6-d061b9541e6c",
            "name": "New World Mt Roskill"
        }
    },
    {
        "productData": {
            "name": "Monster Pipeline Punch Energy Drink 500ml",
            "productId": "5242373_ea_000",
            "productShopPage": "https://www.newworld.co.nz/shop/product/5242373_ea_000nw",
            "productImageURL": "https://a.fsimg.co.nz/product/retail/fan/image/master/5242373.png",
            "productDescription": "Product of Imported",
            "volume": "500mL",
            "multipack": {
                "quantity": "1"
            }
        },
        "priceData": {
            "bestPrice": "2.99",
            "price": "2.99",
            "pricePerLitre": 6.0,
            "bestPricePerLitre": 6.0
        },
        "store": {
            "id": "3ca6692b-e2a3-4d51-95b6-d061b9541e6c",
            "name": "New World Mt Roskill"
        }
    },
    {
        "productData": {
            "name": "Monster Energy Drink 500ml",
            "productId": "5007647_ea_000",
            "productShopPage": "https://www.newworld.co.nz/shop/product/5007647_ea_000nw",
            "productImageURL": "https://a.fsimg.co.nz/product/retail/fan/image/master/5007647.png",
            "productDescription": "Contains Caffeine.\n\nProduct of Imported",
            "volume": "500mL",
            "multipack": {
                "quantity": "1"
            }
        },
        "priceData": {
            "bestPrice": "2.99",
            "price": "2.99",
            "pricePerLitre": 6.0,
            "bestPricePerLitre": 6.0
        },
        "store": {
            "id": "3ca6692b-e2a3-4d51-95b6-d061b9541e6c",
            "name": "New World Mt Roskill"
        }
    },
    {
        "productData": {
            "name": "Monster Ultra Zero Drink 4pk",
            "productId": "5213974_ea_000",
            "productShopPage": "https://www.newworld.co.nz/shop/product/5213974_ea_000nw",
            "productImageURL": "https://a.fsimg.co.nz/product/retail/fan/image/master/5213974.png",
            "productDescription": "Product of Imported",
            "volume": "500mL",
            "multipack": {
                "quantity": "4"
            }
        },
        "priceData": {
            "bestPrice": "11.99",
            "price": "11.99",
            "pricePerLitre": 6.0,
            "bestPricePerLitre": 6.0
        },
        "store": {
            "id": "3ca6692b-e2a3-4d51-95b6-d061b9541e6c",
            "name": "New World Mt Roskill"
        }
    },
    {
        "productData": {
            "name": "Monster Energy Drink 4pk",
            "productId": "5107264_ea_000",
            "productShopPage": "https://www.newworld.co.nz/shop/product/5107264_ea_000nw",
            "productImageURL": "https://a.fsimg.co.nz/product/retail/fan/image/master/5107264.png",
            "productDescription": "Product of Imported",
            "volume": "",
            "multipack": {
                "quantity": ""
            }
        },
        "priceData": {
            "bestPrice": "11.99",
            "price": "11.99",
            "pricePerLitre": 6.0,
            "bestPricePerLitre": 6.0
        },
        "store": {
            "id": "3ca6692b-e2a3-4d51-95b6-d061b9541e6c",
            "name": "New World Mt Roskill"
        }
    },
    {
        "productData": {
            "name": "V Sugarfree Guarana Energy Drink 500ml",
            "productId": "5007644_ea_000",
            "productShopPage": "https://www.newworld.co.nz/shop/product/5007644_ea_000nw",
            "productImageURL": "https://a.fsimg.co.nz/product/retail/fan/image/master/5007644.png",
            "productDescription": "Sugar Free.\n\nProduct of New Zealand",
            "volume": "500mL",
            "multipack": {
                "quantity": "1"
            }
        },
        "priceData": {
            "bestPrice": "3.49",
            "price": "3.49",
            "pricePerLitre": 7.0,
            "bestPricePerLitre": 7.0
        },
        "store": {
            "id": "3ca6692b-e2a3-4d51-95b6-d061b9541e6c",
            "name": "New World Mt Roskill"
        }
    },
    {
        "productData": {
            "name": "V Original Guarana Energy Drink 500ml",
            "productId": "5004703_ea_000",
            "productShopPage": "https://www.newworld.co.nz/shop/product/5004703_ea_000nw",
            "productImageURL": "https://a.fsimg.co.nz/product/retail/fan/image/master/5004703.png",
            "productDescription": "Contains Caffeine.\n\nProduct of New Zealand",
            "volume": "500mL",
            "multipack": {
                "quantity": "1"
            }
        },
        "priceData": {
            "bestPrice": "3.49",
            "price": "3.49",
            "pricePerLitre": 7.0,
            "bestPricePerLitre": 7.0
        },
        "store": {
            "id": "3ca6692b-e2a3-4d51-95b6-d061b9541e6c",
            "name": "New World Mt Roskill"
        }
    },
    {
        "productData": {
            "name": "V Original Guarana Energy Drink 500ml",
            "productId": "5007441_ea_000",
            "productShopPage": "https://www.newworld.co.nz/shop/product/5007441_ea_000nw",
            "productImageURL": "https://a.fsimg.co.nz/product/retail/fan/image/master/5007441.png",
            "productDescription": "Buy 2 for $5.00.\n\n\nContains Wheat Derivatives, Caffeine.\n\nProduct of New Zealand",
            "volume": "500mL",
            "multipack": {
                "quantity": "1"
            }
        },
        "priceData": {
            "bestPrice": 2.5,
            "price": 2.0,
            "pricePerLitre": 4.0,
            "bestPricePerLitre": 5.0,
            "multiBuy": {
                "quantity": 2.0,
                "value": 5.0,
                "perUnit": 2.5
            }
        },
        "store": {
            "id": "3ca6692b-e2a3-4d51-95b6-d061b9541e6c",
            "name": "New World Mt Roskill"
        }
    },
    {
        "productData": {
            "name": "V Blue Guarana Energy Drink 10pk",
            "productId": "5290181_ea_000",
            "productShopPage": "https://www.newworld.co.nz/shop/product/5290181_ea_000nw",
            "productImageURL": "https://a.fsimg.co.nz/product/retail/fan/image/master/5290181.png",
            "productDescription": "Product of New Zealand",
            "volume": "250mL",
            "multipack": {
                "quantity": "10"
            }
        },
        "priceData": {
            "bestPrice": "16.99",
            "price": "16.99",
            "pricePerLitre": 6.8,
            "bestPricePerLitre": 6.8
        },
        "store": {
            "id": "4db31fed-1e21-4884-82a5-cfaa178af8ac",
            "name": "New World Cambridge"
        }
    },
    {
        "productData": {
            "name": "V Sugarfree Blue Guarana Energy Drink 4pk",
            "productId": "5289891_ea_000",
            "productShopPage": "https://www.newworld.co.nz/shop/product/5289891_ea_000nw",
            "productImageURL": "https://a.fsimg.co.nz/product/retail/fan/image/master/5289891.png",
            "productDescription": "Limit 12 assorted.\n\n\n\n\nProduct of New Zealand",
            "volume": "250mL",
            "multipack": {
                "quantity": "4"
            }
        },
        "priceData": {
            "bestPrice": "5.99",
            "price": "5.99",
            "pricePerLitre": 5.99,
            "bestPricePerLitre": 5.99
        },
        "store": {
            "id": "4db31fed-1e21-4884-82a5-cfaa178af8ac",
            "name": "New World Cambridge"
        }
    },
    {
        "productData": {
            "name": "V Sugarfree Guarana Energy Drink 250ml",
            "productId": "5001639_ea_000",
            "productShopPage": "https://www.newworld.co.nz/shop/product/5001639_ea_000nw",
            "productImageURL": "https://a.fsimg.co.nz/product/retail/fan/image/master/5001639.png",
            "productDescription": "Sugar Free. Contains Caffeine.\n\nProduct of New Zealand",
            "volume": "250mL",
            "multipack": {
                "quantity": "1"
            }
        },
        "priceData": {
            "bestPrice": "1.99",
            "price": "1.99",
            "pricePerLitre": 8.0,
            "bestPricePerLitre": 8.0
        },
        "store": {
            "id": "4db31fed-1e21-4884-82a5-cfaa178af8ac",
            "name": "New World Cambridge"
        }
    },
    {
        "productData": {
            "name": "V Sugarfree Guarana Energy Drink 10pk",
            "productId": "5289890_ea_000",
            "productShopPage": "https://www.newworld.co.nz/shop/product/5289890_ea_000nw",
            "productImageURL": "https://a.fsimg.co.nz/product/retail/fan/image/master/5289890.png",
            "productDescription": "Product of New Zealand",
            "volume": "",
            "multipack": {
                "quantity": ""
            }
        },
        "priceData": {
            "bestPrice": "16.99",
            "price": "16.99"
        },
        "store": {
            "id": "4db31fed-1e21-4884-82a5-cfaa178af8ac",
            "name": "New World Cambridge"
        }
    },
    {
        "productData": {
            "name": "V Green Guarana Energy Drink 6pk",
            "productId": "5272987_ea_000",
            "productShopPage": "https://www.newworld.co.nz/shop/product/5272987_ea_000nw",
            "productImageURL": "https://a.fsimg.co.nz/product/retail/fan/image/master/5272987.png",
            "productDescription": "Product of New Zealand",
            "volume": "330mL",
            "multipack": {
                "quantity": "6"
            }
        },
        "priceData": {
            "bestPrice": "11.99",
            "price": "11.99",
            "pricePerLitre": 6.05,
            "bestPricePerLitre": 6.05
        },
        "store": {
            "id": "4db31fed-1e21-4884-82a5-cfaa178af8ac",
            "name": "New World Cambridge"
        }
    },
    {
        "productData": {
            "name": "V Green Guarana Energy Drink 10pk",
            "productId": "5289889_ea_000",
            "productShopPage": "https://www.newworld.co.nz/shop/product/5289889_ea_000nw",
            "productImageURL": "https://a.fsimg.co.nz/product/retail/fan/image/master/5289889.png",
            "productDescription": "Product of New Zealand",
            "volume": "250mL",
            "multipack": {
                "quantity": "10"
            }
        },
        "priceData": {
            "bestPrice": "16.99",
            "price": "16.99",
            "pricePerLitre": 6.795999999999999,
            "bestPricePerLitre": 6.795999999999999
        },
        "store": {
            "id": "4db31fed-1e21-4884-82a5-cfaa178af8ac",
            "name": "New World Cambridge"
        }
    },
    {
        "productData": {
            "name": "V Sugarfree Blue Guarana Energy Drink 500ml",
            "productId": "5283362_ea_000",
            "productShopPage": "https://www.newworld.co.nz/shop/product/5283362_ea_000nw",
            "productImageURL": "https://a.fsimg.co.nz/product/retail/fan/image/master/5283362.png",
            "productDescription": "Sugar free\n\nProduct of New Zealand",
            "volume": "500mL",
            "multipack": {
                "quantity": "1"
            }
        },
        "priceData": {
            "bestPrice": "3.49",
            "price": "3.49",
            "pricePerLitre": 7.0,
            "bestPricePerLitre": 7.0
        },
        "store": {
            "id": "4db31fed-1e21-4884-82a5-cfaa178af8ac",
            "name": "New World Cambridge"
        }
    },
    {
        "productData": {
            "name": "V Original Guarana Energy Drink 350ml",
            "productId": "5003156_ea_000",
            "productShopPage": "https://www.newworld.co.nz/shop/product/5003156_ea_000nw",
            "productImageURL": "https://a.fsimg.co.nz/product/retail/fan/image/master/5003156.png",
            "productDescription": "Buy 2 for $5.00.\n\n\nContains Caffeine.\n\nProduct of New Zealand",
            "volume": "350mL",
            "multipack": {
                "quantity": "1"
            }
        },
        "priceData": {
            "bestPrice": 2.5,
            "price": 2.0,
            "pricePerLitre": 5.714285714285714,
            "bestPricePerLitre": 7.142857142857143,
            "multiBuy": {
                "quantity": 2.0,
                "value": 5.0,
                "perUnit": 2.5
            }
        },
        "store": {
            "id": "4db31fed-1e21-4884-82a5-cfaa178af8ac",
            "name": "New World Cambridge"
        }
    },
    {
        "productData": {
            "name": "V Blue Guarana Energy Drink 350ml",
            "productId": "5007492_ea_000",
            "productShopPage": "https://www.newworld.co.nz/shop/product/5007492_ea_000nw",
            "productImageURL": "https://a.fsimg.co.nz/product/retail/fan/image/master/5007492.png",
            "productDescription": "Buy 2 for $5.00.\n\n\nContains Caffeine, Wheat Derivatives.\n\nProduct of New Zealand",
            "volume": "350mL",
            "multipack": {
                "quantity": "1"
            }
        },
        "priceData": {
            "bestPrice": 2.5,
            "price": 2.0,
            "pricePerLitre": 5.714285714285714,
            "bestPricePerLitre": 7.142857142857143,
            "multiBuy": {
                "quantity": 2.0,
                "value": 5.0,
                "perUnit": 2.5
            }
        },
        "store": {
            "id": "4db31fed-1e21-4884-82a5-cfaa178af8ac",
            "name": "New World Cambridge"
        }
    },
    {
        "productData": {
            "name": "V Blue Energy Drink 500ml",
            "productId": "5020662_ea_000",
            "productShopPage": "https://www.newworld.co.nz/shop/product/5020662_ea_000nw",
            "productImageURL": "https://a.fsimg.co.nz/product/retail/fan/image/master/5020662.png",
            "productDescription": "Buy 2 for $5.00.\n\n\n\n\nProduct of New Zealand",
            "volume": "500mL",
            "multipack": {
                "quantity": "1"
            }
        },
        "priceData": {
            "bestPrice": 2.5,
            "price": 2.0,
            "pricePerLitre": 4.0,
            "bestPricePerLitre": 5.0,
            "multiBuy": {
                "quantity": 2.0,
                "value": 5.0,
                "perUnit": 2.5
            }
        },
        "store": {
            "id": "4db31fed-1e21-4884-82a5-cfaa178af8ac",
            "name": "New World Cambridge"
        }
    },
    {
        "productData": {
            "name": "V Blue Guarana Energy Drink 500ml",
            "productId": "5007494_ea_000",
            "productShopPage": "https://www.newworld.co.nz/shop/product/5007494_ea_000nw",
            "productImageURL": "https://a.fsimg.co.nz/product/retail/fan/image/master/5007494.png",
            "productDescription": "Contains Wheat Derivatives, Caffeine.\n\nProduct of New Zealand",
            "volume": "500mL",
            "multipack": {
                "quantity": "1"
            }
        },
        "priceData": {
            "bestPrice": "3.49",
            "price": "3.49",
            "pricePerLitre": 7.0,
            "bestPricePerLitre": 7.0
        },
        "store": {
            "id": "4db31fed-1e21-4884-82a5-cfaa178af8ac",
            "name": "New World Cambridge"
        }
    },
    {
        "productData": {
            "name": "Red Bull Energy Drink 473ml",
            "productId": "5005255_ea_000",
            "productShopPage": "https://www.newworld.co.nz/shop/product/5005255_ea_000nw",
            "productImageURL": "https://a.fsimg.co.nz/product/retail/fan/image/master/5005255.png",
            "productDescription": "Red Bull Energy Drink's special formula contains ingredients of high quality: Caffeine, Taurine, B-Group Vitamins, Sugars, Alpine Water.One 250ml can of Red Bull Energy Drinks contains 80 mg of caffeine, about the same amount as in a cup of home-brewed coffee.The amount of sugars in a can of Red Bull Energy Drink is comparable to the level of sugars in an equivalent amount of apple or orange juice – 11 g per 100ml.Red Bull cans are made of 100% recyclable aluminium.Red Bull Energy Drink 473ml canVitalizes Body and Mind.®RED BULL GIVES YOU WINGSInspired by functional drinks from the Far East, Dietrich Mateschitz founded Red Bull in the mid-1980s. He developed a new product and a unique marketing concept and launched Red Bull Energy Drink on April 1, 1987 in Austria. A brand new product category - Energy Drinks - was born.\n\nProduct of Imported",
            "volume": "473mL",
            "multipack": {
                "quantity": "1"
            }
        },
        "priceData": {
            "bestPrice": "3.59",
            "price": "3.59",
            "pricePerLitre": 7.6,
            "bestPricePerLitre": 7.6
        },
        "store": {
            "id": "4db31fed-1e21-4884-82a5-cfaa178af8ac",
            "name": "New World Cambridge"
        }
    },
    {
        "productData": {
            "name": "V Original Guarana Energy Drink 250ml",
            "productId": "5003151_ea_000",
            "productShopPage": "https://www.newworld.co.nz/shop/product/5003151_ea_000nw",
            "productImageURL": "https://a.fsimg.co.nz/product/retail/fan/image/master/5003151.png",
            "productDescription": "Contains Caffeine.\n\nProduct of New Zealand",
            "volume": "250mL",
            "multipack": {
                "quantity": "1"
            }
        },
        "priceData": {
            "bestPrice": "1.99",
            "price": "1.99",
            "pricePerLitre": 8.0,
            "bestPricePerLitre": 8.0
        },
        "store": {
            "id": "4db31fed-1e21-4884-82a5-cfaa178af8ac",
            "name": "New World Cambridge"
        }
    },
    {
        "productData": {
            "name": "Red Bull Energy Drink 250ml Cans 4pk",
            "productId": "5001443_ea_000",
            "productShopPage": "https://www.newworld.co.nz/shop/product/5001443_ea_000nw",
            "productImageURL": "https://a.fsimg.co.nz/product/retail/fan/image/master/5001443.png",
            "productDescription": "Red Bull Energy Drink's special formula contains ingredients of high quality: Caffeine, Taurine, B-Group Vitamins, Sugars, Alpine Water.One 250ml can of Red Bull Energy Drinks contains 80 mg of caffeine, about the same amount as in a cup of home-brewed coffee.The amount of sugars in a can of Red Bull Energy Drink is comparable to the level of sugars in an equivalent amount of apple or orange juice – 11 g per 100ml.Red Bull cans are made of 100% recyclable aluminium.Pack of four 250ml Red Bull Energy Drink cansVitalizes Body and Mind.®RED BULL GIVES YOU WINGSInspired by functional drinks from the Far East, Dietrich Mateschitz founded Red Bull in the mid-1980s. He developed a new product and a unique marketing concept and launched Red Bull Energy Drink on April 1, 1987 in Austria. A brand new product category - Energy Drinks - was born.",
            "volume": "250mL",
            "multipack": {
                "quantity": "4"
            }
        },
        "priceData": {
            "bestPrice": "8.29",
            "price": "8.29",
            "pricePerLitre": 8.299999999999999,
            "bestPricePerLitre": 8.299999999999999
        },
        "store": {
            "id": "4db31fed-1e21-4884-82a5-cfaa178af8ac",
            "name": "New World Cambridge"
        }
    },
    {
        "productData": {
            "name": "Lucozade Orange Energy Drink 380ml",
            "productId": "5009239_ea_000",
            "productShopPage": "https://www.newworld.co.nz/shop/product/5009239_ea_000nw",
            "productImageURL": "https://a.fsimg.co.nz/product/retail/fan/image/master/5009239.png",
            "productDescription": "Powered by Glucose.\n\nProduct of New Zealand",
            "volume": "380mL",
            "multipack": {
                "quantity": "1"
            }
        },
        "priceData": {
            "bestPrice": "2.69",
            "price": "2.69",
            "pricePerLitre": 7.08,
            "bestPricePerLitre": 7.08
        },
        "store": {
            "id": "4db31fed-1e21-4884-82a5-cfaa178af8ac",
            "name": "New World Cambridge"
        }
    },
    {
        "productData": {
            "name": "V Blue Can 4pk",
            "productId": "5030249_ea_000",
            "productShopPage": "https://www.newworld.co.nz/shop/product/5030249_ea_000nw",
            "productImageURL": "https://a.fsimg.co.nz/product/retail/fan/image/master/5030249.png",
            "productDescription": "Limit 12 assorted.\n\n\nContains Wheat Derivatives, Caffeine.\n\nProduct of New Zealand",
            "volume": "250mL",
            "multipack": {
                "quantity": "4"
            }
        },
        "priceData": {
            "bestPrice": "5.99",
            "price": "5.99",
            "pricePerLitre": 5.99,
            "bestPricePerLitre": 5.99
        },
        "store": {
            "id": "4db31fed-1e21-4884-82a5-cfaa178af8ac",
            "name": "New World Cambridge"
        }
    },
    {
        "productData": {
            "name": "V Energy Drink Sugarfree Cans 4pk",
            "productId": "5004117_ea_000",
            "productShopPage": "https://www.newworld.co.nz/shop/product/5004117_ea_000nw",
            "productImageURL": "https://a.fsimg.co.nz/product/retail/fan/image/master/5004117.png",
            "productDescription": "Limit 12 assorted.\n\n\nSugar Free. Contains Caffeine.\n\nProduct of New Zealand",
            "volume": "250mL",
            "multipack": {
                "quantity": "4"
            }
        },
        "priceData": {
            "bestPrice": "5.99",
            "price": "5.99",
            "pricePerLitre": 5.99,
            "bestPricePerLitre": 5.99
        },
        "store": {
            "id": "4db31fed-1e21-4884-82a5-cfaa178af8ac",
            "name": "New World Cambridge"
        }
    },
    {
        "productData": {
            "name": "Monster Zero Sugar Ultra Rosa Energy Drink 500ml",
            "productId": "5278094_ea_000",
            "productShopPage": "https://www.newworld.co.nz/shop/product/5278094_ea_000nw",
            "productImageURL": "https://a.fsimg.co.nz/product/retail/fan/image/master/5278094.png",
            "productDescription": "Product of Imported",
            "volume": "500mL",
            "multipack": {
                "quantity": "1"
            }
        },
        "priceData": {
            "bestPrice": "2.99",
            "price": "2.99",
            "pricePerLitre": 6.0,
            "bestPricePerLitre": 6.0
        },
        "store": {
            "id": "4db31fed-1e21-4884-82a5-cfaa178af8ac",
            "name": "New World Cambridge"
        }
    },
    {
        "productData": {
            "name": "V Energy Drink Green Cans 4pk",
            "productId": "5002893_ea_000",
            "productShopPage": "https://www.newworld.co.nz/shop/product/5002893_ea_000nw",
            "productImageURL": "https://a.fsimg.co.nz/product/retail/fan/image/master/5002893.png",
            "productDescription": "Limit 12 assorted.\n\n\nContains Caffeine.\n\nProduct of New Zealand",
            "volume": "250mL",
            "multipack": {
                "quantity": "4"
            }
        },
        "priceData": {
            "bestPrice": "5.99",
            "price": "5.99",
            "pricePerLitre": 5.99,
            "bestPricePerLitre": 5.99
        },
        "store": {
            "id": "4db31fed-1e21-4884-82a5-cfaa178af8ac",
            "name": "New World Cambridge"
        }
    },
    {
        "productData": {
            "name": "Monster Ultra Zero Drink 500ml",
            "productId": "5090618_ea_000",
            "productShopPage": "https://www.newworld.co.nz/shop/product/5090618_ea_000nw",
            "productImageURL": "https://a.fsimg.co.nz/product/retail/fan/image/master/5090618.png",
            "productDescription": "A little less sweet, lighter-tasting, zero calories, but with a full load of our Monster energy blend. Sure, white is the new black. Monster Energy Zero Ultra. Unleash the Ultra Beast!\n\nProduct of Imported",
            "volume": "500mL",
            "multipack": {
                "quantity": "1"
            }
        },
        "priceData": {
            "bestPrice": "2.99",
            "price": "2.99",
            "pricePerLitre": 6.0,
            "bestPricePerLitre": 6.0
        },
        "store": {
            "id": "4db31fed-1e21-4884-82a5-cfaa178af8ac",
            "name": "New World Cambridge"
        }
    },
    {
        "productData": {
            "name": "Monster Super Fuel Zero Sugar Energy Drink 550ml",
            "productId": "5284331_ea_000",
            "productShopPage": "https://www.newworld.co.nz/shop/product/5284331_ea_000nw",
            "productImageURL": "https://a.fsimg.co.nz/product/retail/fan/image/master/5284331.png",
            "productDescription": "Product of Imported",
            "volume": "550mL",
            "multipack": {
                "quantity": "1"
            }
        },
        "priceData": {
            "bestPrice": "3.49",
            "price": "3.49",
            "pricePerLitre": 6.345454545454546,
            "bestPricePerLitre": 6.345454545454546
        },
        "store": {
            "id": "4db31fed-1e21-4884-82a5-cfaa178af8ac",
            "name": "New World Cambridge"
        }
    },
    {
        "productData": {
            "name": "Mother Energy Drink Can 500ml",
            "productId": "5011153_ea_000",
            "productShopPage": "https://www.newworld.co.nz/shop/product/5011153_ea_000nw",
            "productImageURL": "https://a.fsimg.co.nz/product/retail/fan/image/master/5011153.png",
            "productDescription": "Contains Caffeine.\n\nProduct of New Zealand",
            "volume": "500mL",
            "multipack": {
                "quantity": "1"
            }
        },
        "priceData": {
            "bestPrice": "1.99",
            "price": "1.99",
            "pricePerLitre": 4.0,
            "bestPricePerLitre": 4.0
        },
        "store": {
            "id": "4db31fed-1e21-4884-82a5-cfaa178af8ac",
            "name": "New World Cambridge"
        }
    },
    {
        "productData": {
            "name": "Monster Super Fuel Purple Passion Energy Drink 550ml",
            "productId": "5284332_ea_000",
            "productShopPage": "https://www.newworld.co.nz/shop/product/5284332_ea_000nw",
            "productImageURL": "https://a.fsimg.co.nz/product/retail/fan/image/master/5284332.png",
            "productDescription": "Product of Imported",
            "volume": "550mL",
            "multipack": {
                "quantity": "1"
            }
        },
        "priceData": {
            "bestPrice": "3.49",
            "price": "3.49",
            "pricePerLitre": 6.345454545454546,
            "bestPricePerLitre": 6.345454545454546
        },
        "store": {
            "id": "4db31fed-1e21-4884-82a5-cfaa178af8ac",
            "name": "New World Cambridge"
        }
    },
    {
        "productData": {
            "name": "Mother Energy Drink Can 6pk",
            "productId": "5009490_ea_000",
            "productShopPage": "https://www.newworld.co.nz/shop/product/5009490_ea_000nw",
            "productImageURL": "https://a.fsimg.co.nz/product/retail/fan/image/master/5009490.png",
            "productDescription": "Contains Caffeine.\n\nProduct of New Zealand",
            "volume": "250mL",
            "multipack": {
                "quantity": "6"
            }
        },
        "priceData": {
            "bestPrice": "7.49",
            "price": "7.49",
            "pricePerLitre": 5.0,
            "bestPricePerLitre": 5.0
        },
        "store": {
            "id": "4db31fed-1e21-4884-82a5-cfaa178af8ac",
            "name": "New World Cambridge"
        }
    },
    {
        "productData": {
            "name": "Monster Energy Drink 500ml",
            "productId": "5007647_ea_000",
            "productShopPage": "https://www.newworld.co.nz/shop/product/5007647_ea_000nw",
            "productImageURL": "https://a.fsimg.co.nz/product/retail/fan/image/master/5007647.png",
            "productDescription": "Contains Caffeine.\n\nProduct of Imported",
            "volume": "500mL",
            "multipack": {
                "quantity": "1"
            }
        },
        "priceData": {
            "bestPrice": "2.99",
            "price": "2.99",
            "pricePerLitre": 6.0,
            "bestPricePerLitre": 6.0
        },
        "store": {
            "id": "4db31fed-1e21-4884-82a5-cfaa178af8ac",
            "name": "New World Cambridge"
        }
    },
    {
        "productData": {
            "name": "V Sugarfree Guarana Energy Drink 500ml",
            "productId": "5007644_ea_000",
            "productShopPage": "https://www.newworld.co.nz/shop/product/5007644_ea_000nw",
            "productImageURL": "https://a.fsimg.co.nz/product/retail/fan/image/master/5007644.png",
            "productDescription": "Sugar Free.\n\nProduct of New Zealand",
            "volume": "500mL",
            "multipack": {
                "quantity": "1"
            }
        },
        "priceData": {
            "bestPrice": "3.49",
            "price": "3.49",
            "pricePerLitre": 7.0,
            "bestPricePerLitre": 7.0
        },
        "store": {
            "id": "4db31fed-1e21-4884-82a5-cfaa178af8ac",
            "name": "New World Cambridge"
        }
    },
    {
        "productData": {
            "name": "V Original Guarana Energy Drink 500ml",
            "productId": "5004703_ea_000",
            "productShopPage": "https://www.newworld.co.nz/shop/product/5004703_ea_000nw",
            "productImageURL": "https://a.fsimg.co.nz/product/retail/fan/image/master/5004703.png",
            "productDescription": "Contains Caffeine.\n\nProduct of New Zealand",
            "volume": "500mL",
            "multipack": {
                "quantity": "1"
            }
        },
        "priceData": {
            "bestPrice": "3.49",
            "price": "3.49",
            "pricePerLitre": 7.0,
            "bestPricePerLitre": 7.0
        },
        "store": {
            "id": "4db31fed-1e21-4884-82a5-cfaa178af8ac",
            "name": "New World Cambridge"
        }
    },
    {
        "productData": {
            "name": "V Original Guarana Energy Drink 500ml",
            "productId": "5007441_ea_000",
            "productShopPage": "https://www.newworld.co.nz/shop/product/5007441_ea_000nw",
            "productImageURL": "https://a.fsimg.co.nz/product/retail/fan/image/master/5007441.png",
            "productDescription": "Buy 2 for $5.00.\n\n\nContains Wheat Derivatives, Caffeine.\n\nProduct of New Zealand",
            "volume": "500mL",
            "multipack": {
                "quantity": "1"
            }
        },
        "priceData": {
            "bestPrice": 2.5,
            "price": 2.0,
            "pricePerLitre": 4.0,
            "bestPricePerLitre": 5.0,
            "multiBuy": {
                "quantity": 2.0,
                "value": 5.0,
                "perUnit": 2.5
            }
        },
        "store": {
            "id": "4db31fed-1e21-4884-82a5-cfaa178af8ac",
            "name": "New World Cambridge"
        }
    },
    {
        "productData": {
            "name": "V Blue Guarana Energy Drink 10pk",
            "productId": "5290181_ea_000",
            "productShopPage": "https://www.newworld.co.nz/shop/product/5290181_ea_000nw",
            "productImageURL": "https://a.fsimg.co.nz/product/retail/fan/image/master/5290181.png",
            "productDescription": "Product of New Zealand",
            "volume": "250mL",
            "multipack": {
                "quantity": "10"
            }
        },
        "priceData": {
            "bestPrice": "17.99",
            "price": "17.99",
            "pricePerLitre": 7.2,
            "bestPricePerLitre": 7.2
        },
        "store": {
            "id": "8d2ceac4-9520-4b8e-82bb-7867873580da",
            "name": "New World Broadway"
        }
    },
    {
        "productData": {
            "name": "V Blue Guarana Energy Drink 250ml",
            "productId": "5007495_ea_000",
            "productShopPage": "https://www.newworld.co.nz/shop/product/5007495_ea_000nw",
            "productImageURL": "https://a.fsimg.co.nz/product/retail/fan/image/master/5007495.png",
            "productDescription": "Contains Caffeine, Wheat Derivatives.\n\nProduct of New Zealand",
            "volume": "250mL",
            "multipack": {
                "quantity": "1"
            }
        },
        "priceData": {
            "bestPrice": "1.99",
            "price": "1.99",
            "pricePerLitre": 8.0,
            "bestPricePerLitre": 8.0
        },
        "store": {
            "id": "8d2ceac4-9520-4b8e-82bb-7867873580da",
            "name": "New World Broadway"
        }
    },
    {
        "productData": {
            "name": "V Sugarfree Blue Guarana Energy Drink 4pk",
            "productId": "5289891_ea_000",
            "productShopPage": "https://www.newworld.co.nz/shop/product/5289891_ea_000nw",
            "productImageURL": "https://a.fsimg.co.nz/product/retail/fan/image/master/5289891.png",
            "productDescription": "Limit 12 assorted.\n\n\n\n\nProduct of New Zealand",
            "volume": "250mL",
            "multipack": {
                "quantity": "4"
            }
        },
        "priceData": {
            "bestPrice": "5.99",
            "price": "5.99",
            "pricePerLitre": 5.99,
            "bestPricePerLitre": 5.99
        },
        "store": {
            "id": "8d2ceac4-9520-4b8e-82bb-7867873580da",
            "name": "New World Broadway"
        }
    },
    {
        "productData": {
            "name": "V Sugarfree Guarana Energy Drink 250ml",
            "productId": "5001639_ea_000",
            "productShopPage": "https://www.newworld.co.nz/shop/product/5001639_ea_000nw",
            "productImageURL": "https://a.fsimg.co.nz/product/retail/fan/image/master/5001639.png",
            "productDescription": "Sugar Free. Contains Caffeine.\n\nProduct of New Zealand",
            "volume": "250mL",
            "multipack": {
                "quantity": "1"
            }
        },
        "priceData": {
            "bestPrice": "1.99",
            "price": "1.99",
            "pricePerLitre": 8.0,
            "bestPricePerLitre": 8.0
        },
        "store": {
            "id": "8d2ceac4-9520-4b8e-82bb-7867873580da",
            "name": "New World Broadway"
        }
    },
    {
        "productData": {
            "name": "V Sugarfree Guarana Energy Drink 10pk",
            "productId": "5289890_ea_000",
            "productShopPage": "https://www.newworld.co.nz/shop/product/5289890_ea_000nw",
            "productImageURL": "https://a.fsimg.co.nz/product/retail/fan/image/master/5289890.png",
            "productDescription": "Product of New Zealand",
            "volume": "",
            "multipack": {
                "quantity": ""
            }
        },
        "priceData": {
            "bestPrice": "17.99",
            "price": "17.99",
            "pricePerLitre": 72.0,
            "bestPricePerLitre": 72.0
        },
        "store": {
            "id": "8d2ceac4-9520-4b8e-82bb-7867873580da",
            "name": "New World Broadway"
        }
    },
    {
        "productData": {
            "name": "V Green Guarana Energy Drink 6pk",
            "productId": "5272987_ea_000",
            "productShopPage": "https://www.newworld.co.nz/shop/product/5272987_ea_000nw",
            "productImageURL": "https://a.fsimg.co.nz/product/retail/fan/image/master/5272987.png",
            "productDescription": "Product of New Zealand",
            "volume": "330mL",
            "multipack": {
                "quantity": "6"
            }
        },
        "priceData": {
            "bestPrice": "11.99",
            "price": "11.99",
            "pricePerLitre": 6.05,
            "bestPricePerLitre": 6.05
        },
        "store": {
            "id": "8d2ceac4-9520-4b8e-82bb-7867873580da",
            "name": "New World Broadway"
        }
    },
    {
        "productData": {
            "name": "Live Plus Ascend Energy Drink 250ml",
            "productId": "5236675_ea_000",
            "productShopPage": "https://www.newworld.co.nz/shop/product/5236675_ea_000nw",
            "productImageURL": "https://a.fsimg.co.nz/product/retail/fan/image/master/5236675.png",
            "productDescription": "Limit 12 assorted.\n\n\n\n\nProduct of New Zealand",
            "volume": "",
            "multipack": {
                "quantity": ""
            }
        },
        "priceData": {
            "bestPrice": "0.99",
            "price": "0.99"
        },
        "store": {
            "id": "8d2ceac4-9520-4b8e-82bb-7867873580da",
            "name": "New World Broadway"
        }
    },
    {
        "productData": {
            "name": "Live Plus Tart Apple Energy Drink 250ml",
            "productId": "5236676_ea_000",
            "productShopPage": "https://www.newworld.co.nz/shop/product/5236676_ea_000nw",
            "productImageURL": "https://a.fsimg.co.nz/product/retail/fan/image/master/5236676.png",
            "productDescription": "Limit 12 assorted.\n\n\n\n\nProduct of New Zealand",
            "volume": "250mL",
            "multipack": {
                "quantity": "1"
            }
        },
        "priceData": {
            "bestPrice": "0.99",
            "price": "0.99",
            "pricePerLitre": 3.96,
            "bestPricePerLitre": 3.96
        },
        "store": {
            "id": "8d2ceac4-9520-4b8e-82bb-7867873580da",
            "name": "New World Broadway"
        }
    },
    {
        "productData": {
            "name": "Live Plus Persist Energy Drink 250ml",
            "productId": "5236678_ea_000",
            "productShopPage": "https://www.newworld.co.nz/shop/product/5236678_ea_000nw",
            "productImageURL": "https://a.fsimg.co.nz/product/retail/fan/image/master/5236678.png",
            "productDescription": "Limit 12 assorted.\n\n\n\n\nProduct of New Zealand",
            "volume": "",
            "multipack": {
                "quantity": ""
            }
        },
        "priceData": {
            "bestPrice": "0.99",
            "price": "0.99"
        },
        "store": {
            "id": "8d2ceac4-9520-4b8e-82bb-7867873580da",
            "name": "New World Broadway"
        }
    },
    {
        "productData": {
            "name": "V Green Guarana Energy Drink 10pk",
            "productId": "5289889_ea_000",
            "productShopPage": "https://www.newworld.co.nz/shop/product/5289889_ea_000nw",
            "productImageURL": "https://a.fsimg.co.nz/product/retail/fan/image/master/5289889.png",
            "productDescription": "Product of New Zealand",
            "volume": "250mL",
            "multipack": {
                "quantity": "10"
            }
        },
        "priceData": {
            "bestPrice": "17.99",
            "price": "17.99",
            "pricePerLitre": 7.2,
            "bestPricePerLitre": 7.2
        },
        "store": {
            "id": "8d2ceac4-9520-4b8e-82bb-7867873580da",
            "name": "New World Broadway"
        }
    },
    {
        "productData": {
            "name": "V Sugarfree Blue Guarana Energy Drink 500ml",
            "productId": "5283362_ea_000",
            "productShopPage": "https://www.newworld.co.nz/shop/product/5283362_ea_000nw",
            "productImageURL": "https://a.fsimg.co.nz/product/retail/fan/image/master/5283362.png",
            "productDescription": "Sugar free\n\nProduct of New Zealand",
            "volume": "500mL",
            "multipack": {
                "quantity": "1"
            }
        },
        "priceData": {
            "bestPrice": "3.49",
            "price": "3.49",
            "pricePerLitre": 7.0,
            "bestPricePerLitre": 7.0
        },
        "store": {
            "id": "8d2ceac4-9520-4b8e-82bb-7867873580da",
            "name": "New World Broadway"
        }
    },
    {
        "productData": {
            "name": "V Original Guarana Energy Drink 350ml",
            "productId": "5003156_ea_000",
            "productShopPage": "https://www.newworld.co.nz/shop/product/5003156_ea_000nw",
            "productImageURL": "https://a.fsimg.co.nz/product/retail/fan/image/master/5003156.png",
            "productDescription": "Buy 2 for $5.00.\n\n\nContains Caffeine.\n\nProduct of New Zealand",
            "volume": "350mL",
            "multipack": {
                "quantity": "1"
            }
        },
        "priceData": {
            "bestPrice": 2.5,
            "price": 2.0,
            "pricePerLitre": 5.714285714285714,
            "bestPricePerLitre": 7.142857142857143,
            "multiBuy": {
                "quantity": 2.0,
                "value": 5.0,
                "perUnit": 2.5
            }
        },
        "store": {
            "id": "8d2ceac4-9520-4b8e-82bb-7867873580da",
            "name": "New World Broadway"
        }
    },
    {
        "productData": {
            "name": "V Blue Guarana Energy Drink 350ml",
            "productId": "5007492_ea_000",
            "productShopPage": "https://www.newworld.co.nz/shop/product/5007492_ea_000nw",
            "productImageURL": "https://a.fsimg.co.nz/product/retail/fan/image/master/5007492.png",
            "productDescription": "Buy 2 for $5.00.\n\n\nContains Caffeine, Wheat Derivatives.\n\nProduct of New Zealand",
            "volume": "350mL",
            "multipack": {
                "quantity": "1"
            }
        },
        "priceData": {
            "bestPrice": 2.5,
            "price": 2.0,
            "pricePerLitre": 5.714285714285714,
            "bestPricePerLitre": 7.142857142857143,
            "multiBuy": {
                "quantity": 2.0,
                "value": 5.0,
                "perUnit": 2.5
            }
        },
        "store": {
            "id": "8d2ceac4-9520-4b8e-82bb-7867873580da",
            "name": "New World Broadway"
        }
    },
    {
        "productData": {
            "name": "V Blue Energy Drink 500ml",
            "productId": "5020662_ea_000",
            "productShopPage": "https://www.newworld.co.nz/shop/product/5020662_ea_000nw",
            "productImageURL": "https://a.fsimg.co.nz/product/retail/fan/image/master/5020662.png",
            "productDescription": "Buy 2 for $5.00.\n\n\n\n\nProduct of New Zealand",
            "volume": "500mL",
            "multipack": {
                "quantity": "1"
            }
        },
        "priceData": {
            "bestPrice": 2.5,
            "price": 2.0,
            "pricePerLitre": 4.0,
            "bestPricePerLitre": 5.0,
            "multiBuy": {
                "quantity": 2.0,
                "value": 5.0,
                "perUnit": 2.5
            }
        },
        "store": {
            "id": "8d2ceac4-9520-4b8e-82bb-7867873580da",
            "name": "New World Broadway"
        }
    },
    {
        "productData": {
            "name": "V Blue Guarana Energy Drink 500ml",
            "productId": "5007494_ea_000",
            "productShopPage": "https://www.newworld.co.nz/shop/product/5007494_ea_000nw",
            "productImageURL": "https://a.fsimg.co.nz/product/retail/fan/image/master/5007494.png",
            "productDescription": "Contains Wheat Derivatives, Caffeine.\n\nProduct of New Zealand",
            "volume": "500mL",
            "multipack": {
                "quantity": "1"
            }
        },
        "priceData": {
            "bestPrice": "3.49",
            "price": "3.49",
            "pricePerLitre": 7.0,
            "bestPricePerLitre": 7.0
        },
        "store": {
            "id": "8d2ceac4-9520-4b8e-82bb-7867873580da",
            "name": "New World Broadway"
        }
    },
    {
        "productData": {
            "name": "Red Bull Energy Drink 473ml",
            "productId": "5005255_ea_000",
            "productShopPage": "https://www.newworld.co.nz/shop/product/5005255_ea_000nw",
            "productImageURL": "https://a.fsimg.co.nz/product/retail/fan/image/master/5005255.png",
            "productDescription": "Red Bull Energy Drink's special formula contains ingredients of high quality: Caffeine, Taurine, B-Group Vitamins, Sugars, Alpine Water.One 250ml can of Red Bull Energy Drinks contains 80 mg of caffeine, about the same amount as in a cup of home-brewed coffee.The amount of sugars in a can of Red Bull Energy Drink is comparable to the level of sugars in an equivalent amount of apple or orange juice – 11 g per 100ml.Red Bull cans are made of 100% recyclable aluminium.Red Bull Energy Drink 473ml canVitalizes Body and Mind.®RED BULL GIVES YOU WINGSInspired by functional drinks from the Far East, Dietrich Mateschitz founded Red Bull in the mid-1980s. He developed a new product and a unique marketing concept and launched Red Bull Energy Drink on April 1, 1987 in Austria. A brand new product category - Energy Drinks - was born.\n\nProduct of Imported",
            "volume": "473mL",
            "multipack": {
                "quantity": "1"
            }
        },
        "priceData": {
            "bestPrice": "3.59",
            "price": "3.59",
            "pricePerLitre": 7.6,
            "bestPricePerLitre": 7.6
        },
        "store": {
            "id": "8d2ceac4-9520-4b8e-82bb-7867873580da",
            "name": "New World Broadway"
        }
    },
    {
        "productData": {
            "name": "V Original Guarana Energy Drink 250ml",
            "productId": "5003151_ea_000",
            "productShopPage": "https://www.newworld.co.nz/shop/product/5003151_ea_000nw",
            "productImageURL": "https://a.fsimg.co.nz/product/retail/fan/image/master/5003151.png",
            "productDescription": "Contains Caffeine.\n\nProduct of New Zealand",
            "volume": "250mL",
            "multipack": {
                "quantity": "1"
            }
        },
        "priceData": {
            "bestPrice": "1.99",
            "price": "1.99",
            "pricePerLitre": 8.0,
            "bestPricePerLitre": 8.0
        },
        "store": {
            "id": "8d2ceac4-9520-4b8e-82bb-7867873580da",
            "name": "New World Broadway"
        }
    },
    {
        "productData": {
            "name": "Red Bull Energy Drink 250ml Cans 4pk",
            "productId": "5001443_ea_000",
            "productShopPage": "https://www.newworld.co.nz/shop/product/5001443_ea_000nw",
            "productImageURL": "https://a.fsimg.co.nz/product/retail/fan/image/master/5001443.png",
            "productDescription": "Red Bull Energy Drink's special formula contains ingredients of high quality: Caffeine, Taurine, B-Group Vitamins, Sugars, Alpine Water.One 250ml can of Red Bull Energy Drinks contains 80 mg of caffeine, about the same amount as in a cup of home-brewed coffee.The amount of sugars in a can of Red Bull Energy Drink is comparable to the level of sugars in an equivalent amount of apple or orange juice – 11 g per 100ml.Red Bull cans are made of 100% recyclable aluminium.Pack of four 250ml Red Bull Energy Drink cansVitalizes Body and Mind.®RED BULL GIVES YOU WINGSInspired by functional drinks from the Far East, Dietrich Mateschitz founded Red Bull in the mid-1980s. He developed a new product and a unique marketing concept and launched Red Bull Energy Drink on April 1, 1987 in Austria. A brand new product category - Energy Drinks - was born.",
            "volume": "250mL",
            "multipack": {
                "quantity": "4"
            }
        },
        "priceData": {
            "bestPrice": "8.29",
            "price": "8.29",
            "pricePerLitre": 8.299999999999999,
            "bestPricePerLitre": 8.299999999999999
        },
        "store": {
            "id": "8d2ceac4-9520-4b8e-82bb-7867873580da",
            "name": "New World Broadway"
        }
    },
    {
        "productData": {
            "name": "Lucozade Orange Energy Drink 380ml",
            "productId": "5009239_ea_000",
            "productShopPage": "https://www.newworld.co.nz/shop/product/5009239_ea_000nw",
            "productImageURL": "https://a.fsimg.co.nz/product/retail/fan/image/master/5009239.png",
            "productDescription": "Powered by Glucose.\n\nProduct of New Zealand",
            "volume": "380mL",
            "multipack": {
                "quantity": "1"
            }
        },
        "priceData": {
            "bestPrice": "2.69",
            "price": "2.69",
            "pricePerLitre": 7.08,
            "bestPricePerLitre": 7.08
        },
        "store": {
            "id": "8d2ceac4-9520-4b8e-82bb-7867873580da",
            "name": "New World Broadway"
        }
    },
    {
        "productData": {
            "name": "V Pure Natural Energy Drink Glass Bottle 330ml",
            "productId": "5237753_ea_000",
            "productShopPage": "https://www.newworld.co.nz/shop/product/5237753_ea_000nw",
            "productImageURL": "https://a.fsimg.co.nz/product/retail/fan/image/master/5237753.png",
            "productDescription": "Buy 2 for $5.00.\n\n\nNothing artificial\n\nProduct of New Zealand",
            "volume": "330mL",
            "multipack": {
                "quantity": "1"
            }
        },
        "priceData": {
            "bestPrice": 2.5,
            "price": 2.0,
            "pricePerLitre": 6.0606060606060606,
            "bestPricePerLitre": 7.575757575757575,
            "multiBuy": {
                "quantity": 2.0,
                "value": 5.0,
                "perUnit": 2.5
            }
        },
        "store": {
            "id": "8d2ceac4-9520-4b8e-82bb-7867873580da",
            "name": "New World Broadway"
        }
    },
    {
        "productData": {
            "name": "Lucozade Original Energy Drink 380ml",
            "productId": "5009240_ea_000",
            "productShopPage": "https://www.newworld.co.nz/shop/product/5009240_ea_000nw",
            "productImageURL": "https://a.fsimg.co.nz/product/retail/fan/image/master/5009240.png",
            "productDescription": "Energy from Glucose.\n\nProduct of New Zealand",
            "volume": "380mL",
            "multipack": {
                "quantity": "1"
            }
        },
        "priceData": {
            "bestPrice": "2.69",
            "price": "2.69",
            "pricePerLitre": 7.08,
            "bestPricePerLitre": 7.08
        },
        "store": {
            "id": "8d2ceac4-9520-4b8e-82bb-7867873580da",
            "name": "New World Broadway"
        }
    },
    {
        "productData": {
            "name": "Rockstar Watermelon Freeze Energy Drink 500ml",
            "productId": "5257298_ea_000",
            "productShopPage": "https://www.newworld.co.nz/shop/product/5257298_ea_000nw",
            "productImageURL": "https://a.fsimg.co.nz/product/retail/fan/image/master/5257298.png",
            "productDescription": "Buy 3 for $5.00.\n\n\n\n\nProduct of New Zealand",
            "volume": "500mL",
            "multipack": {
                "quantity": "1"
            }
        },
        "priceData": {
            "bestPrice": 1.6666666666666667,
            "price": 1.0,
            "pricePerLitre": 2.0,
            "bestPricePerLitre": 3.3333333333333335,
            "multiBuy": {
                "quantity": 3.0,
                "value": 5.0,
                "perUnit": 1.6666666666666667
            }
        },
        "store": {
            "id": "8d2ceac4-9520-4b8e-82bb-7867873580da",
            "name": "New World Broadway"
        }
    },
    {
        "productData": {
            "name": "V Pure Natural Energy Drink Can 250ml",
            "productId": "5237735_ea_000",
            "productShopPage": "https://www.newworld.co.nz/shop/product/5237735_ea_000nw",
            "productImageURL": "https://a.fsimg.co.nz/product/retail/fan/image/master/5237735.png",
            "productDescription": "6 natural ingredients; Nothing artificial; Apple juice - Apple and lemon juice is reconstituted; Lemon juice - Apple and lemon juice is reconstituted\n\nProduct of New Zealand",
            "volume": "250mL",
            "multipack": {
                "quantity": "1"
            }
        },
        "priceData": {
            "bestPrice": "1.99",
            "price": "1.99",
            "pricePerLitre": 8.0,
            "bestPricePerLitre": 8.0
        },
        "store": {
            "id": "8d2ceac4-9520-4b8e-82bb-7867873580da",
            "name": "New World Broadway"
        }
    },
    {
        "productData": {
            "name": "Rockstar Original Energy Drink 500ml",
            "productId": "5215383_ea_000",
            "productShopPage": "https://www.newworld.co.nz/shop/product/5215383_ea_000nw",
            "productImageURL": "https://a.fsimg.co.nz/product/retail/fan/image/master/5215383.png",
            "productDescription": "Buy 3 for $5.00.\n\n\nCaffeine; B vitamins; Vitamin C; Taurine; Ginseng\n\nProduct of New Zealand",
            "volume": "500mL",
            "multipack": {
                "quantity": "1"
            }
        },
        "priceData": {
            "bestPrice": 1.6666666666666667,
            "price": 1.0,
            "pricePerLitre": 2.0,
            "bestPricePerLitre": 3.3333333333333335,
            "multiBuy": {
                "quantity": 3.0,
                "value": 5.0,
                "perUnit": 1.6666666666666667
            }
        },
        "store": {
            "id": "8d2ceac4-9520-4b8e-82bb-7867873580da",
            "name": "New World Broadway"
        }
    },
    {
        "productData": {
            "name": "V Berry Twist Sugar Free Can 500ml",
            "productId": "5254654_ea_000",
            "productShopPage": "https://www.newworld.co.nz/shop/product/5254654_ea_000nw",
            "productImageURL": "https://a.fsimg.co.nz/product/retail/fan/image/master/5254654.png",
            "productDescription": "Sugarfree\n\nProduct of New Zealand",
            "volume": "500mL",
            "multipack": {
                "quantity": "1"
            }
        },
        "priceData": {
            "bestPrice": "3.49",
            "price": "3.49",
            "pricePerLitre": 7.0,
            "bestPricePerLitre": 7.0
        },
        "store": {
            "id": "8d2ceac4-9520-4b8e-82bb-7867873580da",
            "name": "New World Broadway"
        }
    },
    {
        "productData": {
            "name": "V Raspberry Lemonade Guarana Energy Drink 4pk",
            "productId": "5289907_ea_000",
            "productShopPage": "https://www.newworld.co.nz/shop/product/5289907_ea_000nw",
            "productImageURL": "https://a.fsimg.co.nz/product/retail/fan/image/master/5289907.png",
            "productDescription": "Limit 12 assorted.\n\n\n\n\nProduct of New Zealand",
            "volume": "250mL",
            "multipack": {
                "quantity": "4"
            }
        },
        "priceData": {
            "bestPrice": "5.99",
            "price": "5.99",
            "pricePerLitre": 5.99,
            "bestPricePerLitre": 5.99
        },
        "store": {
            "id": "8d2ceac4-9520-4b8e-82bb-7867873580da",
            "name": "New World Broadway"
        }
    },
    {
        "productData": {
            "name": "V Raspberry Lemonade Can 500ml",
            "productId": "5264523_ea_000",
            "productShopPage": "https://www.newworld.co.nz/shop/product/5264523_ea_000nw",
            "productImageURL": "https://a.fsimg.co.nz/product/retail/fan/image/master/5264523.png",
            "productDescription": "Product of New Zealand",
            "volume": "500mL",
            "multipack": {
                "quantity": "1"
            }
        },
        "priceData": {
            "bestPrice": "3.49",
            "price": "3.49",
            "pricePerLitre": 7.0,
            "bestPricePerLitre": 7.0
        },
        "store": {
            "id": "8d2ceac4-9520-4b8e-82bb-7867873580da",
            "name": "New World Broadway"
        }
    },
    {
        "productData": {
            "name": "V Blue Guarana Energy Drink 6pk",
            "productId": "5272988_ea_000",
            "productShopPage": "https://www.newworld.co.nz/shop/product/5272988_ea_000nw",
            "productImageURL": "https://a.fsimg.co.nz/product/retail/fan/image/master/5272988.png",
            "productDescription": "Product of New Zealand",
            "volume": "330mL",
            "multipack": {
                "quantity": "6"
            }
        },
        "priceData": {
            "bestPrice": "11.99",
            "price": "11.99",
            "pricePerLitre": 6.05,
            "bestPricePerLitre": 6.05
        },
        "store": {
            "id": "8d2ceac4-9520-4b8e-82bb-7867873580da",
            "name": "New World Broadway"
        }
    },
    {
        "productData": {
            "name": "V Blue Can 4pk",
            "productId": "5030249_ea_000",
            "productShopPage": "https://www.newworld.co.nz/shop/product/5030249_ea_000nw",
            "productImageURL": "https://a.fsimg.co.nz/product/retail/fan/image/master/5030249.png",
            "productDescription": "Limit 12 assorted.\n\n\nContains Wheat Derivatives, Caffeine.\n\nProduct of New Zealand",
            "volume": "250mL",
            "multipack": {
                "quantity": "4"
            }
        },
        "priceData": {
            "bestPrice": "5.99",
            "price": "5.99",
            "pricePerLitre": 5.99,
            "bestPricePerLitre": 5.99
        },
        "store": {
            "id": "8d2ceac4-9520-4b8e-82bb-7867873580da",
            "name": "New World Broadway"
        }
    },
    {
        "productData": {
            "name": "V Energy Drink Sugarfree Cans 4pk",
            "productId": "5004117_ea_000",
            "productShopPage": "https://www.newworld.co.nz/shop/product/5004117_ea_000nw",
            "productImageURL": "https://a.fsimg.co.nz/product/retail/fan/image/master/5004117.png",
            "productDescription": "Limit 12 assorted.\n\n\nSugar Free. Contains Caffeine.\n\nProduct of New Zealand",
            "volume": "250mL",
            "multipack": {
                "quantity": "4"
            }
        },
        "priceData": {
            "bestPrice": "5.99",
            "price": "5.99",
            "pricePerLitre": 5.99,
            "bestPricePerLitre": 5.99
        },
        "store": {
            "id": "8d2ceac4-9520-4b8e-82bb-7867873580da",
            "name": "New World Broadway"
        }
    },
    {
        "productData": {
            "name": "Monster Mango Loco Energy Drink 500ml",
            "productId": "5242374_ea_000",
            "productShopPage": "https://www.newworld.co.nz/shop/product/5242374_ea_000nw",
            "productImageURL": "https://a.fsimg.co.nz/product/retail/fan/image/master/5242374.png",
            "productDescription": "Product of Imported",
            "volume": "500mL",
            "multipack": {
                "quantity": "1"
            }
        },
        "priceData": {
            "bestPrice": "2.99",
            "price": "2.99",
            "pricePerLitre": 6.0,
            "bestPricePerLitre": 6.0
        },
        "store": {
            "id": "8d2ceac4-9520-4b8e-82bb-7867873580da",
            "name": "New World Broadway"
        }
    },
    {
        "productData": {
            "name": "Monster Zero Sugar Ultra Rosa Energy Drink 500ml",
            "productId": "5278094_ea_000",
            "productShopPage": "https://www.newworld.co.nz/shop/product/5278094_ea_000nw",
            "productImageURL": "https://a.fsimg.co.nz/product/retail/fan/image/master/5278094.png",
            "productDescription": "Product of Imported",
            "volume": "500mL",
            "multipack": {
                "quantity": "1"
            }
        },
        "priceData": {
            "bestPrice": "2.99",
            "price": "2.99",
            "pricePerLitre": 6.0,
            "bestPricePerLitre": 6.0
        },
        "store": {
            "id": "8d2ceac4-9520-4b8e-82bb-7867873580da",
            "name": "New World Broadway"
        }
    },
    {
        "productData": {
            "name": "Monster Mule Energy Drink 500ml",
            "productId": "5269459_ea_000",
            "productShopPage": "https://www.newworld.co.nz/shop/product/5269459_ea_000nw",
            "productImageURL": "https://a.fsimg.co.nz/product/retail/fan/image/master/5269459.png",
            "productDescription": "Product of Imported",
            "volume": "500mL",
            "multipack": {
                "quantity": "1"
            }
        },
        "priceData": {
            "bestPrice": "2.99",
            "price": "2.99",
            "pricePerLitre": 6.0,
            "bestPricePerLitre": 6.0
        },
        "store": {
            "id": "8d2ceac4-9520-4b8e-82bb-7867873580da",
            "name": "New World Broadway"
        }
    },
    {
        "productData": {
            "name": "Monster Ultra Paradise Energy Drink 500ml",
            "productId": "5261257_ea_000",
            "productShopPage": "https://www.newworld.co.nz/shop/product/5261257_ea_000nw",
            "productImageURL": "https://a.fsimg.co.nz/product/retail/fan/image/master/5261257.png",
            "productDescription": "Product of Imported",
            "volume": "500mL",
            "multipack": {
                "quantity": "1"
            }
        },
        "priceData": {
            "bestPrice": "2.99",
            "price": "2.99",
            "pricePerLitre": 6.0,
            "bestPricePerLitre": 6.0
        },
        "store": {
            "id": "8d2ceac4-9520-4b8e-82bb-7867873580da",
            "name": "New World Broadway"
        }
    },
    {
        "productData": {
            "name": "V Energy Drink Green Cans 4pk",
            "productId": "5002893_ea_000",
            "productShopPage": "https://www.newworld.co.nz/shop/product/5002893_ea_000nw",
            "productImageURL": "https://a.fsimg.co.nz/product/retail/fan/image/master/5002893.png",
            "productDescription": "Limit 12 assorted.\n\n\nContains Caffeine.\n\nProduct of New Zealand",
            "volume": "250mL",
            "multipack": {
                "quantity": "4"
            }
        },
        "priceData": {
            "bestPrice": "5.99",
            "price": "5.99",
            "pricePerLitre": 5.99,
            "bestPricePerLitre": 5.99
        },
        "store": {
            "id": "8d2ceac4-9520-4b8e-82bb-7867873580da",
            "name": "New World Broadway"
        }
    },
    {
        "productData": {
            "name": "Monster Ultra Zero Drink 500ml",
            "productId": "5090618_ea_000",
            "productShopPage": "https://www.newworld.co.nz/shop/product/5090618_ea_000nw",
            "productImageURL": "https://a.fsimg.co.nz/product/retail/fan/image/master/5090618.png",
            "productDescription": "A little less sweet, lighter-tasting, zero calories, but with a full load of our Monster energy blend. Sure, white is the new black. Monster Energy Zero Ultra. Unleash the Ultra Beast!\n\nProduct of Imported",
            "volume": "500mL",
            "multipack": {
                "quantity": "1"
            }
        },
        "priceData": {
            "bestPrice": "2.99",
            "price": "2.99",
            "pricePerLitre": 6.0,
            "bestPricePerLitre": 6.0
        },
        "store": {
            "id": "8d2ceac4-9520-4b8e-82bb-7867873580da",
            "name": "New World Broadway"
        }
    },
    {
        "productData": {
            "name": "Monster Super Fuel Zero Sugar Energy Drink 550ml",
            "productId": "5284331_ea_000",
            "productShopPage": "https://www.newworld.co.nz/shop/product/5284331_ea_000nw",
            "productImageURL": "https://a.fsimg.co.nz/product/retail/fan/image/master/5284331.png",
            "productDescription": "Product of Imported",
            "volume": "550mL",
            "multipack": {
                "quantity": "1"
            }
        },
        "priceData": {
            "bestPrice": "3.49",
            "price": "3.49",
            "pricePerLitre": 6.345454545454546,
            "bestPricePerLitre": 6.345454545454546
        },
        "store": {
            "id": "8d2ceac4-9520-4b8e-82bb-7867873580da",
            "name": "New World Broadway"
        }
    },
    {
        "productData": {
            "name": "Mother Energy Drink Can 500ml",
            "productId": "5011153_ea_000",
            "productShopPage": "https://www.newworld.co.nz/shop/product/5011153_ea_000nw",
            "productImageURL": "https://a.fsimg.co.nz/product/retail/fan/image/master/5011153.png",
            "productDescription": "Contains Caffeine.\n\nProduct of New Zealand",
            "volume": "500mL",
            "multipack": {
                "quantity": "1"
            }
        },
        "priceData": {
            "bestPrice": "1.99",
            "price": "1.99",
            "pricePerLitre": 4.0,
            "bestPricePerLitre": 4.0
        },
        "store": {
            "id": "8d2ceac4-9520-4b8e-82bb-7867873580da",
            "name": "New World Broadway"
        }
    },
    {
        "productData": {
            "name": "Monster Super Fuel Purple Passion Energy Drink 550ml",
            "productId": "5284332_ea_000",
            "productShopPage": "https://www.newworld.co.nz/shop/product/5284332_ea_000nw",
            "productImageURL": "https://a.fsimg.co.nz/product/retail/fan/image/master/5284332.png",
            "productDescription": "Product of Imported",
            "volume": "550mL",
            "multipack": {
                "quantity": "1"
            }
        },
        "priceData": {
            "bestPrice": "3.49",
            "price": "3.49",
            "pricePerLitre": 6.345454545454546,
            "bestPricePerLitre": 6.345454545454546
        },
        "store": {
            "id": "8d2ceac4-9520-4b8e-82bb-7867873580da",
            "name": "New World Broadway"
        }
    },
    {
        "productData": {
            "name": "Mother Energy Drink Can 6pk",
            "productId": "5009490_ea_000",
            "productShopPage": "https://www.newworld.co.nz/shop/product/5009490_ea_000nw",
            "productImageURL": "https://a.fsimg.co.nz/product/retail/fan/image/master/5009490.png",
            "productDescription": "Contains Caffeine.\n\nProduct of New Zealand",
            "volume": "250mL",
            "multipack": {
                "quantity": "6"
            }
        },
        "priceData": {
            "bestPrice": "7.49",
            "price": "7.49",
            "pricePerLitre": 5.0,
            "bestPricePerLitre": 5.0
        },
        "store": {
            "id": "8d2ceac4-9520-4b8e-82bb-7867873580da",
            "name": "New World Broadway"
        }
    },
    {
        "productData": {
            "name": "Monster Pipeline Punch Energy Drink 500ml",
            "productId": "5242373_ea_000",
            "productShopPage": "https://www.newworld.co.nz/shop/product/5242373_ea_000nw",
            "productImageURL": "https://a.fsimg.co.nz/product/retail/fan/image/master/5242373.png",
            "productDescription": "Product of Imported",
            "volume": "500mL",
            "multipack": {
                "quantity": "1"
            }
        },
        "priceData": {
            "bestPrice": "2.99",
            "price": "2.99",
            "pricePerLitre": 6.0,
            "bestPricePerLitre": 6.0
        },
        "store": {
            "id": "8d2ceac4-9520-4b8e-82bb-7867873580da",
            "name": "New World Broadway"
        }
    },
    {
        "productData": {
            "name": "Monster Energy Drink 500ml",
            "productId": "5007647_ea_000",
            "productShopPage": "https://www.newworld.co.nz/shop/product/5007647_ea_000nw",
            "productImageURL": "https://a.fsimg.co.nz/product/retail/fan/image/master/5007647.png",
            "productDescription": "Contains Caffeine.\n\nProduct of Imported",
            "volume": "500mL",
            "multipack": {
                "quantity": "1"
            }
        },
        "priceData": {
            "bestPrice": "2.99",
            "price": "2.99",
            "pricePerLitre": 6.0,
            "bestPricePerLitre": 6.0
        },
        "store": {
            "id": "8d2ceac4-9520-4b8e-82bb-7867873580da",
            "name": "New World Broadway"
        }
    },
    {
        "productData": {
            "name": "Monster Ultra Zero Drink 4pk",
            "productId": "5213974_ea_000",
            "productShopPage": "https://www.newworld.co.nz/shop/product/5213974_ea_000nw",
            "productImageURL": "https://a.fsimg.co.nz/product/retail/fan/image/master/5213974.png",
            "productDescription": "Product of Imported",
            "volume": "500mL",
            "multipack": {
                "quantity": "4"
            }
        },
        "priceData": {
            "bestPrice": "11.99",
            "price": "11.99",
            "pricePerLitre": 6.0,
            "bestPricePerLitre": 6.0
        },
        "store": {
            "id": "8d2ceac4-9520-4b8e-82bb-7867873580da",
            "name": "New World Broadway"
        }
    },
    {
        "productData": {
            "name": "Monster Energy Drink 4pk",
            "productId": "5107264_ea_000",
            "productShopPage": "https://www.newworld.co.nz/shop/product/5107264_ea_000nw",
            "productImageURL": "https://a.fsimg.co.nz/product/retail/fan/image/master/5107264.png",
            "productDescription": "Product of Imported",
            "volume": "",
            "multipack": {
                "quantity": ""
            }
        },
        "priceData": {
            "bestPrice": "11.99",
            "price": "11.99",
            "pricePerLitre": 6.0,
            "bestPricePerLitre": 6.0
        },
        "store": {
            "id": "8d2ceac4-9520-4b8e-82bb-7867873580da",
            "name": "New World Broadway"
        }
    },
    {
        "productData": {
            "name": "V Sugarfree Guarana Energy Drink 500ml",
            "productId": "5007644_ea_000",
            "productShopPage": "https://www.newworld.co.nz/shop/product/5007644_ea_000nw",
            "productImageURL": "https://a.fsimg.co.nz/product/retail/fan/image/master/5007644.png",
            "productDescription": "Sugar Free.\n\nProduct of New Zealand",
            "volume": "500mL",
            "multipack": {
                "quantity": "1"
            }
        },
        "priceData": {
            "bestPrice": "3.49",
            "price": "3.49",
            "pricePerLitre": 7.0,
            "bestPricePerLitre": 7.0
        },
        "store": {
            "id": "8d2ceac4-9520-4b8e-82bb-7867873580da",
            "name": "New World Broadway"
        }
    },
    {
        "productData": {
            "name": "V Original Guarana Energy Drink 500ml",
            "productId": "5004703_ea_000",
            "productShopPage": "https://www.newworld.co.nz/shop/product/5004703_ea_000nw",
            "productImageURL": "https://a.fsimg.co.nz/product/retail/fan/image/master/5004703.png",
            "productDescription": "Contains Caffeine.\n\nProduct of New Zealand",
            "volume": "500mL",
            "multipack": {
                "quantity": "1"
            }
        },
        "priceData": {
            "bestPrice": "3.49",
            "price": "3.49",
            "pricePerLitre": 7.0,
            "bestPricePerLitre": 7.0
        },
        "store": {
            "id": "8d2ceac4-9520-4b8e-82bb-7867873580da",
            "name": "New World Broadway"
        }
    },
    {
        "productData": {
            "name": "V Original Guarana Energy Drink 500ml",
            "productId": "5007441_ea_000",
            "productShopPage": "https://www.newworld.co.nz/shop/product/5007441_ea_000nw",
            "productImageURL": "https://a.fsimg.co.nz/product/retail/fan/image/master/5007441.png",
            "productDescription": "Buy 2 for $5.00.\n\n\nContains Wheat Derivatives, Caffeine.\n\nProduct of New Zealand",
            "volume": "500mL",
            "multipack": {
                "quantity": "1"
            }
        },
        "priceData": {
            "bestPrice": 2.5,
            "price": 2.0,
            "pricePerLitre": 4.0,
            "bestPricePerLitre": 5.0,
            "multiBuy": {
                "quantity": 2.0,
                "value": 5.0,
                "perUnit": 2.5
            }
        },
        "store": {
            "id": "8d2ceac4-9520-4b8e-82bb-7867873580da",
            "name": "New World Broadway"
        }
    },
    {
        "productData": {
            "name": "V Blue Guarana Energy Drink 250ml",
            "productId": "5007495_ea_000",
            "productShopPage": "https://www.newworld.co.nz/shop/product/5007495_ea_000nw",
            "productImageURL": "https://a.fsimg.co.nz/product/retail/fan/image/master/5007495.png",
            "productDescription": "Contains Caffeine, Wheat Derivatives.\n\nProduct of New Zealand",
            "volume": "250mL",
            "multipack": {
                "quantity": "1"
            }
        },
        "priceData": {
            "bestPrice": "1.99",
            "price": "1.99",
            "pricePerLitre": 8.0,
            "bestPricePerLitre": 8.0
        },
        "store": {
            "id": "420eff4b-5266-4667-8943-a21caf4b1b03",
            "name": "New World Khandallah"
        }
    },
    {
        "productData": {
            "name": "V Sugarfree Blue Guarana Energy Drink 4pk",
            "productId": "5289891_ea_000",
            "productShopPage": "https://www.newworld.co.nz/shop/product/5289891_ea_000nw",
            "productImageURL": "https://a.fsimg.co.nz/product/retail/fan/image/master/5289891.png",
            "productDescription": "Limit 12 assorted.\n\n\n\n\nProduct of New Zealand",
            "volume": "250mL",
            "multipack": {
                "quantity": "4"
            }
        },
        "priceData": {
            "bestPrice": "5.99",
            "price": "5.99",
            "pricePerLitre": 5.99,
            "bestPricePerLitre": 5.99
        },
        "store": {
            "id": "420eff4b-5266-4667-8943-a21caf4b1b03",
            "name": "New World Khandallah"
        }
    },
    {
        "productData": {
            "name": "V Sugarfree Guarana Energy Drink 250ml",
            "productId": "5001639_ea_000",
            "productShopPage": "https://www.newworld.co.nz/shop/product/5001639_ea_000nw",
            "productImageURL": "https://a.fsimg.co.nz/product/retail/fan/image/master/5001639.png",
            "productDescription": "Sugar Free. Contains Caffeine.\n\nProduct of New Zealand",
            "volume": "250mL",
            "multipack": {
                "quantity": "1"
            }
        },
        "priceData": {
            "bestPrice": "1.99",
            "price": "1.99",
            "pricePerLitre": 8.0,
            "bestPricePerLitre": 8.0
        },
        "store": {
            "id": "420eff4b-5266-4667-8943-a21caf4b1b03",
            "name": "New World Khandallah"
        }
    },
    {
        "productData": {
            "name": "V Raspberry Lemonade Guarana Energy Drink 4pk",
            "productId": "5264576_ea_000",
            "productShopPage": "https://www.newworld.co.nz/shop/product/5264576_ea_000nw",
            "productImageURL": "https://a.fsimg.co.nz/product/retail/fan/image/master/5264576.png",
            "productDescription": "Product of New Zealand",
            "volume": "275mL",
            "multipack": {
                "quantity": "4"
            }
        },
        "priceData": {
            "bestPrice": "9.19",
            "price": "9.19",
            "pricePerLitre": 8.355,
            "bestPricePerLitre": 8.355
        },
        "store": {
            "id": "420eff4b-5266-4667-8943-a21caf4b1b03",
            "name": "New World Khandallah"
        }
    },
    {
        "productData": {
            "name": "Monster Energy Drink 550ml",
            "productId": "5007646_ea_000",
            "productShopPage": "https://www.newworld.co.nz/shop/product/5007646_ea_000nw",
            "productImageURL": "https://a.fsimg.co.nz/product/retail/fan/image/master/5007646.png",
            "productDescription": "Contains Caffeine.\n\nProduct of Imported",
            "volume": "550mL",
            "multipack": {
                "quantity": "1"
            }
        },
        "priceData": {
            "bestPrice": "3.69",
            "price": "3.69",
            "pricePerLitre": 6.7,
            "bestPricePerLitre": 6.7
        },
        "store": {
            "id": "420eff4b-5266-4667-8943-a21caf4b1b03",
            "name": "New World Khandallah"
        }
    },
    {
        "productData": {
            "name": "V Sugarfree Blue Guarana Energy Drink 500ml",
            "productId": "5283362_ea_000",
            "productShopPage": "https://www.newworld.co.nz/shop/product/5283362_ea_000nw",
            "productImageURL": "https://a.fsimg.co.nz/product/retail/fan/image/master/5283362.png",
            "productDescription": "Sugar free\n\nProduct of New Zealand",
            "volume": "500mL",
            "multipack": {
                "quantity": "1"
            }
        },
        "priceData": {
            "bestPrice": "3.49",
            "price": "3.49",
            "pricePerLitre": 7.0,
            "bestPricePerLitre": 7.0
        },
        "store": {
            "id": "420eff4b-5266-4667-8943-a21caf4b1b03",
            "name": "New World Khandallah"
        }
    },
    {
        "productData": {
            "name": "V Original Guarana Energy Drink 350ml",
            "productId": "5003156_ea_000",
            "productShopPage": "https://www.newworld.co.nz/shop/product/5003156_ea_000nw",
            "productImageURL": "https://a.fsimg.co.nz/product/retail/fan/image/master/5003156.png",
            "productDescription": "Buy 2 for $5.00.\n\n\nContains Caffeine.\n\nProduct of New Zealand",
            "volume": "350mL",
            "multipack": {
                "quantity": "1"
            }
        },
        "priceData": {
            "bestPrice": 2.5,
            "price": 2.0,
            "pricePerLitre": 5.714285714285714,
            "bestPricePerLitre": 7.142857142857143,
            "multiBuy": {
                "quantity": 2.0,
                "value": 5.0,
                "perUnit": 2.5
            }
        },
        "store": {
            "id": "420eff4b-5266-4667-8943-a21caf4b1b03",
            "name": "New World Khandallah"
        }
    },
    {
        "productData": {
            "name": "V Blue Guarana Energy Drink Cans 10pk",
            "productId": "5228254_ea_000",
            "productShopPage": "https://www.newworld.co.nz/shop/product/5228254_ea_000nw",
            "productImageURL": "https://a.fsimg.co.nz/product/retail/fan/image/master/5228254.png",
            "productDescription": "Product of New Zealand",
            "volume": "200mL",
            "multipack": {
                "quantity": "10"
            }
        },
        "priceData": {
            "bestPrice": "15.29",
            "price": "15.29",
            "pricePerLitre": 7.6450000000000005,
            "bestPricePerLitre": 7.6450000000000005
        },
        "store": {
            "id": "420eff4b-5266-4667-8943-a21caf4b1b03",
            "name": "New World Khandallah"
        }
    },
    {
        "productData": {
            "name": "V Blue Guarana Energy Drink 4pk",
            "productId": "5210055_ea_000",
            "productShopPage": "https://www.newworld.co.nz/shop/product/5210055_ea_000nw",
            "productImageURL": "https://a.fsimg.co.nz/product/retail/fan/image/master/5210055.png",
            "productDescription": "Product of New Zealand",
            "volume": "275mL",
            "multipack": {
                "quantity": "4"
            }
        },
        "priceData": {
            "bestPrice": "9.19",
            "price": "9.19",
            "pricePerLitre": 8.4,
            "bestPricePerLitre": 8.4
        },
        "store": {
            "id": "420eff4b-5266-4667-8943-a21caf4b1b03",
            "name": "New World Khandallah"
        }
    },
    {
        "productData": {
            "name": "V Blue Guarana Energy Drink 350ml",
            "productId": "5007492_ea_000",
            "productShopPage": "https://www.newworld.co.nz/shop/product/5007492_ea_000nw",
            "productImageURL": "https://a.fsimg.co.nz/product/retail/fan/image/master/5007492.png",
            "productDescription": "Buy 2 for $5.00.\n\n\nContains Caffeine, Wheat Derivatives.\n\nProduct of New Zealand",
            "volume": "350mL",
            "multipack": {
                "quantity": "1"
            }
        },
        "priceData": {
            "bestPrice": 2.5,
            "price": 2.0,
            "pricePerLitre": 5.714285714285714,
            "bestPricePerLitre": 7.142857142857143,
            "multiBuy": {
                "quantity": 2.0,
                "value": 5.0,
                "perUnit": 2.5
            }
        },
        "store": {
            "id": "420eff4b-5266-4667-8943-a21caf4b1b03",
            "name": "New World Khandallah"
        }
    },
    {
        "productData": {
            "name": "V Blue Energy Drink 500ml",
            "productId": "5020662_ea_000",
            "productShopPage": "https://www.newworld.co.nz/shop/product/5020662_ea_000nw",
            "productImageURL": "https://a.fsimg.co.nz/product/retail/fan/image/master/5020662.png",
            "productDescription": "Buy 2 for $5.00.\n\n\n\n\nProduct of New Zealand",
            "volume": "500mL",
            "multipack": {
                "quantity": "1"
            }
        },
        "priceData": {
            "bestPrice": 2.5,
            "price": 2.0,
            "pricePerLitre": 4.0,
            "bestPricePerLitre": 5.0,
            "multiBuy": {
                "quantity": 2.0,
                "value": 5.0,
                "perUnit": 2.5
            }
        },
        "store": {
            "id": "420eff4b-5266-4667-8943-a21caf4b1b03",
            "name": "New World Khandallah"
        }
    },
    {
        "productData": {
            "name": "V Blue Guarana Energy Drink 500ml",
            "productId": "5007494_ea_000",
            "productShopPage": "https://www.newworld.co.nz/shop/product/5007494_ea_000nw",
            "productImageURL": "https://a.fsimg.co.nz/product/retail/fan/image/master/5007494.png",
            "productDescription": "Contains Wheat Derivatives, Caffeine.\n\nProduct of New Zealand",
            "volume": "500mL",
            "multipack": {
                "quantity": "1"
            }
        },
        "priceData": {
            "bestPrice": "3.49",
            "price": "3.49",
            "pricePerLitre": 7.0,
            "bestPricePerLitre": 7.0
        },
        "store": {
            "id": "420eff4b-5266-4667-8943-a21caf4b1b03",
            "name": "New World Khandallah"
        }
    },
    {
        "productData": {
            "name": "Red Bull Energy Drink 473ml",
            "productId": "5005255_ea_000",
            "productShopPage": "https://www.newworld.co.nz/shop/product/5005255_ea_000nw",
            "productImageURL": "https://a.fsimg.co.nz/product/retail/fan/image/master/5005255.png",
            "productDescription": "Red Bull Energy Drink's special formula contains ingredients of high quality: Caffeine, Taurine, B-Group Vitamins, Sugars, Alpine Water.One 250ml can of Red Bull Energy Drinks contains 80 mg of caffeine, about the same amount as in a cup of home-brewed coffee.The amount of sugars in a can of Red Bull Energy Drink is comparable to the level of sugars in an equivalent amount of apple or orange juice – 11 g per 100ml.Red Bull cans are made of 100% recyclable aluminium.Red Bull Energy Drink 473ml canVitalizes Body and Mind.®RED BULL GIVES YOU WINGSInspired by functional drinks from the Far East, Dietrich Mateschitz founded Red Bull in the mid-1980s. He developed a new product and a unique marketing concept and launched Red Bull Energy Drink on April 1, 1987 in Austria. A brand new product category - Energy Drinks - was born.\n\nProduct of Imported",
            "volume": "473mL",
            "multipack": {
                "quantity": "1"
            }
        },
        "priceData": {
            "bestPrice": "3.59",
            "price": "3.59",
            "pricePerLitre": 7.6,
            "bestPricePerLitre": 7.6
        },
        "store": {
            "id": "420eff4b-5266-4667-8943-a21caf4b1b03",
            "name": "New World Khandallah"
        }
    },
    {
        "productData": {
            "name": "V Original Guarana Energy Drink 250ml",
            "productId": "5003151_ea_000",
            "productShopPage": "https://www.newworld.co.nz/shop/product/5003151_ea_000nw",
            "productImageURL": "https://a.fsimg.co.nz/product/retail/fan/image/master/5003151.png",
            "productDescription": "Contains Caffeine.\n\nProduct of New Zealand",
            "volume": "250mL",
            "multipack": {
                "quantity": "1"
            }
        },
        "priceData": {
            "bestPrice": "1.99",
            "price": "1.99",
            "pricePerLitre": 8.0,
            "bestPricePerLitre": 8.0
        },
        "store": {
            "id": "420eff4b-5266-4667-8943-a21caf4b1b03",
            "name": "New World Khandallah"
        }
    },
    {
        "productData": {
            "name": "V Green Guarana Energy Drink 710ml",
            "productId": "5030250_ea_000",
            "productShopPage": "https://www.newworld.co.nz/shop/product/5030250_ea_000nw",
            "productImageURL": "https://a.fsimg.co.nz/product/retail/fan/image/master/5030250.png",
            "productDescription": "Contains Wheat Derivatives\n\nProduct of Imported",
            "volume": "250mL",
            "multipack": {
                "quantity": "3"
            }
        },
        "priceData": {
            "bestPrice": "3.49",
            "price": "3.49",
            "pricePerLitre": 4.9,
            "bestPricePerLitre": 4.9
        },
        "store": {
            "id": "420eff4b-5266-4667-8943-a21caf4b1b03",
            "name": "New World Khandallah"
        }
    },
    {
        "productData": {
            "name": "Lucozade Orange Energy Drink 380ml",
            "productId": "5009239_ea_000",
            "productShopPage": "https://www.newworld.co.nz/shop/product/5009239_ea_000nw",
            "productImageURL": "https://a.fsimg.co.nz/product/retail/fan/image/master/5009239.png",
            "productDescription": "Powered by Glucose.\n\nProduct of New Zealand",
            "volume": "380mL",
            "multipack": {
                "quantity": "1"
            }
        },
        "priceData": {
            "bestPrice": "2.69",
            "price": "2.69",
            "pricePerLitre": 7.08,
            "bestPricePerLitre": 7.08
        },
        "store": {
            "id": "420eff4b-5266-4667-8943-a21caf4b1b03",
            "name": "New World Khandallah"
        }
    },
    {
        "productData": {
            "name": "Lucozade Original Energy Drink 380ml",
            "productId": "5009240_ea_000",
            "productShopPage": "https://www.newworld.co.nz/shop/product/5009240_ea_000nw",
            "productImageURL": "https://a.fsimg.co.nz/product/retail/fan/image/master/5009240.png",
            "productDescription": "Energy from Glucose.\n\nProduct of New Zealand",
            "volume": "380mL",
            "multipack": {
                "quantity": "1"
            }
        },
        "priceData": {
            "bestPrice": "2.69",
            "price": "2.69",
            "pricePerLitre": 7.08,
            "bestPricePerLitre": 7.08
        },
        "store": {
            "id": "420eff4b-5266-4667-8943-a21caf4b1b03",
            "name": "New World Khandallah"
        }
    },
    {
        "productData": {
            "name": "Rockstar Watermelon Freeze Energy Drink 500ml",
            "productId": "5257298_ea_000",
            "productShopPage": "https://www.newworld.co.nz/shop/product/5257298_ea_000nw",
            "productImageURL": "https://a.fsimg.co.nz/product/retail/fan/image/master/5257298.png",
            "productDescription": "Buy 3 for $5.00.\n\n\n\n\nProduct of New Zealand",
            "volume": "500mL",
            "multipack": {
                "quantity": "1"
            }
        },
        "priceData": {
            "bestPrice": 1.6666666666666667,
            "price": 1.0,
            "pricePerLitre": 2.0,
            "bestPricePerLitre": 3.3333333333333335,
            "multiBuy": {
                "quantity": 3.0,
                "value": 5.0,
                "perUnit": 1.6666666666666667
            }
        },
        "store": {
            "id": "420eff4b-5266-4667-8943-a21caf4b1b03",
            "name": "New World Khandallah"
        }
    },
    {
        "productData": {
            "name": "V Raspberry Lemonade Can 500ml",
            "productId": "5264523_ea_000",
            "productShopPage": "https://www.newworld.co.nz/shop/product/5264523_ea_000nw",
            "productImageURL": "https://a.fsimg.co.nz/product/retail/fan/image/master/5264523.png",
            "productDescription": "Product of New Zealand",
            "volume": "500mL",
            "multipack": {
                "quantity": "1"
            }
        },
        "priceData": {
            "bestPrice": "3.49",
            "price": "3.49",
            "pricePerLitre": 7.0,
            "bestPricePerLitre": 7.0
        },
        "store": {
            "id": "420eff4b-5266-4667-8943-a21caf4b1b03",
            "name": "New World Khandallah"
        }
    },
    {
        "productData": {
            "name": "Monster Mango Loco Energy Drink 500ml",
            "productId": "5242374_ea_000",
            "productShopPage": "https://www.newworld.co.nz/shop/product/5242374_ea_000nw",
            "productImageURL": "https://a.fsimg.co.nz/product/retail/fan/image/master/5242374.png",
            "productDescription": "Product of Imported",
            "volume": "500mL",
            "multipack": {
                "quantity": "1"
            }
        },
        "priceData": {
            "bestPrice": "2.99",
            "price": "2.99",
            "pricePerLitre": 6.0,
            "bestPricePerLitre": 6.0
        },
        "store": {
            "id": "420eff4b-5266-4667-8943-a21caf4b1b03",
            "name": "New World Khandallah"
        }
    },
    {
        "productData": {
            "name": "Monster Zero Sugar Ultra Rosa Energy Drink 500ml",
            "productId": "5278094_ea_000",
            "productShopPage": "https://www.newworld.co.nz/shop/product/5278094_ea_000nw",
            "productImageURL": "https://a.fsimg.co.nz/product/retail/fan/image/master/5278094.png",
            "productDescription": "Product of Imported",
            "volume": "500mL",
            "multipack": {
                "quantity": "1"
            }
        },
        "priceData": {
            "bestPrice": "2.99",
            "price": "2.99",
            "pricePerLitre": 6.0,
            "bestPricePerLitre": 6.0
        },
        "store": {
            "id": "420eff4b-5266-4667-8943-a21caf4b1b03",
            "name": "New World Khandallah"
        }
    },
    {
        "productData": {
            "name": "Monster Ultra Paradise Energy Drink 500ml",
            "productId": "5261257_ea_000",
            "productShopPage": "https://www.newworld.co.nz/shop/product/5261257_ea_000nw",
            "productImageURL": "https://a.fsimg.co.nz/product/retail/fan/image/master/5261257.png",
            "productDescription": "Product of Imported",
            "volume": "500mL",
            "multipack": {
                "quantity": "1"
            }
        },
        "priceData": {
            "bestPrice": "2.99",
            "price": "2.99",
            "pricePerLitre": 6.0,
            "bestPricePerLitre": 6.0
        },
        "store": {
            "id": "420eff4b-5266-4667-8943-a21caf4b1b03",
            "name": "New World Khandallah"
        }
    },
    {
        "productData": {
            "name": "Monster Ultra Zero Drink 500ml",
            "productId": "5090618_ea_000",
            "productShopPage": "https://www.newworld.co.nz/shop/product/5090618_ea_000nw",
            "productImageURL": "https://a.fsimg.co.nz/product/retail/fan/image/master/5090618.png",
            "productDescription": "A little less sweet, lighter-tasting, zero calories, but with a full load of our Monster energy blend. Sure, white is the new black. Monster Energy Zero Ultra. Unleash the Ultra Beast!\n\nProduct of Imported",
            "volume": "500mL",
            "multipack": {
                "quantity": "1"
            }
        },
        "priceData": {
            "bestPrice": "2.99",
            "price": "2.99",
            "pricePerLitre": 6.0,
            "bestPricePerLitre": 6.0
        },
        "store": {
            "id": "420eff4b-5266-4667-8943-a21caf4b1b03",
            "name": "New World Khandallah"
        }
    },
    {
        "productData": {
            "name": "Monster Super Fuel Zero Sugar Energy Drink 550ml",
            "productId": "5284331_ea_000",
            "productShopPage": "https://www.newworld.co.nz/shop/product/5284331_ea_000nw",
            "productImageURL": "https://a.fsimg.co.nz/product/retail/fan/image/master/5284331.png",
            "productDescription": "Product of Imported",
            "volume": "550mL",
            "multipack": {
                "quantity": "1"
            }
        },
        "priceData": {
            "bestPrice": "3.49",
            "price": "3.49",
            "pricePerLitre": 6.345454545454546,
            "bestPricePerLitre": 6.345454545454546
        },
        "store": {
            "id": "420eff4b-5266-4667-8943-a21caf4b1b03",
            "name": "New World Khandallah"
        }
    },
    {
        "productData": {
            "name": "Mother Energy Drink Can 500ml",
            "productId": "5011153_ea_000",
            "productShopPage": "https://www.newworld.co.nz/shop/product/5011153_ea_000nw",
            "productImageURL": "https://a.fsimg.co.nz/product/retail/fan/image/master/5011153.png",
            "productDescription": "Contains Caffeine.\n\nProduct of New Zealand",
            "volume": "500mL",
            "multipack": {
                "quantity": "1"
            }
        },
        "priceData": {
            "bestPrice": "1.99",
            "price": "1.99",
            "pricePerLitre": 4.0,
            "bestPricePerLitre": 4.0
        },
        "store": {
            "id": "420eff4b-5266-4667-8943-a21caf4b1b03",
            "name": "New World Khandallah"
        }
    },
    {
        "productData": {
            "name": "Monster Super Fuel Purple Passion Energy Drink 550ml",
            "productId": "5284332_ea_000",
            "productShopPage": "https://www.newworld.co.nz/shop/product/5284332_ea_000nw",
            "productImageURL": "https://a.fsimg.co.nz/product/retail/fan/image/master/5284332.png",
            "productDescription": "Product of Imported",
            "volume": "550mL",
            "multipack": {
                "quantity": "1"
            }
        },
        "priceData": {
            "bestPrice": "3.49",
            "price": "3.49",
            "pricePerLitre": 6.345454545454546,
            "bestPricePerLitre": 6.345454545454546
        },
        "store": {
            "id": "420eff4b-5266-4667-8943-a21caf4b1b03",
            "name": "New World Khandallah"
        }
    },
    {
        "productData": {
            "name": "Monster Pipeline Punch Energy Drink 500ml",
            "productId": "5242373_ea_000",
            "productShopPage": "https://www.newworld.co.nz/shop/product/5242373_ea_000nw",
            "productImageURL": "https://a.fsimg.co.nz/product/retail/fan/image/master/5242373.png",
            "productDescription": "Product of Imported",
            "volume": "500mL",
            "multipack": {
                "quantity": "1"
            }
        },
        "priceData": {
            "bestPrice": "2.99",
            "price": "2.99",
            "pricePerLitre": 6.0,
            "bestPricePerLitre": 6.0
        },
        "store": {
            "id": "420eff4b-5266-4667-8943-a21caf4b1b03",
            "name": "New World Khandallah"
        }
    },
    {
        "productData": {
            "name": "Monster Energy Drink 500ml",
            "productId": "5007647_ea_000",
            "productShopPage": "https://www.newworld.co.nz/shop/product/5007647_ea_000nw",
            "productImageURL": "https://a.fsimg.co.nz/product/retail/fan/image/master/5007647.png",
            "productDescription": "Contains Caffeine.\n\nProduct of Imported",
            "volume": "500mL",
            "multipack": {
                "quantity": "1"
            }
        },
        "priceData": {
            "bestPrice": "2.99",
            "price": "2.99",
            "pricePerLitre": 6.0,
            "bestPricePerLitre": 6.0
        },
        "store": {
            "id": "420eff4b-5266-4667-8943-a21caf4b1b03",
            "name": "New World Khandallah"
        }
    },
    {
        "productData": {
            "name": "V Sugarfree Guarana Energy Drink 4pk",
            "productId": "5210130_ea_000",
            "productShopPage": "https://www.newworld.co.nz/shop/product/5210130_ea_000nw",
            "productImageURL": "https://a.fsimg.co.nz/product/retail/fan/image/master/5210130.png",
            "productDescription": "Sugarfree\n\nProduct of New Zealand",
            "volume": "275mL",
            "multipack": {
                "quantity": "4"
            }
        },
        "priceData": {
            "bestPrice": "9.19",
            "price": "9.19",
            "pricePerLitre": 8.4,
            "bestPricePerLitre": 8.4
        },
        "store": {
            "id": "420eff4b-5266-4667-8943-a21caf4b1b03",
            "name": "New World Khandallah"
        }
    },
    {
        "productData": {
            "name": "V Sugarfree Guarana Energy Drink 500ml",
            "productId": "5007644_ea_000",
            "productShopPage": "https://www.newworld.co.nz/shop/product/5007644_ea_000nw",
            "productImageURL": "https://a.fsimg.co.nz/product/retail/fan/image/master/5007644.png",
            "productDescription": "Sugar Free.\n\nProduct of New Zealand",
            "volume": "500mL",
            "multipack": {
                "quantity": "1"
            }
        },
        "priceData": {
            "bestPrice": "3.49",
            "price": "3.49",
            "pricePerLitre": 7.0,
            "bestPricePerLitre": 7.0
        },
        "store": {
            "id": "420eff4b-5266-4667-8943-a21caf4b1b03",
            "name": "New World Khandallah"
        }
    },
    {
        "productData": {
            "name": "V Original Guarana Energy Drink 4pk",
            "productId": "5210048_ea_000",
            "productShopPage": "https://www.newworld.co.nz/shop/product/5210048_ea_000nw",
            "productImageURL": "https://a.fsimg.co.nz/product/retail/fan/image/master/5210048.png",
            "productDescription": "Product of New Zealand",
            "volume": "275mL",
            "multipack": {
                "quantity": "4"
            }
        },
        "priceData": {
            "bestPrice": "9.19",
            "price": "9.19",
            "pricePerLitre": 8.4,
            "bestPricePerLitre": 8.4
        },
        "store": {
            "id": "420eff4b-5266-4667-8943-a21caf4b1b03",
            "name": "New World Khandallah"
        }
    },
    {
        "productData": {
            "name": "V Green Guarana Energy Drink Cans 10pk",
            "productId": "5210061_ea_000",
            "productShopPage": "https://www.newworld.co.nz/shop/product/5210061_ea_000nw",
            "productImageURL": "https://a.fsimg.co.nz/product/retail/fan/image/master/5210061.png",
            "productDescription": "Product of New Zealand",
            "volume": "200mL",
            "multipack": {
                "quantity": "10"
            }
        },
        "priceData": {
            "bestPrice": "15.29",
            "price": "15.29",
            "pricePerLitre": 7.6,
            "bestPricePerLitre": 7.6
        },
        "store": {
            "id": "420eff4b-5266-4667-8943-a21caf4b1b03",
            "name": "New World Khandallah"
        }
    },
    {
        "productData": {
            "name": "V Original Guarana Energy Drink 500ml",
            "productId": "5007441_ea_000",
            "productShopPage": "https://www.newworld.co.nz/shop/product/5007441_ea_000nw",
            "productImageURL": "https://a.fsimg.co.nz/product/retail/fan/image/master/5007441.png",
            "productDescription": "Buy 2 for $5.00.\n\n\nContains Wheat Derivatives, Caffeine.\n\nProduct of New Zealand",
            "volume": "500mL",
            "multipack": {
                "quantity": "1"
            }
        },
        "priceData": {
            "bestPrice": 2.5,
            "price": 2.0,
            "pricePerLitre": 4.0,
            "bestPricePerLitre": 5.0,
            "multiBuy": {
                "quantity": 2.0,
                "value": 5.0,
                "perUnit": 2.5
            }
        },
        "store": {
            "id": "420eff4b-5266-4667-8943-a21caf4b1b03",
            "name": "New World Khandallah"
        }
    },
    {
        "productData": {
            "name": "V Blue Guarana Energy Drink 10pk",
            "productId": "5290181_ea_000",
            "productShopPage": "https://www.newworld.co.nz/shop/product/5290181_ea_000nw",
            "productImageURL": "https://a.fsimg.co.nz/product/retail/fan/image/master/5290181.png",
            "productDescription": "Product of New Zealand",
            "volume": "250mL",
            "multipack": {
                "quantity": "10"
            }
        },
        "priceData": {
            "bestPrice": "17.99",
            "price": "17.99",
            "pricePerLitre": 7.2,
            "bestPricePerLitre": 7.2
        },
        "store": {
            "id": "514b1db1-fe88-4e79-a6dd-f1e0d4d4c01f",
            "name": "New World Te Kuiti"
        }
    },
    {
        "productData": {
            "name": "V Blue Guarana Energy Drink 250ml",
            "productId": "5007495_ea_000",
            "productShopPage": "https://www.newworld.co.nz/shop/product/5007495_ea_000nw",
            "productImageURL": "https://a.fsimg.co.nz/product/retail/fan/image/master/5007495.png",
            "productDescription": "Contains Caffeine, Wheat Derivatives.\n\nProduct of New Zealand",
            "volume": "250mL",
            "multipack": {
                "quantity": "1"
            }
        },
        "priceData": {
            "bestPrice": "1.99",
            "price": "1.99",
            "pricePerLitre": 8.0,
            "bestPricePerLitre": 8.0
        },
        "store": {
            "id": "514b1db1-fe88-4e79-a6dd-f1e0d4d4c01f",
            "name": "New World Te Kuiti"
        }
    },
    {
        "productData": {
            "name": "V Sugarfree Blue Guarana Energy Drink 4pk",
            "productId": "5289891_ea_000",
            "productShopPage": "https://www.newworld.co.nz/shop/product/5289891_ea_000nw",
            "productImageURL": "https://a.fsimg.co.nz/product/retail/fan/image/master/5289891.png",
            "productDescription": "Limit 12 assorted.\n\n\n\n\nProduct of New Zealand",
            "volume": "250mL",
            "multipack": {
                "quantity": "4"
            }
        },
        "priceData": {
            "bestPrice": "5.99",
            "price": "5.99",
            "pricePerLitre": 5.99,
            "bestPricePerLitre": 5.99
        },
        "store": {
            "id": "514b1db1-fe88-4e79-a6dd-f1e0d4d4c01f",
            "name": "New World Te Kuiti"
        }
    },
    {
        "productData": {
            "name": "V Sugarfree Guarana Energy Drink 250ml",
            "productId": "5001639_ea_000",
            "productShopPage": "https://www.newworld.co.nz/shop/product/5001639_ea_000nw",
            "productImageURL": "https://a.fsimg.co.nz/product/retail/fan/image/master/5001639.png",
            "productDescription": "Sugar Free. Contains Caffeine.\n\nProduct of New Zealand",
            "volume": "250mL",
            "multipack": {
                "quantity": "1"
            }
        },
        "priceData": {
            "bestPrice": "1.99",
            "price": "1.99",
            "pricePerLitre": 8.0,
            "bestPricePerLitre": 8.0
        },
        "store": {
            "id": "514b1db1-fe88-4e79-a6dd-f1e0d4d4c01f",
            "name": "New World Te Kuiti"
        }
    },
    {
        "productData": {
            "name": "V Sugarfree Guarana Energy Drink 10pk",
            "productId": "5289890_ea_000",
            "productShopPage": "https://www.newworld.co.nz/shop/product/5289890_ea_000nw",
            "productImageURL": "https://a.fsimg.co.nz/product/retail/fan/image/master/5289890.png",
            "productDescription": "Product of New Zealand",
            "volume": "",
            "multipack": {
                "quantity": ""
            }
        },
        "priceData": {
            "bestPrice": "17.99",
            "price": "17.99",
            "pricePerLitre": 72.0,
            "bestPricePerLitre": 72.0
        },
        "store": {
            "id": "514b1db1-fe88-4e79-a6dd-f1e0d4d4c01f",
            "name": "New World Te Kuiti"
        }
    },
    {
        "productData": {
            "name": "V Green Guarana Energy Drink 6pk",
            "productId": "5272987_ea_000",
            "productShopPage": "https://www.newworld.co.nz/shop/product/5272987_ea_000nw",
            "productImageURL": "https://a.fsimg.co.nz/product/retail/fan/image/master/5272987.png",
            "productDescription": "Product of New Zealand",
            "volume": "330mL",
            "multipack": {
                "quantity": "6"
            }
        },
        "priceData": {
            "bestPrice": "11.99",
            "price": "11.99",
            "pricePerLitre": 6.05,
            "bestPricePerLitre": 6.05
        },
        "store": {
            "id": "514b1db1-fe88-4e79-a6dd-f1e0d4d4c01f",
            "name": "New World Te Kuiti"
        }
    },
    {
        "productData": {
            "name": "Live Plus Ascend Energy Drink 250ml",
            "productId": "5236675_ea_000",
            "productShopPage": "https://www.newworld.co.nz/shop/product/5236675_ea_000nw",
            "productImageURL": "https://a.fsimg.co.nz/product/retail/fan/image/master/5236675.png",
            "productDescription": "Limit 12 assorted.\n\n\n\n\nProduct of New Zealand",
            "volume": "",
            "multipack": {
                "quantity": ""
            }
        },
        "priceData": {
            "bestPrice": "0.99",
            "price": "0.99"
        },
        "store": {
            "id": "514b1db1-fe88-4e79-a6dd-f1e0d4d4c01f",
            "name": "New World Te Kuiti"
        }
    },
    {
        "productData": {
            "name": "Live Plus Persist Energy Drink 250ml",
            "productId": "5236678_ea_000",
            "productShopPage": "https://www.newworld.co.nz/shop/product/5236678_ea_000nw",
            "productImageURL": "https://a.fsimg.co.nz/product/retail/fan/image/master/5236678.png",
            "productDescription": "Limit 12 assorted.\n\n\n\n\nProduct of New Zealand",
            "volume": "",
            "multipack": {
                "quantity": ""
            }
        },
        "priceData": {
            "bestPrice": "0.99",
            "price": "0.99"
        },
        "store": {
            "id": "514b1db1-fe88-4e79-a6dd-f1e0d4d4c01f",
            "name": "New World Te Kuiti"
        }
    },
    {
        "productData": {
            "name": "V Green Guarana Energy Drink 10pk",
            "productId": "5289889_ea_000",
            "productShopPage": "https://www.newworld.co.nz/shop/product/5289889_ea_000nw",
            "productImageURL": "https://a.fsimg.co.nz/product/retail/fan/image/master/5289889.png",
            "productDescription": "Product of New Zealand",
            "volume": "250mL",
            "multipack": {
                "quantity": "10"
            }
        },
        "priceData": {
            "bestPrice": "17.99",
            "price": "17.99",
            "pricePerLitre": 7.2,
            "bestPricePerLitre": 7.2
        },
        "store": {
            "id": "514b1db1-fe88-4e79-a6dd-f1e0d4d4c01f",
            "name": "New World Te Kuiti"
        }
    },
    {
        "productData": {
            "name": "V Sugarfree Blue Guarana Energy Drink 500ml",
            "productId": "5283362_ea_000",
            "productShopPage": "https://www.newworld.co.nz/shop/product/5283362_ea_000nw",
            "productImageURL": "https://a.fsimg.co.nz/product/retail/fan/image/master/5283362.png",
            "productDescription": "Sugar free\n\nProduct of New Zealand",
            "volume": "500mL",
            "multipack": {
                "quantity": "1"
            }
        },
        "priceData": {
            "bestPrice": "3.49",
            "price": "3.49",
            "pricePerLitre": 7.0,
            "bestPricePerLitre": 7.0
        },
        "store": {
            "id": "514b1db1-fe88-4e79-a6dd-f1e0d4d4c01f",
            "name": "New World Te Kuiti"
        }
    },
    {
        "productData": {
            "name": "V Original Guarana Energy Drink 350ml",
            "productId": "5003156_ea_000",
            "productShopPage": "https://www.newworld.co.nz/shop/product/5003156_ea_000nw",
            "productImageURL": "https://a.fsimg.co.nz/product/retail/fan/image/master/5003156.png",
            "productDescription": "Buy 2 for $5.00.\n\n\nContains Caffeine.\n\nProduct of New Zealand",
            "volume": "350mL",
            "multipack": {
                "quantity": "1"
            }
        },
        "priceData": {
            "bestPrice": 2.5,
            "price": 2.0,
            "pricePerLitre": 5.714285714285714,
            "bestPricePerLitre": 7.142857142857143,
            "multiBuy": {
                "quantity": 2.0,
                "value": 5.0,
                "perUnit": 2.5
            }
        },
        "store": {
            "id": "514b1db1-fe88-4e79-a6dd-f1e0d4d4c01f",
            "name": "New World Te Kuiti"
        }
    },
    {
        "productData": {
            "name": "V Blue Guarana Energy Drink 350ml",
            "productId": "5007492_ea_000",
            "productShopPage": "https://www.newworld.co.nz/shop/product/5007492_ea_000nw",
            "productImageURL": "https://a.fsimg.co.nz/product/retail/fan/image/master/5007492.png",
            "productDescription": "Buy 2 for $5.00.\n\n\nContains Caffeine, Wheat Derivatives.\n\nProduct of New Zealand",
            "volume": "350mL",
            "multipack": {
                "quantity": "1"
            }
        },
        "priceData": {
            "bestPrice": 2.5,
            "price": 2.0,
            "pricePerLitre": 5.714285714285714,
            "bestPricePerLitre": 7.142857142857143,
            "multiBuy": {
                "quantity": 2.0,
                "value": 5.0,
                "perUnit": 2.5
            }
        },
        "store": {
            "id": "514b1db1-fe88-4e79-a6dd-f1e0d4d4c01f",
            "name": "New World Te Kuiti"
        }
    },
    {
        "productData": {
            "name": "V Blue Energy Drink 500ml",
            "productId": "5020662_ea_000",
            "productShopPage": "https://www.newworld.co.nz/shop/product/5020662_ea_000nw",
            "productImageURL": "https://a.fsimg.co.nz/product/retail/fan/image/master/5020662.png",
            "productDescription": "Buy 2 for $5.00.\n\n\n\n\nProduct of New Zealand",
            "volume": "500mL",
            "multipack": {
                "quantity": "1"
            }
        },
        "priceData": {
            "bestPrice": 2.5,
            "price": 2.0,
            "pricePerLitre": 4.0,
            "bestPricePerLitre": 5.0,
            "multiBuy": {
                "quantity": 2.0,
                "value": 5.0,
                "perUnit": 2.5
            }
        },
        "store": {
            "id": "514b1db1-fe88-4e79-a6dd-f1e0d4d4c01f",
            "name": "New World Te Kuiti"
        }
    },
    {
        "productData": {
            "name": "V Blue Guarana Energy Drink 500ml",
            "productId": "5007494_ea_000",
            "productShopPage": "https://www.newworld.co.nz/shop/product/5007494_ea_000nw",
            "productImageURL": "https://a.fsimg.co.nz/product/retail/fan/image/master/5007494.png",
            "productDescription": "Contains Wheat Derivatives, Caffeine.\n\nProduct of New Zealand",
            "volume": "500mL",
            "multipack": {
                "quantity": "1"
            }
        },
        "priceData": {
            "bestPrice": "3.49",
            "price": "3.49",
            "pricePerLitre": 7.0,
            "bestPricePerLitre": 7.0
        },
        "store": {
            "id": "514b1db1-fe88-4e79-a6dd-f1e0d4d4c01f",
            "name": "New World Te Kuiti"
        }
    },
    {
        "productData": {
            "name": "Red Bull Energy Drink 473ml",
            "productId": "5005255_ea_000",
            "productShopPage": "https://www.newworld.co.nz/shop/product/5005255_ea_000nw",
            "productImageURL": "https://a.fsimg.co.nz/product/retail/fan/image/master/5005255.png",
            "productDescription": "Red Bull Energy Drink's special formula contains ingredients of high quality: Caffeine, Taurine, B-Group Vitamins, Sugars, Alpine Water.One 250ml can of Red Bull Energy Drinks contains 80 mg of caffeine, about the same amount as in a cup of home-brewed coffee.The amount of sugars in a can of Red Bull Energy Drink is comparable to the level of sugars in an equivalent amount of apple or orange juice – 11 g per 100ml.Red Bull cans are made of 100% recyclable aluminium.Red Bull Energy Drink 473ml canVitalizes Body and Mind.®RED BULL GIVES YOU WINGSInspired by functional drinks from the Far East, Dietrich Mateschitz founded Red Bull in the mid-1980s. He developed a new product and a unique marketing concept and launched Red Bull Energy Drink on April 1, 1987 in Austria. A brand new product category - Energy Drinks - was born.\n\nProduct of Imported",
            "volume": "473mL",
            "multipack": {
                "quantity": "1"
            }
        },
        "priceData": {
            "bestPrice": "3.79",
            "price": "3.79",
            "pricePerLitre": 8.0,
            "bestPricePerLitre": 8.0
        },
        "store": {
            "id": "514b1db1-fe88-4e79-a6dd-f1e0d4d4c01f",
            "name": "New World Te Kuiti"
        }
    },
    {
        "productData": {
            "name": "V Original Guarana Energy Drink 250ml",
            "productId": "5003151_ea_000",
            "productShopPage": "https://www.newworld.co.nz/shop/product/5003151_ea_000nw",
            "productImageURL": "https://a.fsimg.co.nz/product/retail/fan/image/master/5003151.png",
            "productDescription": "Contains Caffeine.\n\nProduct of New Zealand",
            "volume": "250mL",
            "multipack": {
                "quantity": "1"
            }
        },
        "priceData": {
            "bestPrice": "1.99",
            "price": "1.99",
            "pricePerLitre": 8.0,
            "bestPricePerLitre": 8.0
        },
        "store": {
            "id": "514b1db1-fe88-4e79-a6dd-f1e0d4d4c01f",
            "name": "New World Te Kuiti"
        }
    },
    {
        "productData": {
            "name": "Red Bull Energy Drink 250ml Cans 4pk",
            "productId": "5001443_ea_000",
            "productShopPage": "https://www.newworld.co.nz/shop/product/5001443_ea_000nw",
            "productImageURL": "https://a.fsimg.co.nz/product/retail/fan/image/master/5001443.png",
            "productDescription": "Red Bull Energy Drink's special formula contains ingredients of high quality: Caffeine, Taurine, B-Group Vitamins, Sugars, Alpine Water.One 250ml can of Red Bull Energy Drinks contains 80 mg of caffeine, about the same amount as in a cup of home-brewed coffee.The amount of sugars in a can of Red Bull Energy Drink is comparable to the level of sugars in an equivalent amount of apple or orange juice – 11 g per 100ml.Red Bull cans are made of 100% recyclable aluminium.Pack of four 250ml Red Bull Energy Drink cansVitalizes Body and Mind.®RED BULL GIVES YOU WINGSInspired by functional drinks from the Far East, Dietrich Mateschitz founded Red Bull in the mid-1980s. He developed a new product and a unique marketing concept and launched Red Bull Energy Drink on April 1, 1987 in Austria. A brand new product category - Energy Drinks - was born.",
            "volume": "250mL",
            "multipack": {
                "quantity": "4"
            }
        },
        "priceData": {
            "bestPrice": "8.59",
            "price": "8.59",
            "pricePerLitre": 8.6,
            "bestPricePerLitre": 8.6
        },
        "store": {
            "id": "514b1db1-fe88-4e79-a6dd-f1e0d4d4c01f",
            "name": "New World Te Kuiti"
        }
    },
    {
        "productData": {
            "name": "V Green Guarana Energy Drink 710ml",
            "productId": "5030250_ea_000",
            "productShopPage": "https://www.newworld.co.nz/shop/product/5030250_ea_000nw",
            "productImageURL": "https://a.fsimg.co.nz/product/retail/fan/image/master/5030250.png",
            "productDescription": "Contains Wheat Derivatives\n\nProduct of Imported",
            "volume": "250mL",
            "multipack": {
                "quantity": "3"
            }
        },
        "priceData": {
            "bestPrice": "3.49",
            "price": "3.49",
            "pricePerLitre": 4.9,
            "bestPricePerLitre": 4.9
        },
        "store": {
            "id": "514b1db1-fe88-4e79-a6dd-f1e0d4d4c01f",
            "name": "New World Te Kuiti"
        }
    },
    {
        "productData": {
            "name": "Lucozade Orange Energy Drink 380ml",
            "productId": "5009239_ea_000",
            "productShopPage": "https://www.newworld.co.nz/shop/product/5009239_ea_000nw",
            "productImageURL": "https://a.fsimg.co.nz/product/retail/fan/image/master/5009239.png",
            "productDescription": "Powered by Glucose.\n\nProduct of New Zealand",
            "volume": "380mL",
            "multipack": {
                "quantity": "1"
            }
        },
        "priceData": {
            "bestPrice": "2.69",
            "price": "2.69",
            "pricePerLitre": 7.08,
            "bestPricePerLitre": 7.08
        },
        "store": {
            "id": "514b1db1-fe88-4e79-a6dd-f1e0d4d4c01f",
            "name": "New World Te Kuiti"
        }
    },
    {
        "productData": {
            "name": "V Pure Natural Energy Drink Glass Bottle 330ml",
            "productId": "5237753_ea_000",
            "productShopPage": "https://www.newworld.co.nz/shop/product/5237753_ea_000nw",
            "productImageURL": "https://a.fsimg.co.nz/product/retail/fan/image/master/5237753.png",
            "productDescription": "Buy 2 for $5.00.\n\n\nNothing artificial\n\nProduct of New Zealand",
            "volume": "330mL",
            "multipack": {
                "quantity": "1"
            }
        },
        "priceData": {
            "bestPrice": 2.5,
            "price": 2.0,
            "pricePerLitre": 6.0606060606060606,
            "bestPricePerLitre": 7.575757575757575,
            "multiBuy": {
                "quantity": 2.0,
                "value": 5.0,
                "perUnit": 2.5
            }
        },
        "store": {
            "id": "514b1db1-fe88-4e79-a6dd-f1e0d4d4c01f",
            "name": "New World Te Kuiti"
        }
    },
    {
        "productData": {
            "name": "Lucozade Original Energy Drink 380ml",
            "productId": "5009240_ea_000",
            "productShopPage": "https://www.newworld.co.nz/shop/product/5009240_ea_000nw",
            "productImageURL": "https://a.fsimg.co.nz/product/retail/fan/image/master/5009240.png",
            "productDescription": "Energy from Glucose.\n\nProduct of New Zealand",
            "volume": "380mL",
            "multipack": {
                "quantity": "1"
            }
        },
        "priceData": {
            "bestPrice": "2.69",
            "price": "2.69",
            "pricePerLitre": 7.08,
            "bestPricePerLitre": 7.08
        },
        "store": {
            "id": "514b1db1-fe88-4e79-a6dd-f1e0d4d4c01f",
            "name": "New World Te Kuiti"
        }
    },
    {
        "productData": {
            "name": "Rockstar Watermelon Freeze Energy Drink 500ml",
            "productId": "5257298_ea_000",
            "productShopPage": "https://www.newworld.co.nz/shop/product/5257298_ea_000nw",
            "productImageURL": "https://a.fsimg.co.nz/product/retail/fan/image/master/5257298.png",
            "productDescription": "Buy 3 for $5.00.\n\n\n\n\nProduct of New Zealand",
            "volume": "500mL",
            "multipack": {
                "quantity": "1"
            }
        },
        "priceData": {
            "bestPrice": 1.6666666666666667,
            "price": 1.0,
            "pricePerLitre": 2.0,
            "bestPricePerLitre": 3.3333333333333335,
            "multiBuy": {
                "quantity": 3.0,
                "value": 5.0,
                "perUnit": 1.6666666666666667
            }
        },
        "store": {
            "id": "514b1db1-fe88-4e79-a6dd-f1e0d4d4c01f",
            "name": "New World Te Kuiti"
        }
    },
    {
        "productData": {
            "name": "V Pure Natural Energy Drink Can 250ml",
            "productId": "5237735_ea_000",
            "productShopPage": "https://www.newworld.co.nz/shop/product/5237735_ea_000nw",
            "productImageURL": "https://a.fsimg.co.nz/product/retail/fan/image/master/5237735.png",
            "productDescription": "6 natural ingredients; Nothing artificial; Apple juice - Apple and lemon juice is reconstituted; Lemon juice - Apple and lemon juice is reconstituted\n\nProduct of New Zealand",
            "volume": "250mL",
            "multipack": {
                "quantity": "1"
            }
        },
        "priceData": {
            "bestPrice": "1.99",
            "price": "1.99",
            "pricePerLitre": 8.0,
            "bestPricePerLitre": 8.0
        },
        "store": {
            "id": "514b1db1-fe88-4e79-a6dd-f1e0d4d4c01f",
            "name": "New World Te Kuiti"
        }
    },
    {
        "productData": {
            "name": "Rockstar Original Energy Drink 500ml",
            "productId": "5215383_ea_000",
            "productShopPage": "https://www.newworld.co.nz/shop/product/5215383_ea_000nw",
            "productImageURL": "https://a.fsimg.co.nz/product/retail/fan/image/master/5215383.png",
            "productDescription": "Buy 3 for $5.00.\n\n\nCaffeine; B vitamins; Vitamin C; Taurine; Ginseng\n\nProduct of New Zealand",
            "volume": "500mL",
            "multipack": {
                "quantity": "1"
            }
        },
        "priceData": {
            "bestPrice": 1.6666666666666667,
            "price": 1.0,
            "pricePerLitre": 2.0,
            "bestPricePerLitre": 3.3333333333333335,
            "multiBuy": {
                "quantity": 3.0,
                "value": 5.0,
                "perUnit": 1.6666666666666667
            }
        },
        "store": {
            "id": "514b1db1-fe88-4e79-a6dd-f1e0d4d4c01f",
            "name": "New World Te Kuiti"
        }
    },
    {
        "productData": {
            "name": "V Raspberry Lemonade Guarana Energy Drink 4pk",
            "productId": "5289907_ea_000",
            "productShopPage": "https://www.newworld.co.nz/shop/product/5289907_ea_000nw",
            "productImageURL": "https://a.fsimg.co.nz/product/retail/fan/image/master/5289907.png",
            "productDescription": "Limit 12 assorted.\n\n\n\n\nProduct of New Zealand",
            "volume": "250mL",
            "multipack": {
                "quantity": "4"
            }
        },
        "priceData": {
            "bestPrice": "5.99",
            "price": "5.99",
            "pricePerLitre": 5.99,
            "bestPricePerLitre": 5.99
        },
        "store": {
            "id": "514b1db1-fe88-4e79-a6dd-f1e0d4d4c01f",
            "name": "New World Te Kuiti"
        }
    },
    {
        "productData": {
            "name": "V Raspberry Lemonade Can 500ml",
            "productId": "5264523_ea_000",
            "productShopPage": "https://www.newworld.co.nz/shop/product/5264523_ea_000nw",
            "productImageURL": "https://a.fsimg.co.nz/product/retail/fan/image/master/5264523.png",
            "productDescription": "Product of New Zealand",
            "volume": "500mL",
            "multipack": {
                "quantity": "1"
            }
        },
        "priceData": {
            "bestPrice": "3.49",
            "price": "3.49",
            "pricePerLitre": 7.0,
            "bestPricePerLitre": 7.0
        },
        "store": {
            "id": "514b1db1-fe88-4e79-a6dd-f1e0d4d4c01f",
            "name": "New World Te Kuiti"
        }
    },
    {
        "productData": {
            "name": "V Blue Guarana Energy Drink 6pk",
            "productId": "5272988_ea_000",
            "productShopPage": "https://www.newworld.co.nz/shop/product/5272988_ea_000nw",
            "productImageURL": "https://a.fsimg.co.nz/product/retail/fan/image/master/5272988.png",
            "productDescription": "Product of New Zealand",
            "volume": "330mL",
            "multipack": {
                "quantity": "6"
            }
        },
        "priceData": {
            "bestPrice": "11.99",
            "price": "11.99",
            "pricePerLitre": 6.05,
            "bestPricePerLitre": 6.05
        },
        "store": {
            "id": "514b1db1-fe88-4e79-a6dd-f1e0d4d4c01f",
            "name": "New World Te Kuiti"
        }
    },
    {
        "productData": {
            "name": "V Blue Can 4pk",
            "productId": "5030249_ea_000",
            "productShopPage": "https://www.newworld.co.nz/shop/product/5030249_ea_000nw",
            "productImageURL": "https://a.fsimg.co.nz/product/retail/fan/image/master/5030249.png",
            "productDescription": "Limit 12 assorted.\n\n\nContains Wheat Derivatives, Caffeine.\n\nProduct of New Zealand",
            "volume": "250mL",
            "multipack": {
                "quantity": "4"
            }
        },
        "priceData": {
            "bestPrice": "5.99",
            "price": "5.99",
            "pricePerLitre": 5.99,
            "bestPricePerLitre": 5.99
        },
        "store": {
            "id": "514b1db1-fe88-4e79-a6dd-f1e0d4d4c01f",
            "name": "New World Te Kuiti"
        }
    },
    {
        "productData": {
            "name": "V Energy Drink Sugarfree Cans 4pk",
            "productId": "5004117_ea_000",
            "productShopPage": "https://www.newworld.co.nz/shop/product/5004117_ea_000nw",
            "productImageURL": "https://a.fsimg.co.nz/product/retail/fan/image/master/5004117.png",
            "productDescription": "Limit 12 assorted.\n\n\nSugar Free. Contains Caffeine.\n\nProduct of New Zealand",
            "volume": "250mL",
            "multipack": {
                "quantity": "4"
            }
        },
        "priceData": {
            "bestPrice": "5.99",
            "price": "5.99",
            "pricePerLitre": 5.99,
            "bestPricePerLitre": 5.99
        },
        "store": {
            "id": "514b1db1-fe88-4e79-a6dd-f1e0d4d4c01f",
            "name": "New World Te Kuiti"
        }
    },
    {
        "productData": {
            "name": "Monster Mule Energy Drink 500ml",
            "productId": "5269459_ea_000",
            "productShopPage": "https://www.newworld.co.nz/shop/product/5269459_ea_000nw",
            "productImageURL": "https://a.fsimg.co.nz/product/retail/fan/image/master/5269459.png",
            "productDescription": "Product of Imported",
            "volume": "500mL",
            "multipack": {
                "quantity": "1"
            }
        },
        "priceData": {
            "bestPrice": "2.99",
            "price": "2.99",
            "pricePerLitre": 6.0,
            "bestPricePerLitre": 6.0
        },
        "store": {
            "id": "514b1db1-fe88-4e79-a6dd-f1e0d4d4c01f",
            "name": "New World Te Kuiti"
        }
    },
    {
        "productData": {
            "name": "Monster Ultra Paradise Energy Drink 500ml",
            "productId": "5261257_ea_000",
            "productShopPage": "https://www.newworld.co.nz/shop/product/5261257_ea_000nw",
            "productImageURL": "https://a.fsimg.co.nz/product/retail/fan/image/master/5261257.png",
            "productDescription": "Product of Imported",
            "volume": "500mL",
            "multipack": {
                "quantity": "1"
            }
        },
        "priceData": {
            "bestPrice": "2.99",
            "price": "2.99",
            "pricePerLitre": 6.0,
            "bestPricePerLitre": 6.0
        },
        "store": {
            "id": "514b1db1-fe88-4e79-a6dd-f1e0d4d4c01f",
            "name": "New World Te Kuiti"
        }
    },
    {
        "productData": {
            "name": "V Energy Drink Green Cans 4pk",
            "productId": "5002893_ea_000",
            "productShopPage": "https://www.newworld.co.nz/shop/product/5002893_ea_000nw",
            "productImageURL": "https://a.fsimg.co.nz/product/retail/fan/image/master/5002893.png",
            "productDescription": "Limit 12 assorted.\n\n\nContains Caffeine.\n\nProduct of New Zealand",
            "volume": "250mL",
            "multipack": {
                "quantity": "4"
            }
        },
        "priceData": {
            "bestPrice": "5.99",
            "price": "5.99",
            "pricePerLitre": 5.99,
            "bestPricePerLitre": 5.99
        },
        "store": {
            "id": "514b1db1-fe88-4e79-a6dd-f1e0d4d4c01f",
            "name": "New World Te Kuiti"
        }
    },
    {
        "productData": {
            "name": "Monster Super Fuel Zero Sugar Energy Drink 550ml",
            "productId": "5284331_ea_000",
            "productShopPage": "https://www.newworld.co.nz/shop/product/5284331_ea_000nw",
            "productImageURL": "https://a.fsimg.co.nz/product/retail/fan/image/master/5284331.png",
            "productDescription": "Product of Imported",
            "volume": "550mL",
            "multipack": {
                "quantity": "1"
            }
        },
        "priceData": {
            "bestPrice": "3.49",
            "price": "3.49",
            "pricePerLitre": 6.345454545454546,
            "bestPricePerLitre": 6.345454545454546
        },
        "store": {
            "id": "514b1db1-fe88-4e79-a6dd-f1e0d4d4c01f",
            "name": "New World Te Kuiti"
        }
    },
    {
        "productData": {
            "name": "Mother Energy Drink Can 500ml",
            "productId": "5011153_ea_000",
            "productShopPage": "https://www.newworld.co.nz/shop/product/5011153_ea_000nw",
            "productImageURL": "https://a.fsimg.co.nz/product/retail/fan/image/master/5011153.png",
            "productDescription": "Contains Caffeine.\n\nProduct of New Zealand",
            "volume": "500mL",
            "multipack": {
                "quantity": "1"
            }
        },
        "priceData": {
            "bestPrice": "1.99",
            "price": "1.99",
            "pricePerLitre": 4.0,
            "bestPricePerLitre": 4.0
        },
        "store": {
            "id": "514b1db1-fe88-4e79-a6dd-f1e0d4d4c01f",
            "name": "New World Te Kuiti"
        }
    },
    {
        "productData": {
            "name": "Monster Super Fuel Purple Passion Energy Drink 550ml",
            "productId": "5284332_ea_000",
            "productShopPage": "https://www.newworld.co.nz/shop/product/5284332_ea_000nw",
            "productImageURL": "https://a.fsimg.co.nz/product/retail/fan/image/master/5284332.png",
            "productDescription": "Product of Imported",
            "volume": "550mL",
            "multipack": {
                "quantity": "1"
            }
        },
        "priceData": {
            "bestPrice": "3.49",
            "price": "3.49",
            "pricePerLitre": 6.345454545454546,
            "bestPricePerLitre": 6.345454545454546
        },
        "store": {
            "id": "514b1db1-fe88-4e79-a6dd-f1e0d4d4c01f",
            "name": "New World Te Kuiti"
        }
    },
    {
        "productData": {
            "name": "Mother Energy Drink Can 6pk",
            "productId": "5009490_ea_000",
            "productShopPage": "https://www.newworld.co.nz/shop/product/5009490_ea_000nw",
            "productImageURL": "https://a.fsimg.co.nz/product/retail/fan/image/master/5009490.png",
            "productDescription": "Contains Caffeine.\n\nProduct of New Zealand",
            "volume": "250mL",
            "multipack": {
                "quantity": "6"
            }
        },
        "priceData": {
            "bestPrice": "7.49",
            "price": "7.49",
            "pricePerLitre": 5.0,
            "bestPricePerLitre": 5.0
        },
        "store": {
            "id": "514b1db1-fe88-4e79-a6dd-f1e0d4d4c01f",
            "name": "New World Te Kuiti"
        }
    },
    {
        "productData": {
            "name": "Monster Pipeline Punch Energy Drink 500ml",
            "productId": "5242373_ea_000",
            "productShopPage": "https://www.newworld.co.nz/shop/product/5242373_ea_000nw",
            "productImageURL": "https://a.fsimg.co.nz/product/retail/fan/image/master/5242373.png",
            "productDescription": "Product of Imported",
            "volume": "500mL",
            "multipack": {
                "quantity": "1"
            }
        },
        "priceData": {
            "bestPrice": "2.99",
            "price": "2.99",
            "pricePerLitre": 6.0,
            "bestPricePerLitre": 6.0
        },
        "store": {
            "id": "514b1db1-fe88-4e79-a6dd-f1e0d4d4c01f",
            "name": "New World Te Kuiti"
        }
    },
    {
        "productData": {
            "name": "Monster Energy Drink 500ml",
            "productId": "5007647_ea_000",
            "productShopPage": "https://www.newworld.co.nz/shop/product/5007647_ea_000nw",
            "productImageURL": "https://a.fsimg.co.nz/product/retail/fan/image/master/5007647.png",
            "productDescription": "Contains Caffeine.\n\nProduct of Imported",
            "volume": "500mL",
            "multipack": {
                "quantity": "1"
            }
        },
        "priceData": {
            "bestPrice": "2.99",
            "price": "2.99",
            "pricePerLitre": 6.0,
            "bestPricePerLitre": 6.0
        },
        "store": {
            "id": "514b1db1-fe88-4e79-a6dd-f1e0d4d4c01f",
            "name": "New World Te Kuiti"
        }
    },
    {
        "productData": {
            "name": "Monster Ultra Zero Drink 4pk",
            "productId": "5213974_ea_000",
            "productShopPage": "https://www.newworld.co.nz/shop/product/5213974_ea_000nw",
            "productImageURL": "https://a.fsimg.co.nz/product/retail/fan/image/master/5213974.png",
            "productDescription": "Product of Imported",
            "volume": "500mL",
            "multipack": {
                "quantity": "4"
            }
        },
        "priceData": {
            "bestPrice": "12.49",
            "price": "12.49",
            "pricePerLitre": 6.2,
            "bestPricePerLitre": 6.2
        },
        "store": {
            "id": "514b1db1-fe88-4e79-a6dd-f1e0d4d4c01f",
            "name": "New World Te Kuiti"
        }
    },
    {
        "productData": {
            "name": "V Sugarfree Guarana Energy Drink 500ml",
            "productId": "5007644_ea_000",
            "productShopPage": "https://www.newworld.co.nz/shop/product/5007644_ea_000nw",
            "productImageURL": "https://a.fsimg.co.nz/product/retail/fan/image/master/5007644.png",
            "productDescription": "Sugar Free.\n\nProduct of New Zealand",
            "volume": "500mL",
            "multipack": {
                "quantity": "1"
            }
        },
        "priceData": {
            "bestPrice": "3.49",
            "price": "3.49",
            "pricePerLitre": 7.0,
            "bestPricePerLitre": 7.0
        },
        "store": {
            "id": "514b1db1-fe88-4e79-a6dd-f1e0d4d4c01f",
            "name": "New World Te Kuiti"
        }
    },
    {
        "productData": {
            "name": "V Original Guarana Energy Drink 500ml",
            "productId": "5004703_ea_000",
            "productShopPage": "https://www.newworld.co.nz/shop/product/5004703_ea_000nw",
            "productImageURL": "https://a.fsimg.co.nz/product/retail/fan/image/master/5004703.png",
            "productDescription": "Contains Caffeine.\n\nProduct of New Zealand",
            "volume": "500mL",
            "multipack": {
                "quantity": "1"
            }
        },
        "priceData": {
            "bestPrice": "3.49",
            "price": "3.49",
            "pricePerLitre": 7.0,
            "bestPricePerLitre": 7.0
        },
        "store": {
            "id": "514b1db1-fe88-4e79-a6dd-f1e0d4d4c01f",
            "name": "New World Te Kuiti"
        }
    },
    {
        "productData": {
            "name": "V Original Guarana Energy Drink 500ml",
            "productId": "5007441_ea_000",
            "productShopPage": "https://www.newworld.co.nz/shop/product/5007441_ea_000nw",
            "productImageURL": "https://a.fsimg.co.nz/product/retail/fan/image/master/5007441.png",
            "productDescription": "Buy 2 for $5.00.\n\n\nContains Wheat Derivatives, Caffeine.\n\nProduct of New Zealand",
            "volume": "500mL",
            "multipack": {
                "quantity": "1"
            }
        },
        "priceData": {
            "bestPrice": 2.5,
            "price": 2.0,
            "pricePerLitre": 4.0,
            "bestPricePerLitre": 5.0,
            "multiBuy": {
                "quantity": 2.0,
                "value": 5.0,
                "perUnit": 2.5
            }
        },
        "store": {
            "id": "514b1db1-fe88-4e79-a6dd-f1e0d4d4c01f",
            "name": "New World Te Kuiti"
        }
    },
    {
        "productData": {
            "name": "V Sugarfree Blue Guarana Energy Drink 500ml",
            "productId": "5283362_ea_000",
            "productShopPage": "https://www.newworld.co.nz/shop/product/5283362_ea_000nw",
            "productImageURL": "https://a.fsimg.co.nz/product/retail/fan/image/master/5283362.png",
            "productDescription": "Sugar free\n\nProduct of New Zealand",
            "volume": "500mL",
            "multipack": {
                "quantity": "1"
            }
        },
        "priceData": {
            "bestPrice": "3.49",
            "price": "3.49",
            "pricePerLitre": 7.0,
            "bestPricePerLitre": 7.0
        },
        "store": {
            "id": "b2f012df-3c55-4bca-98ba-e30c3cd3aa70",
            "name": "New World Waipukurau"
        }
    },
    {
        "productData": {
            "name": "V Original Guarana Energy Drink 350ml",
            "productId": "5003156_ea_000",
            "productShopPage": "https://www.newworld.co.nz/shop/product/5003156_ea_000nw",
            "productImageURL": "https://a.fsimg.co.nz/product/retail/fan/image/master/5003156.png",
            "productDescription": "Buy 2 for $5.00.\n\n\nContains Caffeine.\n\nProduct of New Zealand",
            "volume": "350mL",
            "multipack": {
                "quantity": "1"
            }
        },
        "priceData": {
            "bestPrice": 2.5,
            "price": 2.0,
            "pricePerLitre": 5.714285714285714,
            "bestPricePerLitre": 7.142857142857143,
            "multiBuy": {
                "quantity": 2.0,
                "value": 5.0,
                "perUnit": 2.5
            }
        },
        "store": {
            "id": "b2f012df-3c55-4bca-98ba-e30c3cd3aa70",
            "name": "New World Waipukurau"
        }
    },
    {
        "productData": {
            "name": "V Blue Guarana Energy Drink 4pk",
            "productId": "5210055_ea_000",
            "productShopPage": "https://www.newworld.co.nz/shop/product/5210055_ea_000nw",
            "productImageURL": "https://a.fsimg.co.nz/product/retail/fan/image/master/5210055.png",
            "productDescription": "Product of New Zealand",
            "volume": "275mL",
            "multipack": {
                "quantity": "4"
            }
        },
        "priceData": {
            "bestPrice": "9.19",
            "price": "9.19",
            "pricePerLitre": 8.4,
            "bestPricePerLitre": 8.4
        },
        "store": {
            "id": "b2f012df-3c55-4bca-98ba-e30c3cd3aa70",
            "name": "New World Waipukurau"
        }
    },
    {
        "productData": {
            "name": "V Blue Energy Drink 500ml",
            "productId": "5020662_ea_000",
            "productShopPage": "https://www.newworld.co.nz/shop/product/5020662_ea_000nw",
            "productImageURL": "https://a.fsimg.co.nz/product/retail/fan/image/master/5020662.png",
            "productDescription": "Buy 2 for $5.00.\n\n\n\n\nProduct of New Zealand",
            "volume": "500mL",
            "multipack": {
                "quantity": "1"
            }
        },
        "priceData": {
            "bestPrice": 2.5,
            "price": 2.0,
            "pricePerLitre": 4.0,
            "bestPricePerLitre": 5.0,
            "multiBuy": {
                "quantity": 2.0,
                "value": 5.0,
                "perUnit": 2.5
            }
        },
        "store": {
            "id": "b2f012df-3c55-4bca-98ba-e30c3cd3aa70",
            "name": "New World Waipukurau"
        }
    },
    {
        "productData": {
            "name": "V Blue Guarana Energy Drink 500ml",
            "productId": "5007494_ea_000",
            "productShopPage": "https://www.newworld.co.nz/shop/product/5007494_ea_000nw",
            "productImageURL": "https://a.fsimg.co.nz/product/retail/fan/image/master/5007494.png",
            "productDescription": "Contains Wheat Derivatives, Caffeine.\n\nProduct of New Zealand",
            "volume": "500mL",
            "multipack": {
                "quantity": "1"
            }
        },
        "priceData": {
            "bestPrice": "3.49",
            "price": "3.49",
            "pricePerLitre": 7.0,
            "bestPricePerLitre": 7.0
        },
        "store": {
            "id": "b2f012df-3c55-4bca-98ba-e30c3cd3aa70",
            "name": "New World Waipukurau"
        }
    },
    {
        "productData": {
            "name": "Red Bull Energy Drink 473ml",
            "productId": "5005255_ea_000",
            "productShopPage": "https://www.newworld.co.nz/shop/product/5005255_ea_000nw",
            "productImageURL": "https://a.fsimg.co.nz/product/retail/fan/image/master/5005255.png",
            "productDescription": "Red Bull Energy Drink's special formula contains ingredients of high quality: Caffeine, Taurine, B-Group Vitamins, Sugars, Alpine Water.One 250ml can of Red Bull Energy Drinks contains 80 mg of caffeine, about the same amount as in a cup of home-brewed coffee.The amount of sugars in a can of Red Bull Energy Drink is comparable to the level of sugars in an equivalent amount of apple or orange juice – 11 g per 100ml.Red Bull cans are made of 100% recyclable aluminium.Red Bull Energy Drink 473ml canVitalizes Body and Mind.®RED BULL GIVES YOU WINGSInspired by functional drinks from the Far East, Dietrich Mateschitz founded Red Bull in the mid-1980s. He developed a new product and a unique marketing concept and launched Red Bull Energy Drink on April 1, 1987 in Austria. A brand new product category - Energy Drinks - was born.\n\nProduct of Imported",
            "volume": "473mL",
            "multipack": {
                "quantity": "1"
            }
        },
        "priceData": {
            "bestPrice": "3.59",
            "price": "3.59",
            "pricePerLitre": 7.6,
            "bestPricePerLitre": 7.6
        },
        "store": {
            "id": "b2f012df-3c55-4bca-98ba-e30c3cd3aa70",
            "name": "New World Waipukurau"
        }
    },
    {
        "productData": {
            "name": "V Original Guarana Energy Drink 250ml",
            "productId": "5003151_ea_000",
            "productShopPage": "https://www.newworld.co.nz/shop/product/5003151_ea_000nw",
            "productImageURL": "https://a.fsimg.co.nz/product/retail/fan/image/master/5003151.png",
            "productDescription": "Contains Caffeine.\n\nProduct of New Zealand",
            "volume": "250mL",
            "multipack": {
                "quantity": "1"
            }
        },
        "priceData": {
            "bestPrice": "1.99",
            "price": "1.99",
            "pricePerLitre": 8.0,
            "bestPricePerLitre": 8.0
        },
        "store": {
            "id": "b2f012df-3c55-4bca-98ba-e30c3cd3aa70",
            "name": "New World Waipukurau"
        }
    },
    {
        "productData": {
            "name": "Red Bull Energy Drink 250ml Cans 4pk",
            "productId": "5001443_ea_000",
            "productShopPage": "https://www.newworld.co.nz/shop/product/5001443_ea_000nw",
            "productImageURL": "https://a.fsimg.co.nz/product/retail/fan/image/master/5001443.png",
            "productDescription": "Red Bull Energy Drink's special formula contains ingredients of high quality: Caffeine, Taurine, B-Group Vitamins, Sugars, Alpine Water.One 250ml can of Red Bull Energy Drinks contains 80 mg of caffeine, about the same amount as in a cup of home-brewed coffee.The amount of sugars in a can of Red Bull Energy Drink is comparable to the level of sugars in an equivalent amount of apple or orange juice – 11 g per 100ml.Red Bull cans are made of 100% recyclable aluminium.Pack of four 250ml Red Bull Energy Drink cansVitalizes Body and Mind.®RED BULL GIVES YOU WINGSInspired by functional drinks from the Far East, Dietrich Mateschitz founded Red Bull in the mid-1980s. He developed a new product and a unique marketing concept and launched Red Bull Energy Drink on April 1, 1987 in Austria. A brand new product category - Energy Drinks - was born.",
            "volume": "250mL",
            "multipack": {
                "quantity": "4"
            }
        },
        "priceData": {
            "bestPrice": "8.29",
            "price": "8.29",
            "pricePerLitre": 8.299999999999999,
            "bestPricePerLitre": 8.299999999999999
        },
        "store": {
            "id": "b2f012df-3c55-4bca-98ba-e30c3cd3aa70",
            "name": "New World Waipukurau"
        }
    },
    {
        "productData": {
            "name": "V Green Guarana Energy Drink 710ml",
            "productId": "5030250_ea_000",
            "productShopPage": "https://www.newworld.co.nz/shop/product/5030250_ea_000nw",
            "productImageURL": "https://a.fsimg.co.nz/product/retail/fan/image/master/5030250.png",
            "productDescription": "Contains Wheat Derivatives\n\nProduct of Imported",
            "volume": "250mL",
            "multipack": {
                "quantity": "3"
            }
        },
        "priceData": {
            "bestPrice": "3.49",
            "price": "3.49",
            "pricePerLitre": 4.9,
            "bestPricePerLitre": 4.9
        },
        "store": {
            "id": "b2f012df-3c55-4bca-98ba-e30c3cd3aa70",
            "name": "New World Waipukurau"
        }
    },
    {
        "productData": {
            "name": "Lucozade Orange Energy Drink 380ml",
            "productId": "5009239_ea_000",
            "productShopPage": "https://www.newworld.co.nz/shop/product/5009239_ea_000nw",
            "productImageURL": "https://a.fsimg.co.nz/product/retail/fan/image/master/5009239.png",
            "productDescription": "Powered by Glucose.\n\nProduct of New Zealand",
            "volume": "380mL",
            "multipack": {
                "quantity": "1"
            }
        },
        "priceData": {
            "bestPrice": "2.69",
            "price": "2.69",
            "pricePerLitre": 7.08,
            "bestPricePerLitre": 7.08
        },
        "store": {
            "id": "b2f012df-3c55-4bca-98ba-e30c3cd3aa70",
            "name": "New World Waipukurau"
        }
    },
    {
        "productData": {
            "name": "Lucozade Original Energy Drink 380ml",
            "productId": "5009240_ea_000",
            "productShopPage": "https://www.newworld.co.nz/shop/product/5009240_ea_000nw",
            "productImageURL": "https://a.fsimg.co.nz/product/retail/fan/image/master/5009240.png",
            "productDescription": "Energy from Glucose.\n\nProduct of New Zealand",
            "volume": "380mL",
            "multipack": {
                "quantity": "1"
            }
        },
        "priceData": {
            "bestPrice": "2.69",
            "price": "2.69",
            "pricePerLitre": 7.08,
            "bestPricePerLitre": 7.08
        },
        "store": {
            "id": "b2f012df-3c55-4bca-98ba-e30c3cd3aa70",
            "name": "New World Waipukurau"
        }
    },
    {
        "productData": {
            "name": "Monster Ultra Zero Drink 500ml",
            "productId": "5090618_ea_000",
            "productShopPage": "https://www.newworld.co.nz/shop/product/5090618_ea_000nw",
            "productImageURL": "https://a.fsimg.co.nz/product/retail/fan/image/master/5090618.png",
            "productDescription": "A little less sweet, lighter-tasting, zero calories, but with a full load of our Monster energy blend. Sure, white is the new black. Monster Energy Zero Ultra. Unleash the Ultra Beast!\n\nProduct of Imported",
            "volume": "500mL",
            "multipack": {
                "quantity": "1"
            }
        },
        "priceData": {
            "bestPrice": "2.99",
            "price": "2.99",
            "pricePerLitre": 6.0,
            "bestPricePerLitre": 6.0
        },
        "store": {
            "id": "b2f012df-3c55-4bca-98ba-e30c3cd3aa70",
            "name": "New World Waipukurau"
        }
    },
    {
        "productData": {
            "name": "Mother Energy Drink Can 500ml",
            "productId": "5011153_ea_000",
            "productShopPage": "https://www.newworld.co.nz/shop/product/5011153_ea_000nw",
            "productImageURL": "https://a.fsimg.co.nz/product/retail/fan/image/master/5011153.png",
            "productDescription": "Contains Caffeine.\n\nProduct of New Zealand",
            "volume": "500mL",
            "multipack": {
                "quantity": "1"
            }
        },
        "priceData": {
            "bestPrice": "1.99",
            "price": "1.99",
            "pricePerLitre": 4.0,
            "bestPricePerLitre": 4.0
        },
        "store": {
            "id": "b2f012df-3c55-4bca-98ba-e30c3cd3aa70",
            "name": "New World Waipukurau"
        }
    },
    {
        "productData": {
            "name": "Monster Super Fuel Purple Passion Energy Drink 550ml",
            "productId": "5284332_ea_000",
            "productShopPage": "https://www.newworld.co.nz/shop/product/5284332_ea_000nw",
            "productImageURL": "https://a.fsimg.co.nz/product/retail/fan/image/master/5284332.png",
            "productDescription": "Product of Imported",
            "volume": "550mL",
            "multipack": {
                "quantity": "1"
            }
        },
        "priceData": {
            "bestPrice": "3.49",
            "price": "3.49",
            "pricePerLitre": 6.345454545454546,
            "bestPricePerLitre": 6.345454545454546
        },
        "store": {
            "id": "b2f012df-3c55-4bca-98ba-e30c3cd3aa70",
            "name": "New World Waipukurau"
        }
    },
    {
        "productData": {
            "name": "Monster Pipeline Punch Energy Drink 500ml",
            "productId": "5242373_ea_000",
            "productShopPage": "https://www.newworld.co.nz/shop/product/5242373_ea_000nw",
            "productImageURL": "https://a.fsimg.co.nz/product/retail/fan/image/master/5242373.png",
            "productDescription": "Product of Imported",
            "volume": "500mL",
            "multipack": {
                "quantity": "1"
            }
        },
        "priceData": {
            "bestPrice": "2.99",
            "price": "2.99",
            "pricePerLitre": 6.0,
            "bestPricePerLitre": 6.0
        },
        "store": {
            "id": "b2f012df-3c55-4bca-98ba-e30c3cd3aa70",
            "name": "New World Waipukurau"
        }
    },
    {
        "productData": {
            "name": "Monster Energy Drink 500ml",
            "productId": "5007647_ea_000",
            "productShopPage": "https://www.newworld.co.nz/shop/product/5007647_ea_000nw",
            "productImageURL": "https://a.fsimg.co.nz/product/retail/fan/image/master/5007647.png",
            "productDescription": "Contains Caffeine.\n\nProduct of Imported",
            "volume": "500mL",
            "multipack": {
                "quantity": "1"
            }
        },
        "priceData": {
            "bestPrice": "2.99",
            "price": "2.99",
            "pricePerLitre": 6.0,
            "bestPricePerLitre": 6.0
        },
        "store": {
            "id": "b2f012df-3c55-4bca-98ba-e30c3cd3aa70",
            "name": "New World Waipukurau"
        }
    },
    {
        "productData": {
            "name": "V Original Guarana Energy Drink 500ml",
            "productId": "5004703_ea_000",
            "productShopPage": "https://www.newworld.co.nz/shop/product/5004703_ea_000nw",
            "productImageURL": "https://a.fsimg.co.nz/product/retail/fan/image/master/5004703.png",
            "productDescription": "Contains Caffeine.\n\nProduct of New Zealand",
            "volume": "500mL",
            "multipack": {
                "quantity": "1"
            }
        },
        "priceData": {
            "bestPrice": "3.49",
            "price": "3.49",
            "pricePerLitre": 7.0,
            "bestPricePerLitre": 7.0
        },
        "store": {
            "id": "b2f012df-3c55-4bca-98ba-e30c3cd3aa70",
            "name": "New World Waipukurau"
        }
    },
    {
        "productData": {
            "name": "V Green Guarana Energy Drink Cans 10pk",
            "productId": "5210061_ea_000",
            "productShopPage": "https://www.newworld.co.nz/shop/product/5210061_ea_000nw",
            "productImageURL": "https://a.fsimg.co.nz/product/retail/fan/image/master/5210061.png",
            "productDescription": "Product of New Zealand",
            "volume": "200mL",
            "multipack": {
                "quantity": "10"
            }
        },
        "priceData": {
            "bestPrice": "15.29",
            "price": "15.29",
            "pricePerLitre": 7.6,
            "bestPricePerLitre": 7.6
        },
        "store": {
            "id": "b2f012df-3c55-4bca-98ba-e30c3cd3aa70",
            "name": "New World Waipukurau"
        }
    },
    {
        "productData": {
            "name": "V Original Guarana Energy Drink 500ml",
            "productId": "5007441_ea_000",
            "productShopPage": "https://www.newworld.co.nz/shop/product/5007441_ea_000nw",
            "productImageURL": "https://a.fsimg.co.nz/product/retail/fan/image/master/5007441.png",
            "productDescription": "Buy 2 for $5.00.\n\n\nContains Wheat Derivatives, Caffeine.\n\nProduct of New Zealand",
            "volume": "500mL",
            "multipack": {
                "quantity": "1"
            }
        },
        "priceData": {
            "bestPrice": 2.5,
            "price": 2.0,
            "pricePerLitre": 4.0,
            "bestPricePerLitre": 5.0,
            "multiBuy": {
                "quantity": 2.0,
                "value": 5.0,
                "perUnit": 2.5
            }
        },
        "store": {
            "id": "b2f012df-3c55-4bca-98ba-e30c3cd3aa70",
            "name": "New World Waipukurau"
        }
    },
    {
        "productData": {
            "name": "V Blue Guarana Energy Drink 10pk",
            "productId": "5290181_ea_000",
            "productShopPage": "https://www.newworld.co.nz/shop/product/5290181_ea_000nw",
            "productImageURL": "https://a.fsimg.co.nz/product/retail/fan/image/master/5290181.png",
            "productDescription": "Product of New Zealand",
            "volume": "250mL",
            "multipack": {
                "quantity": "10"
            }
        },
        "priceData": {
            "bestPrice": "17.99",
            "price": "17.99",
            "pricePerLitre": 7.2,
            "bestPricePerLitre": 7.2
        },
        "store": {
            "id": "997b5318-0d47-4eac-b4ec-bbbd9feb8ae3",
            "name": "New World Onekawa"
        }
    },
    {
        "productData": {
            "name": "V Blue Guarana Energy Drink 250ml",
            "productId": "5007495_ea_000",
            "productShopPage": "https://www.newworld.co.nz/shop/product/5007495_ea_000nw",
            "productImageURL": "https://a.fsimg.co.nz/product/retail/fan/image/master/5007495.png",
            "productDescription": "Contains Caffeine, Wheat Derivatives.\n\nProduct of New Zealand",
            "volume": "250mL",
            "multipack": {
                "quantity": "1"
            }
        },
        "priceData": {
            "bestPrice": "1.99",
            "price": "1.99",
            "pricePerLitre": 8.0,
            "bestPricePerLitre": 8.0
        },
        "store": {
            "id": "997b5318-0d47-4eac-b4ec-bbbd9feb8ae3",
            "name": "New World Onekawa"
        }
    },
    {
        "productData": {
            "name": "V Sugarfree Blue Guarana Energy Drink 4pk",
            "productId": "5289891_ea_000",
            "productShopPage": "https://www.newworld.co.nz/shop/product/5289891_ea_000nw",
            "productImageURL": "https://a.fsimg.co.nz/product/retail/fan/image/master/5289891.png",
            "productDescription": "Limit 12 assorted.\n\n\n\n\nProduct of New Zealand",
            "volume": "250mL",
            "multipack": {
                "quantity": "4"
            }
        },
        "priceData": {
            "bestPrice": "5.99",
            "price": "5.99",
            "pricePerLitre": 5.99,
            "bestPricePerLitre": 5.99
        },
        "store": {
            "id": "997b5318-0d47-4eac-b4ec-bbbd9feb8ae3",
            "name": "New World Onekawa"
        }
    },
    {
        "productData": {
            "name": "V Sugarfree Guarana Energy Drink 250ml",
            "productId": "5001639_ea_000",
            "productShopPage": "https://www.newworld.co.nz/shop/product/5001639_ea_000nw",
            "productImageURL": "https://a.fsimg.co.nz/product/retail/fan/image/master/5001639.png",
            "productDescription": "Sugar Free. Contains Caffeine.\n\nProduct of New Zealand",
            "volume": "250mL",
            "multipack": {
                "quantity": "1"
            }
        },
        "priceData": {
            "bestPrice": "1.99",
            "price": "1.99",
            "pricePerLitre": 8.0,
            "bestPricePerLitre": 8.0
        },
        "store": {
            "id": "997b5318-0d47-4eac-b4ec-bbbd9feb8ae3",
            "name": "New World Onekawa"
        }
    },
    {
        "productData": {
            "name": "V Sugarfree Guarana Energy Drink 10pk",
            "productId": "5289890_ea_000",
            "productShopPage": "https://www.newworld.co.nz/shop/product/5289890_ea_000nw",
            "productImageURL": "https://a.fsimg.co.nz/product/retail/fan/image/master/5289890.png",
            "productDescription": "Product of New Zealand",
            "volume": "",
            "multipack": {
                "quantity": ""
            }
        },
        "priceData": {
            "bestPrice": "17.99",
            "price": "17.99",
            "pricePerLitre": 72.0,
            "bestPricePerLitre": 72.0
        },
        "store": {
            "id": "997b5318-0d47-4eac-b4ec-bbbd9feb8ae3",
            "name": "New World Onekawa"
        }
    },
    {
        "productData": {
            "name": "V Green Guarana Energy Drink 6pk",
            "productId": "5272987_ea_000",
            "productShopPage": "https://www.newworld.co.nz/shop/product/5272987_ea_000nw",
            "productImageURL": "https://a.fsimg.co.nz/product/retail/fan/image/master/5272987.png",
            "productDescription": "Product of New Zealand",
            "volume": "330mL",
            "multipack": {
                "quantity": "6"
            }
        },
        "priceData": {
            "bestPrice": "11.99",
            "price": "11.99",
            "pricePerLitre": 6.05,
            "bestPricePerLitre": 6.05
        },
        "store": {
            "id": "997b5318-0d47-4eac-b4ec-bbbd9feb8ae3",
            "name": "New World Onekawa"
        }
    },
    {
        "productData": {
            "name": "Live Plus Ascend Energy Drink 250ml",
            "productId": "5236675_ea_000",
            "productShopPage": "https://www.newworld.co.nz/shop/product/5236675_ea_000nw",
            "productImageURL": "https://a.fsimg.co.nz/product/retail/fan/image/master/5236675.png",
            "productDescription": "Limit 12 assorted.\n\n\n\n\nProduct of New Zealand",
            "volume": "",
            "multipack": {
                "quantity": ""
            }
        },
        "priceData": {
            "bestPrice": "0.99",
            "price": "0.99"
        },
        "store": {
            "id": "997b5318-0d47-4eac-b4ec-bbbd9feb8ae3",
            "name": "New World Onekawa"
        }
    },
    {
        "productData": {
            "name": "Monster Energy Drink 550ml",
            "productId": "5007646_ea_000",
            "productShopPage": "https://www.newworld.co.nz/shop/product/5007646_ea_000nw",
            "productImageURL": "https://a.fsimg.co.nz/product/retail/fan/image/master/5007646.png",
            "productDescription": "Contains Caffeine.\n\nProduct of Imported",
            "volume": "550mL",
            "multipack": {
                "quantity": "1"
            }
        },
        "priceData": {
            "bestPrice": "3.69",
            "price": "3.69",
            "pricePerLitre": 6.7,
            "bestPricePerLitre": 6.7
        },
        "store": {
            "id": "997b5318-0d47-4eac-b4ec-bbbd9feb8ae3",
            "name": "New World Onekawa"
        }
    },
    {
        "productData": {
            "name": "Live Plus Tart Apple Energy Drink 250ml",
            "productId": "5236676_ea_000",
            "productShopPage": "https://www.newworld.co.nz/shop/product/5236676_ea_000nw",
            "productImageURL": "https://a.fsimg.co.nz/product/retail/fan/image/master/5236676.png",
            "productDescription": "Limit 12 assorted.\n\n\n\n\nProduct of New Zealand",
            "volume": "250mL",
            "multipack": {
                "quantity": "1"
            }
        },
        "priceData": {
            "bestPrice": "0.99",
            "price": "0.99",
            "pricePerLitre": 3.96,
            "bestPricePerLitre": 3.96
        },
        "store": {
            "id": "997b5318-0d47-4eac-b4ec-bbbd9feb8ae3",
            "name": "New World Onekawa"
        }
    },
    {
        "productData": {
            "name": "Live Plus Persist Energy Drink 250ml",
            "productId": "5236678_ea_000",
            "productShopPage": "https://www.newworld.co.nz/shop/product/5236678_ea_000nw",
            "productImageURL": "https://a.fsimg.co.nz/product/retail/fan/image/master/5236678.png",
            "productDescription": "Limit 12 assorted.\n\n\n\n\nProduct of New Zealand",
            "volume": "",
            "multipack": {
                "quantity": ""
            }
        },
        "priceData": {
            "bestPrice": "0.99",
            "price": "0.99"
        },
        "store": {
            "id": "997b5318-0d47-4eac-b4ec-bbbd9feb8ae3",
            "name": "New World Onekawa"
        }
    },
    {
        "productData": {
            "name": "V Green Guarana Energy Drink 10pk",
            "productId": "5289889_ea_000",
            "productShopPage": "https://www.newworld.co.nz/shop/product/5289889_ea_000nw",
            "productImageURL": "https://a.fsimg.co.nz/product/retail/fan/image/master/5289889.png",
            "productDescription": "Product of New Zealand",
            "volume": "250mL",
            "multipack": {
                "quantity": "10"
            }
        },
        "priceData": {
            "bestPrice": "17.99",
            "price": "17.99",
            "pricePerLitre": 7.2,
            "bestPricePerLitre": 7.2
        },
        "store": {
            "id": "997b5318-0d47-4eac-b4ec-bbbd9feb8ae3",
            "name": "New World Onekawa"
        }
    },
    {
        "productData": {
            "name": "V Sugarfree Blue Guarana Energy Drink 500ml",
            "productId": "5283362_ea_000",
            "productShopPage": "https://www.newworld.co.nz/shop/product/5283362_ea_000nw",
            "productImageURL": "https://a.fsimg.co.nz/product/retail/fan/image/master/5283362.png",
            "productDescription": "Sugar free\n\nProduct of New Zealand",
            "volume": "500mL",
            "multipack": {
                "quantity": "1"
            }
        },
        "priceData": {
            "bestPrice": "3.49",
            "price": "3.49",
            "pricePerLitre": 7.0,
            "bestPricePerLitre": 7.0
        },
        "store": {
            "id": "997b5318-0d47-4eac-b4ec-bbbd9feb8ae3",
            "name": "New World Onekawa"
        }
    },
    {
        "productData": {
            "name": "V Original Guarana Energy Drink 350ml",
            "productId": "5003156_ea_000",
            "productShopPage": "https://www.newworld.co.nz/shop/product/5003156_ea_000nw",
            "productImageURL": "https://a.fsimg.co.nz/product/retail/fan/image/master/5003156.png",
            "productDescription": "Buy 2 for $5.00.\n\n\nContains Caffeine.\n\nProduct of New Zealand",
            "volume": "350mL",
            "multipack": {
                "quantity": "1"
            }
        },
        "priceData": {
            "bestPrice": 2.5,
            "price": 2.0,
            "pricePerLitre": 5.714285714285714,
            "bestPricePerLitre": 7.142857142857143,
            "multiBuy": {
                "quantity": 2.0,
                "value": 5.0,
                "perUnit": 2.5
            }
        },
        "store": {
            "id": "997b5318-0d47-4eac-b4ec-bbbd9feb8ae3",
            "name": "New World Onekawa"
        }
    },
    {
        "productData": {
            "name": "V Blue Guarana Energy Drink 350ml",
            "productId": "5007492_ea_000",
            "productShopPage": "https://www.newworld.co.nz/shop/product/5007492_ea_000nw",
            "productImageURL": "https://a.fsimg.co.nz/product/retail/fan/image/master/5007492.png",
            "productDescription": "Buy 2 for $5.00.\n\n\nContains Caffeine, Wheat Derivatives.\n\nProduct of New Zealand",
            "volume": "350mL",
            "multipack": {
                "quantity": "1"
            }
        },
        "priceData": {
            "bestPrice": 2.5,
            "price": 2.0,
            "pricePerLitre": 5.714285714285714,
            "bestPricePerLitre": 7.142857142857143,
            "multiBuy": {
                "quantity": 2.0,
                "value": 5.0,
                "perUnit": 2.5
            }
        },
        "store": {
            "id": "997b5318-0d47-4eac-b4ec-bbbd9feb8ae3",
            "name": "New World Onekawa"
        }
    },
    {
        "productData": {
            "name": "V Blue Energy Drink 500ml",
            "productId": "5020662_ea_000",
            "productShopPage": "https://www.newworld.co.nz/shop/product/5020662_ea_000nw",
            "productImageURL": "https://a.fsimg.co.nz/product/retail/fan/image/master/5020662.png",
            "productDescription": "Buy 2 for $5.00.\n\n\n\n\nProduct of New Zealand",
            "volume": "500mL",
            "multipack": {
                "quantity": "1"
            }
        },
        "priceData": {
            "bestPrice": 2.5,
            "price": 2.0,
            "pricePerLitre": 4.0,
            "bestPricePerLitre": 5.0,
            "multiBuy": {
                "quantity": 2.0,
                "value": 5.0,
                "perUnit": 2.5
            }
        },
        "store": {
            "id": "997b5318-0d47-4eac-b4ec-bbbd9feb8ae3",
            "name": "New World Onekawa"
        }
    },
    {
        "productData": {
            "name": "V Blue Guarana Energy Drink 500ml",
            "productId": "5007494_ea_000",
            "productShopPage": "https://www.newworld.co.nz/shop/product/5007494_ea_000nw",
            "productImageURL": "https://a.fsimg.co.nz/product/retail/fan/image/master/5007494.png",
            "productDescription": "Contains Wheat Derivatives, Caffeine.\n\nProduct of New Zealand",
            "volume": "500mL",
            "multipack": {
                "quantity": "1"
            }
        },
        "priceData": {
            "bestPrice": "3.49",
            "price": "3.49",
            "pricePerLitre": 7.0,
            "bestPricePerLitre": 7.0
        },
        "store": {
            "id": "997b5318-0d47-4eac-b4ec-bbbd9feb8ae3",
            "name": "New World Onekawa"
        }
    },
    {
        "productData": {
            "name": "Red Bull Energy Drink 473ml",
            "productId": "5005255_ea_000",
            "productShopPage": "https://www.newworld.co.nz/shop/product/5005255_ea_000nw",
            "productImageURL": "https://a.fsimg.co.nz/product/retail/fan/image/master/5005255.png",
            "productDescription": "Red Bull Energy Drink's special formula contains ingredients of high quality: Caffeine, Taurine, B-Group Vitamins, Sugars, Alpine Water.One 250ml can of Red Bull Energy Drinks contains 80 mg of caffeine, about the same amount as in a cup of home-brewed coffee.The amount of sugars in a can of Red Bull Energy Drink is comparable to the level of sugars in an equivalent amount of apple or orange juice – 11 g per 100ml.Red Bull cans are made of 100% recyclable aluminium.Red Bull Energy Drink 473ml canVitalizes Body and Mind.®RED BULL GIVES YOU WINGSInspired by functional drinks from the Far East, Dietrich Mateschitz founded Red Bull in the mid-1980s. He developed a new product and a unique marketing concept and launched Red Bull Energy Drink on April 1, 1987 in Austria. A brand new product category - Energy Drinks - was born.\n\nProduct of Imported",
            "volume": "473mL",
            "multipack": {
                "quantity": "1"
            }
        },
        "priceData": {
            "bestPrice": "3.59",
            "price": "3.59",
            "pricePerLitre": 7.6,
            "bestPricePerLitre": 7.6
        },
        "store": {
            "id": "997b5318-0d47-4eac-b4ec-bbbd9feb8ae3",
            "name": "New World Onekawa"
        }
    },
    {
        "productData": {
            "name": "V Original Guarana Energy Drink 250ml",
            "productId": "5003151_ea_000",
            "productShopPage": "https://www.newworld.co.nz/shop/product/5003151_ea_000nw",
            "productImageURL": "https://a.fsimg.co.nz/product/retail/fan/image/master/5003151.png",
            "productDescription": "Contains Caffeine.\n\nProduct of New Zealand",
            "volume": "250mL",
            "multipack": {
                "quantity": "1"
            }
        },
        "priceData": {
            "bestPrice": "1.99",
            "price": "1.99",
            "pricePerLitre": 8.0,
            "bestPricePerLitre": 8.0
        },
        "store": {
            "id": "997b5318-0d47-4eac-b4ec-bbbd9feb8ae3",
            "name": "New World Onekawa"
        }
    },
    {
        "productData": {
            "name": "Red Bull Energy Drink 250ml Cans 4pk",
            "productId": "5001443_ea_000",
            "productShopPage": "https://www.newworld.co.nz/shop/product/5001443_ea_000nw",
            "productImageURL": "https://a.fsimg.co.nz/product/retail/fan/image/master/5001443.png",
            "productDescription": "Red Bull Energy Drink's special formula contains ingredients of high quality: Caffeine, Taurine, B-Group Vitamins, Sugars, Alpine Water.One 250ml can of Red Bull Energy Drinks contains 80 mg of caffeine, about the same amount as in a cup of home-brewed coffee.The amount of sugars in a can of Red Bull Energy Drink is comparable to the level of sugars in an equivalent amount of apple or orange juice – 11 g per 100ml.Red Bull cans are made of 100% recyclable aluminium.Pack of four 250ml Red Bull Energy Drink cansVitalizes Body and Mind.®RED BULL GIVES YOU WINGSInspired by functional drinks from the Far East, Dietrich Mateschitz founded Red Bull in the mid-1980s. He developed a new product and a unique marketing concept and launched Red Bull Energy Drink on April 1, 1987 in Austria. A brand new product category - Energy Drinks - was born.",
            "volume": "250mL",
            "multipack": {
                "quantity": "4"
            }
        },
        "priceData": {
            "bestPrice": "8.29",
            "price": "8.29",
            "pricePerLitre": 8.299999999999999,
            "bestPricePerLitre": 8.299999999999999
        },
        "store": {
            "id": "997b5318-0d47-4eac-b4ec-bbbd9feb8ae3",
            "name": "New World Onekawa"
        }
    },
    {
        "productData": {
            "name": "V Green Guarana Energy Drink 710ml",
            "productId": "5030250_ea_000",
            "productShopPage": "https://www.newworld.co.nz/shop/product/5030250_ea_000nw",
            "productImageURL": "https://a.fsimg.co.nz/product/retail/fan/image/master/5030250.png",
            "productDescription": "Contains Wheat Derivatives\n\nProduct of Imported",
            "volume": "250mL",
            "multipack": {
                "quantity": "3"
            }
        },
        "priceData": {
            "bestPrice": "3.49",
            "price": "3.49",
            "pricePerLitre": 4.9,
            "bestPricePerLitre": 4.9
        },
        "store": {
            "id": "997b5318-0d47-4eac-b4ec-bbbd9feb8ae3",
            "name": "New World Onekawa"
        }
    },
    {
        "productData": {
            "name": "Lucozade Orange Energy Drink 380ml",
            "productId": "5009239_ea_000",
            "productShopPage": "https://www.newworld.co.nz/shop/product/5009239_ea_000nw",
            "productImageURL": "https://a.fsimg.co.nz/product/retail/fan/image/master/5009239.png",
            "productDescription": "Powered by Glucose.\n\nProduct of New Zealand",
            "volume": "380mL",
            "multipack": {
                "quantity": "1"
            }
        },
        "priceData": {
            "bestPrice": "2.69",
            "price": "2.69",
            "pricePerLitre": 7.08,
            "bestPricePerLitre": 7.08
        },
        "store": {
            "id": "997b5318-0d47-4eac-b4ec-bbbd9feb8ae3",
            "name": "New World Onekawa"
        }
    },
    {
        "productData": {
            "name": "Lucozade Original Energy Drink 380ml",
            "productId": "5009240_ea_000",
            "productShopPage": "https://www.newworld.co.nz/shop/product/5009240_ea_000nw",
            "productImageURL": "https://a.fsimg.co.nz/product/retail/fan/image/master/5009240.png",
            "productDescription": "Energy from Glucose.\n\nProduct of New Zealand",
            "volume": "380mL",
            "multipack": {
                "quantity": "1"
            }
        },
        "priceData": {
            "bestPrice": "2.69",
            "price": "2.69",
            "pricePerLitre": 7.08,
            "bestPricePerLitre": 7.08
        },
        "store": {
            "id": "997b5318-0d47-4eac-b4ec-bbbd9feb8ae3",
            "name": "New World Onekawa"
        }
    },
    {
        "productData": {
            "name": "Rockstar Watermelon Freeze Energy Drink 500ml",
            "productId": "5257298_ea_000",
            "productShopPage": "https://www.newworld.co.nz/shop/product/5257298_ea_000nw",
            "productImageURL": "https://a.fsimg.co.nz/product/retail/fan/image/master/5257298.png",
            "productDescription": "Buy 3 for $5.00.\n\n\n\n\nProduct of New Zealand",
            "volume": "500mL",
            "multipack": {
                "quantity": "1"
            }
        },
        "priceData": {
            "bestPrice": 1.6666666666666667,
            "price": 1.0,
            "pricePerLitre": 2.0,
            "bestPricePerLitre": 3.3333333333333335,
            "multiBuy": {
                "quantity": 3.0,
                "value": 5.0,
                "perUnit": 1.6666666666666667
            }
        },
        "store": {
            "id": "997b5318-0d47-4eac-b4ec-bbbd9feb8ae3",
            "name": "New World Onekawa"
        }
    },
    {
        "productData": {
            "name": "V Pure Natural Energy Drink Can 250ml",
            "productId": "5237735_ea_000",
            "productShopPage": "https://www.newworld.co.nz/shop/product/5237735_ea_000nw",
            "productImageURL": "https://a.fsimg.co.nz/product/retail/fan/image/master/5237735.png",
            "productDescription": "6 natural ingredients; Nothing artificial; Apple juice - Apple and lemon juice is reconstituted; Lemon juice - Apple and lemon juice is reconstituted\n\nProduct of New Zealand",
            "volume": "250mL",
            "multipack": {
                "quantity": "1"
            }
        },
        "priceData": {
            "bestPrice": "1.99",
            "price": "1.99",
            "pricePerLitre": 8.0,
            "bestPricePerLitre": 8.0
        },
        "store": {
            "id": "997b5318-0d47-4eac-b4ec-bbbd9feb8ae3",
            "name": "New World Onekawa"
        }
    },
    {
        "productData": {
            "name": "Rockstar Original Energy Drink 500ml",
            "productId": "5215383_ea_000",
            "productShopPage": "https://www.newworld.co.nz/shop/product/5215383_ea_000nw",
            "productImageURL": "https://a.fsimg.co.nz/product/retail/fan/image/master/5215383.png",
            "productDescription": "Buy 3 for $5.00.\n\n\nCaffeine; B vitamins; Vitamin C; Taurine; Ginseng\n\nProduct of New Zealand",
            "volume": "500mL",
            "multipack": {
                "quantity": "1"
            }
        },
        "priceData": {
            "bestPrice": 1.6666666666666667,
            "price": 1.0,
            "pricePerLitre": 2.0,
            "bestPricePerLitre": 3.3333333333333335,
            "multiBuy": {
                "quantity": 3.0,
                "value": 5.0,
                "perUnit": 1.6666666666666667
            }
        },
        "store": {
            "id": "997b5318-0d47-4eac-b4ec-bbbd9feb8ae3",
            "name": "New World Onekawa"
        }
    },
    {
        "productData": {
            "name": "V Berry Twist Sugar Free Can 500ml",
            "productId": "5254654_ea_000",
            "productShopPage": "https://www.newworld.co.nz/shop/product/5254654_ea_000nw",
            "productImageURL": "https://a.fsimg.co.nz/product/retail/fan/image/master/5254654.png",
            "productDescription": "Sugarfree\n\nProduct of New Zealand",
            "volume": "500mL",
            "multipack": {
                "quantity": "1"
            }
        },
        "priceData": {
            "bestPrice": "3.49",
            "price": "3.49",
            "pricePerLitre": 7.0,
            "bestPricePerLitre": 7.0
        },
        "store": {
            "id": "997b5318-0d47-4eac-b4ec-bbbd9feb8ae3",
            "name": "New World Onekawa"
        }
    },
    {
        "productData": {
            "name": "V Raspberry Lemonade Guarana Energy Drink 4pk",
            "productId": "5289907_ea_000",
            "productShopPage": "https://www.newworld.co.nz/shop/product/5289907_ea_000nw",
            "productImageURL": "https://a.fsimg.co.nz/product/retail/fan/image/master/5289907.png",
            "productDescription": "Limit 12 assorted.\n\n\n\n\nProduct of New Zealand",
            "volume": "250mL",
            "multipack": {
                "quantity": "4"
            }
        },
        "priceData": {
            "bestPrice": "5.99",
            "price": "5.99",
            "pricePerLitre": 5.99,
            "bestPricePerLitre": 5.99
        },
        "store": {
            "id": "997b5318-0d47-4eac-b4ec-bbbd9feb8ae3",
            "name": "New World Onekawa"
        }
    },
    {
        "productData": {
            "name": "V Raspberry Lemonade Can 500ml",
            "productId": "5264523_ea_000",
            "productShopPage": "https://www.newworld.co.nz/shop/product/5264523_ea_000nw",
            "productImageURL": "https://a.fsimg.co.nz/product/retail/fan/image/master/5264523.png",
            "productDescription": "Product of New Zealand",
            "volume": "500mL",
            "multipack": {
                "quantity": "1"
            }
        },
        "priceData": {
            "bestPrice": "3.49",
            "price": "3.49",
            "pricePerLitre": 7.0,
            "bestPricePerLitre": 7.0
        },
        "store": {
            "id": "997b5318-0d47-4eac-b4ec-bbbd9feb8ae3",
            "name": "New World Onekawa"
        }
    },
    {
        "productData": {
            "name": "V Blue Can 4pk",
            "productId": "5030249_ea_000",
            "productShopPage": "https://www.newworld.co.nz/shop/product/5030249_ea_000nw",
            "productImageURL": "https://a.fsimg.co.nz/product/retail/fan/image/master/5030249.png",
            "productDescription": "Limit 12 assorted.\n\n\nContains Wheat Derivatives, Caffeine.\n\nProduct of New Zealand",
            "volume": "250mL",
            "multipack": {
                "quantity": "4"
            }
        },
        "priceData": {
            "bestPrice": "5.99",
            "price": "5.99",
            "pricePerLitre": 5.99,
            "bestPricePerLitre": 5.99
        },
        "store": {
            "id": "997b5318-0d47-4eac-b4ec-bbbd9feb8ae3",
            "name": "New World Onekawa"
        }
    },
    {
        "productData": {
            "name": "Monster Mango Loco Energy Drink 500ml",
            "productId": "5242374_ea_000",
            "productShopPage": "https://www.newworld.co.nz/shop/product/5242374_ea_000nw",
            "productImageURL": "https://a.fsimg.co.nz/product/retail/fan/image/master/5242374.png",
            "productDescription": "Product of Imported",
            "volume": "500mL",
            "multipack": {
                "quantity": "1"
            }
        },
        "priceData": {
            "bestPrice": "2.99",
            "price": "2.99",
            "pricePerLitre": 6.0,
            "bestPricePerLitre": 6.0
        },
        "store": {
            "id": "997b5318-0d47-4eac-b4ec-bbbd9feb8ae3",
            "name": "New World Onekawa"
        }
    },
    {
        "productData": {
            "name": "Monster Zero Sugar Ultra Rosa Energy Drink 500ml",
            "productId": "5278094_ea_000",
            "productShopPage": "https://www.newworld.co.nz/shop/product/5278094_ea_000nw",
            "productImageURL": "https://a.fsimg.co.nz/product/retail/fan/image/master/5278094.png",
            "productDescription": "Product of Imported",
            "volume": "500mL",
            "multipack": {
                "quantity": "1"
            }
        },
        "priceData": {
            "bestPrice": "2.99",
            "price": "2.99",
            "pricePerLitre": 6.0,
            "bestPricePerLitre": 6.0
        },
        "store": {
            "id": "997b5318-0d47-4eac-b4ec-bbbd9feb8ae3",
            "name": "New World Onekawa"
        }
    },
    {
        "productData": {
            "name": "Monster Mule Energy Drink 500ml",
            "productId": "5269459_ea_000",
            "productShopPage": "https://www.newworld.co.nz/shop/product/5269459_ea_000nw",
            "productImageURL": "https://a.fsimg.co.nz/product/retail/fan/image/master/5269459.png",
            "productDescription": "Product of Imported",
            "volume": "500mL",
            "multipack": {
                "quantity": "1"
            }
        },
        "priceData": {
            "bestPrice": "2.99",
            "price": "2.99",
            "pricePerLitre": 6.0,
            "bestPricePerLitre": 6.0
        },
        "store": {
            "id": "997b5318-0d47-4eac-b4ec-bbbd9feb8ae3",
            "name": "New World Onekawa"
        }
    },
    {
        "productData": {
            "name": "Monster Ultra Paradise Energy Drink 500ml",
            "productId": "5261257_ea_000",
            "productShopPage": "https://www.newworld.co.nz/shop/product/5261257_ea_000nw",
            "productImageURL": "https://a.fsimg.co.nz/product/retail/fan/image/master/5261257.png",
            "productDescription": "Product of Imported",
            "volume": "500mL",
            "multipack": {
                "quantity": "1"
            }
        },
        "priceData": {
            "bestPrice": "2.99",
            "price": "2.99",
            "pricePerLitre": 6.0,
            "bestPricePerLitre": 6.0
        },
        "store": {
            "id": "997b5318-0d47-4eac-b4ec-bbbd9feb8ae3",
            "name": "New World Onekawa"
        }
    },
    {
        "productData": {
            "name": "V Energy Drink Green Cans 4pk",
            "productId": "5002893_ea_000",
            "productShopPage": "https://www.newworld.co.nz/shop/product/5002893_ea_000nw",
            "productImageURL": "https://a.fsimg.co.nz/product/retail/fan/image/master/5002893.png",
            "productDescription": "Limit 12 assorted.\n\n\nContains Caffeine.\n\nProduct of New Zealand",
            "volume": "250mL",
            "multipack": {
                "quantity": "4"
            }
        },
        "priceData": {
            "bestPrice": "5.99",
            "price": "5.99",
            "pricePerLitre": 5.99,
            "bestPricePerLitre": 5.99
        },
        "store": {
            "id": "997b5318-0d47-4eac-b4ec-bbbd9feb8ae3",
            "name": "New World Onekawa"
        }
    },
    {
        "productData": {
            "name": "Monster Ultra Zero Drink 500ml",
            "productId": "5090618_ea_000",
            "productShopPage": "https://www.newworld.co.nz/shop/product/5090618_ea_000nw",
            "productImageURL": "https://a.fsimg.co.nz/product/retail/fan/image/master/5090618.png",
            "productDescription": "A little less sweet, lighter-tasting, zero calories, but with a full load of our Monster energy blend. Sure, white is the new black. Monster Energy Zero Ultra. Unleash the Ultra Beast!\n\nProduct of Imported",
            "volume": "500mL",
            "multipack": {
                "quantity": "1"
            }
        },
        "priceData": {
            "bestPrice": "2.99",
            "price": "2.99",
            "pricePerLitre": 6.0,
            "bestPricePerLitre": 6.0
        },
        "store": {
            "id": "997b5318-0d47-4eac-b4ec-bbbd9feb8ae3",
            "name": "New World Onekawa"
        }
    },
    {
        "productData": {
            "name": "Monster Super Fuel Zero Sugar Energy Drink 550ml",
            "productId": "5284331_ea_000",
            "productShopPage": "https://www.newworld.co.nz/shop/product/5284331_ea_000nw",
            "productImageURL": "https://a.fsimg.co.nz/product/retail/fan/image/master/5284331.png",
            "productDescription": "Product of Imported",
            "volume": "550mL",
            "multipack": {
                "quantity": "1"
            }
        },
        "priceData": {
            "bestPrice": "3.49",
            "price": "3.49",
            "pricePerLitre": 6.345454545454546,
            "bestPricePerLitre": 6.345454545454546
        },
        "store": {
            "id": "997b5318-0d47-4eac-b4ec-bbbd9feb8ae3",
            "name": "New World Onekawa"
        }
    },
    {
        "productData": {
            "name": "Mother Energy Drink Can 500ml",
            "productId": "5011153_ea_000",
            "productShopPage": "https://www.newworld.co.nz/shop/product/5011153_ea_000nw",
            "productImageURL": "https://a.fsimg.co.nz/product/retail/fan/image/master/5011153.png",
            "productDescription": "Contains Caffeine.\n\nProduct of New Zealand",
            "volume": "500mL",
            "multipack": {
                "quantity": "1"
            }
        },
        "priceData": {
            "bestPrice": "1.99",
            "price": "1.99",
            "pricePerLitre": 4.0,
            "bestPricePerLitre": 4.0
        },
        "store": {
            "id": "997b5318-0d47-4eac-b4ec-bbbd9feb8ae3",
            "name": "New World Onekawa"
        }
    },
    {
        "productData": {
            "name": "Monster Super Fuel Purple Passion Energy Drink 550ml",
            "productId": "5284332_ea_000",
            "productShopPage": "https://www.newworld.co.nz/shop/product/5284332_ea_000nw",
            "productImageURL": "https://a.fsimg.co.nz/product/retail/fan/image/master/5284332.png",
            "productDescription": "Product of Imported",
            "volume": "550mL",
            "multipack": {
                "quantity": "1"
            }
        },
        "priceData": {
            "bestPrice": "3.49",
            "price": "3.49",
            "pricePerLitre": 6.345454545454546,
            "bestPricePerLitre": 6.345454545454546
        },
        "store": {
            "id": "997b5318-0d47-4eac-b4ec-bbbd9feb8ae3",
            "name": "New World Onekawa"
        }
    },
    {
        "productData": {
            "name": "Mother Energy Drink Can 6pk",
            "productId": "5009490_ea_000",
            "productShopPage": "https://www.newworld.co.nz/shop/product/5009490_ea_000nw",
            "productImageURL": "https://a.fsimg.co.nz/product/retail/fan/image/master/5009490.png",
            "productDescription": "Contains Caffeine.\n\nProduct of New Zealand",
            "volume": "250mL",
            "multipack": {
                "quantity": "6"
            }
        },
        "priceData": {
            "bestPrice": "7.49",
            "price": "7.49",
            "pricePerLitre": 5.0,
            "bestPricePerLitre": 5.0
        },
        "store": {
            "id": "997b5318-0d47-4eac-b4ec-bbbd9feb8ae3",
            "name": "New World Onekawa"
        }
    },
    {
        "productData": {
            "name": "Monster Pipeline Punch Energy Drink 500ml",
            "productId": "5242373_ea_000",
            "productShopPage": "https://www.newworld.co.nz/shop/product/5242373_ea_000nw",
            "productImageURL": "https://a.fsimg.co.nz/product/retail/fan/image/master/5242373.png",
            "productDescription": "Product of Imported",
            "volume": "500mL",
            "multipack": {
                "quantity": "1"
            }
        },
        "priceData": {
            "bestPrice": "2.99",
            "price": "2.99",
            "pricePerLitre": 6.0,
            "bestPricePerLitre": 6.0
        },
        "store": {
            "id": "997b5318-0d47-4eac-b4ec-bbbd9feb8ae3",
            "name": "New World Onekawa"
        }
    },
    {
        "productData": {
            "name": "Monster Energy Drink 500ml",
            "productId": "5007647_ea_000",
            "productShopPage": "https://www.newworld.co.nz/shop/product/5007647_ea_000nw",
            "productImageURL": "https://a.fsimg.co.nz/product/retail/fan/image/master/5007647.png",
            "productDescription": "Contains Caffeine.\n\nProduct of Imported",
            "volume": "500mL",
            "multipack": {
                "quantity": "1"
            }
        },
        "priceData": {
            "bestPrice": "2.99",
            "price": "2.99",
            "pricePerLitre": 6.0,
            "bestPricePerLitre": 6.0
        },
        "store": {
            "id": "997b5318-0d47-4eac-b4ec-bbbd9feb8ae3",
            "name": "New World Onekawa"
        }
    },
    {
        "productData": {
            "name": "Monster Ultra Zero Drink 4pk",
            "productId": "5213974_ea_000",
            "productShopPage": "https://www.newworld.co.nz/shop/product/5213974_ea_000nw",
            "productImageURL": "https://a.fsimg.co.nz/product/retail/fan/image/master/5213974.png",
            "productDescription": "Product of Imported",
            "volume": "500mL",
            "multipack": {
                "quantity": "4"
            }
        },
        "priceData": {
            "bestPrice": "11.99",
            "price": "11.99",
            "pricePerLitre": 6.0,
            "bestPricePerLitre": 6.0
        },
        "store": {
            "id": "997b5318-0d47-4eac-b4ec-bbbd9feb8ae3",
            "name": "New World Onekawa"
        }
    },
    {
        "productData": {
            "name": "V Sugarfree Guarana Energy Drink 500ml",
            "productId": "5007644_ea_000",
            "productShopPage": "https://www.newworld.co.nz/shop/product/5007644_ea_000nw",
            "productImageURL": "https://a.fsimg.co.nz/product/retail/fan/image/master/5007644.png",
            "productDescription": "Sugar Free.\n\nProduct of New Zealand",
            "volume": "500mL",
            "multipack": {
                "quantity": "1"
            }
        },
        "priceData": {
            "bestPrice": "3.49",
            "price": "3.49",
            "pricePerLitre": 7.0,
            "bestPricePerLitre": 7.0
        },
        "store": {
            "id": "997b5318-0d47-4eac-b4ec-bbbd9feb8ae3",
            "name": "New World Onekawa"
        }
    },
    {
        "productData": {
            "name": "V Original Guarana Energy Drink 500ml",
            "productId": "5004703_ea_000",
            "productShopPage": "https://www.newworld.co.nz/shop/product/5004703_ea_000nw",
            "productImageURL": "https://a.fsimg.co.nz/product/retail/fan/image/master/5004703.png",
            "productDescription": "Contains Caffeine.\n\nProduct of New Zealand",
            "volume": "500mL",
            "multipack": {
                "quantity": "1"
            }
        },
        "priceData": {
            "bestPrice": "3.49",
            "price": "3.49",
            "pricePerLitre": 7.0,
            "bestPricePerLitre": 7.0
        },
        "store": {
            "id": "997b5318-0d47-4eac-b4ec-bbbd9feb8ae3",
            "name": "New World Onekawa"
        }
    },
    {
        "productData": {
            "name": "V Original Guarana Energy Drink 500ml",
            "productId": "5007441_ea_000",
            "productShopPage": "https://www.newworld.co.nz/shop/product/5007441_ea_000nw",
            "productImageURL": "https://a.fsimg.co.nz/product/retail/fan/image/master/5007441.png",
            "productDescription": "Buy 2 for $5.00.\n\n\nContains Wheat Derivatives, Caffeine.\n\nProduct of New Zealand",
            "volume": "500mL",
            "multipack": {
                "quantity": "1"
            }
        },
        "priceData": {
            "bestPrice": 2.5,
            "price": 2.0,
            "pricePerLitre": 4.0,
            "bestPricePerLitre": 5.0,
            "multiBuy": {
                "quantity": 2.0,
                "value": 5.0,
                "perUnit": 2.5
            }
        },
        "store": {
            "id": "997b5318-0d47-4eac-b4ec-bbbd9feb8ae3",
            "name": "New World Onekawa"
        }
    },
    {
        "productData": {
            "name": "V Blue Guarana Energy Drink 250ml",
            "productId": "5007495_ea_000",
            "productShopPage": "https://www.newworld.co.nz/shop/product/5007495_ea_000nw",
            "productImageURL": "https://a.fsimg.co.nz/product/retail/fan/image/master/5007495.png",
            "productDescription": "Contains Caffeine, Wheat Derivatives.\n\nProduct of New Zealand",
            "volume": "250mL",
            "multipack": {
                "quantity": "1"
            }
        },
        "priceData": {
            "bestPrice": "1.99",
            "price": "1.99",
            "pricePerLitre": 8.0,
            "bestPricePerLitre": 8.0
        },
        "store": {
            "id": "773ad0a0-024e-46c5-a94b-df1cf86d25cc",
            "name": "New World Albany"
        }
    },
    {
        "productData": {
            "name": "V Sugarfree Guarana Energy Drink 250ml",
            "productId": "5001639_ea_000",
            "productShopPage": "https://www.newworld.co.nz/shop/product/5001639_ea_000nw",
            "productImageURL": "https://a.fsimg.co.nz/product/retail/fan/image/master/5001639.png",
            "productDescription": "Sugar Free. Contains Caffeine.\n\nProduct of New Zealand",
            "volume": "250mL",
            "multipack": {
                "quantity": "1"
            }
        },
        "priceData": {
            "bestPrice": "1.99",
            "price": "1.99",
            "pricePerLitre": 8.0,
            "bestPricePerLitre": 8.0
        },
        "store": {
            "id": "773ad0a0-024e-46c5-a94b-df1cf86d25cc",
            "name": "New World Albany"
        }
    },
    {
        "productData": {
            "name": "Live Plus Ascend Energy Drink 250ml",
            "productId": "5236675_ea_000",
            "productShopPage": "https://www.newworld.co.nz/shop/product/5236675_ea_000nw",
            "productImageURL": "https://a.fsimg.co.nz/product/retail/fan/image/master/5236675.png",
            "productDescription": "Limit 12 assorted.\n\n\n\n\nProduct of New Zealand",
            "volume": "",
            "multipack": {
                "quantity": ""
            }
        },
        "priceData": {
            "bestPrice": "0.99",
            "price": "0.99"
        },
        "store": {
            "id": "773ad0a0-024e-46c5-a94b-df1cf86d25cc",
            "name": "New World Albany"
        }
    },
    {
        "productData": {
            "name": "Live Plus Tart Apple Energy Drink 250ml",
            "productId": "5236676_ea_000",
            "productShopPage": "https://www.newworld.co.nz/shop/product/5236676_ea_000nw",
            "productImageURL": "https://a.fsimg.co.nz/product/retail/fan/image/master/5236676.png",
            "productDescription": "Limit 12 assorted.\n\n\n\n\nProduct of New Zealand",
            "volume": "250mL",
            "multipack": {
                "quantity": "1"
            }
        },
        "priceData": {
            "bestPrice": "0.99",
            "price": "0.99",
            "pricePerLitre": 3.96,
            "bestPricePerLitre": 3.96
        },
        "store": {
            "id": "773ad0a0-024e-46c5-a94b-df1cf86d25cc",
            "name": "New World Albany"
        }
    },
    {
        "productData": {
            "name": "Live Plus Persist Energy Drink 250ml",
            "productId": "5236678_ea_000",
            "productShopPage": "https://www.newworld.co.nz/shop/product/5236678_ea_000nw",
            "productImageURL": "https://a.fsimg.co.nz/product/retail/fan/image/master/5236678.png",
            "productDescription": "Limit 12 assorted.\n\n\n\n\nProduct of New Zealand",
            "volume": "",
            "multipack": {
                "quantity": ""
            }
        },
        "priceData": {
            "bestPrice": "0.99",
            "price": "0.99"
        },
        "store": {
            "id": "773ad0a0-024e-46c5-a94b-df1cf86d25cc",
            "name": "New World Albany"
        }
    },
    {
        "productData": {
            "name": "V Sugarfree Blue Guarana Energy Drink 500ml",
            "productId": "5283362_ea_000",
            "productShopPage": "https://www.newworld.co.nz/shop/product/5283362_ea_000nw",
            "productImageURL": "https://a.fsimg.co.nz/product/retail/fan/image/master/5283362.png",
            "productDescription": "Sugar free\n\nProduct of New Zealand",
            "volume": "500mL",
            "multipack": {
                "quantity": "1"
            }
        },
        "priceData": {
            "bestPrice": "3.49",
            "price": "3.49",
            "pricePerLitre": 7.0,
            "bestPricePerLitre": 7.0
        },
        "store": {
            "id": "773ad0a0-024e-46c5-a94b-df1cf86d25cc",
            "name": "New World Albany"
        }
    },
    {
        "productData": {
            "name": "V Original Guarana Energy Drink 350ml",
            "productId": "5003156_ea_000",
            "productShopPage": "https://www.newworld.co.nz/shop/product/5003156_ea_000nw",
            "productImageURL": "https://a.fsimg.co.nz/product/retail/fan/image/master/5003156.png",
            "productDescription": "Buy 2 for $5.00.\n\n\nContains Caffeine.\n\nProduct of New Zealand",
            "volume": "350mL",
            "multipack": {
                "quantity": "1"
            }
        },
        "priceData": {
            "bestPrice": 2.5,
            "price": 2.0,
            "pricePerLitre": 5.714285714285714,
            "bestPricePerLitre": 7.142857142857143,
            "multiBuy": {
                "quantity": 2.0,
                "value": 5.0,
                "perUnit": 2.5
            }
        },
        "store": {
            "id": "773ad0a0-024e-46c5-a94b-df1cf86d25cc",
            "name": "New World Albany"
        }
    },
    {
        "productData": {
            "name": "V Blue Guarana Energy Drink 350ml",
            "productId": "5007492_ea_000",
            "productShopPage": "https://www.newworld.co.nz/shop/product/5007492_ea_000nw",
            "productImageURL": "https://a.fsimg.co.nz/product/retail/fan/image/master/5007492.png",
            "productDescription": "Buy 2 for $5.00.\n\n\nContains Caffeine, Wheat Derivatives.\n\nProduct of New Zealand",
            "volume": "350mL",
            "multipack": {
                "quantity": "1"
            }
        },
        "priceData": {
            "bestPrice": 2.5,
            "price": 2.0,
            "pricePerLitre": 5.714285714285714,
            "bestPricePerLitre": 7.142857142857143,
            "multiBuy": {
                "quantity": 2.0,
                "value": 5.0,
                "perUnit": 2.5
            }
        },
        "store": {
            "id": "773ad0a0-024e-46c5-a94b-df1cf86d25cc",
            "name": "New World Albany"
        }
    },
    {
        "productData": {
            "name": "V Blue Energy Drink 500ml",
            "productId": "5020662_ea_000",
            "productShopPage": "https://www.newworld.co.nz/shop/product/5020662_ea_000nw",
            "productImageURL": "https://a.fsimg.co.nz/product/retail/fan/image/master/5020662.png",
            "productDescription": "Buy 2 for $5.00.\n\n\n\n\nProduct of New Zealand",
            "volume": "500mL",
            "multipack": {
                "quantity": "1"
            }
        },
        "priceData": {
            "bestPrice": 2.5,
            "price": 2.0,
            "pricePerLitre": 4.0,
            "bestPricePerLitre": 5.0,
            "multiBuy": {
                "quantity": 2.0,
                "value": 5.0,
                "perUnit": 2.5
            }
        },
        "store": {
            "id": "773ad0a0-024e-46c5-a94b-df1cf86d25cc",
            "name": "New World Albany"
        }
    },
    {
        "productData": {
            "name": "V Blue Guarana Energy Drink 500ml",
            "productId": "5007494_ea_000",
            "productShopPage": "https://www.newworld.co.nz/shop/product/5007494_ea_000nw",
            "productImageURL": "https://a.fsimg.co.nz/product/retail/fan/image/master/5007494.png",
            "productDescription": "Contains Wheat Derivatives, Caffeine.\n\nProduct of New Zealand",
            "volume": "500mL",
            "multipack": {
                "quantity": "1"
            }
        },
        "priceData": {
            "bestPrice": "3.49",
            "price": "3.49",
            "pricePerLitre": 7.0,
            "bestPricePerLitre": 7.0
        },
        "store": {
            "id": "773ad0a0-024e-46c5-a94b-df1cf86d25cc",
            "name": "New World Albany"
        }
    },
    {
        "productData": {
            "name": "Red Bull Energy Drink 473ml",
            "productId": "5005255_ea_000",
            "productShopPage": "https://www.newworld.co.nz/shop/product/5005255_ea_000nw",
            "productImageURL": "https://a.fsimg.co.nz/product/retail/fan/image/master/5005255.png",
            "productDescription": "Red Bull Energy Drink's special formula contains ingredients of high quality: Caffeine, Taurine, B-Group Vitamins, Sugars, Alpine Water.One 250ml can of Red Bull Energy Drinks contains 80 mg of caffeine, about the same amount as in a cup of home-brewed coffee.The amount of sugars in a can of Red Bull Energy Drink is comparable to the level of sugars in an equivalent amount of apple or orange juice – 11 g per 100ml.Red Bull cans are made of 100% recyclable aluminium.Red Bull Energy Drink 473ml canVitalizes Body and Mind.®RED BULL GIVES YOU WINGSInspired by functional drinks from the Far East, Dietrich Mateschitz founded Red Bull in the mid-1980s. He developed a new product and a unique marketing concept and launched Red Bull Energy Drink on April 1, 1987 in Austria. A brand new product category - Energy Drinks - was born.\n\nProduct of Imported",
            "volume": "473mL",
            "multipack": {
                "quantity": "1"
            }
        },
        "priceData": {
            "bestPrice": "3.59",
            "price": "3.59",
            "pricePerLitre": 7.6,
            "bestPricePerLitre": 7.6
        },
        "store": {
            "id": "773ad0a0-024e-46c5-a94b-df1cf86d25cc",
            "name": "New World Albany"
        }
    },
    {
        "productData": {
            "name": "V Original Guarana Energy Drink 250ml",
            "productId": "5003151_ea_000",
            "productShopPage": "https://www.newworld.co.nz/shop/product/5003151_ea_000nw",
            "productImageURL": "https://a.fsimg.co.nz/product/retail/fan/image/master/5003151.png",
            "productDescription": "Contains Caffeine.\n\nProduct of New Zealand",
            "volume": "250mL",
            "multipack": {
                "quantity": "1"
            }
        },
        "priceData": {
            "bestPrice": "1.99",
            "price": "1.99",
            "pricePerLitre": 8.0,
            "bestPricePerLitre": 8.0
        },
        "store": {
            "id": "773ad0a0-024e-46c5-a94b-df1cf86d25cc",
            "name": "New World Albany"
        }
    },
    {
        "productData": {
            "name": "Red Bull Energy Drink 250ml Cans 4pk",
            "productId": "5001443_ea_000",
            "productShopPage": "https://www.newworld.co.nz/shop/product/5001443_ea_000nw",
            "productImageURL": "https://a.fsimg.co.nz/product/retail/fan/image/master/5001443.png",
            "productDescription": "Red Bull Energy Drink's special formula contains ingredients of high quality: Caffeine, Taurine, B-Group Vitamins, Sugars, Alpine Water.One 250ml can of Red Bull Energy Drinks contains 80 mg of caffeine, about the same amount as in a cup of home-brewed coffee.The amount of sugars in a can of Red Bull Energy Drink is comparable to the level of sugars in an equivalent amount of apple or orange juice – 11 g per 100ml.Red Bull cans are made of 100% recyclable aluminium.Pack of four 250ml Red Bull Energy Drink cansVitalizes Body and Mind.®RED BULL GIVES YOU WINGSInspired by functional drinks from the Far East, Dietrich Mateschitz founded Red Bull in the mid-1980s. He developed a new product and a unique marketing concept and launched Red Bull Energy Drink on April 1, 1987 in Austria. A brand new product category - Energy Drinks - was born.",
            "volume": "250mL",
            "multipack": {
                "quantity": "4"
            }
        },
        "priceData": {
            "bestPrice": "8.29",
            "price": "8.29",
            "pricePerLitre": 8.299999999999999,
            "bestPricePerLitre": 8.299999999999999
        },
        "store": {
            "id": "773ad0a0-024e-46c5-a94b-df1cf86d25cc",
            "name": "New World Albany"
        }
    },
    {
        "productData": {
            "name": "Lucozade Orange Energy Drink 380ml",
            "productId": "5009239_ea_000",
            "productShopPage": "https://www.newworld.co.nz/shop/product/5009239_ea_000nw",
            "productImageURL": "https://a.fsimg.co.nz/product/retail/fan/image/master/5009239.png",
            "productDescription": "Powered by Glucose.\n\nProduct of New Zealand",
            "volume": "380mL",
            "multipack": {
                "quantity": "1"
            }
        },
        "priceData": {
            "bestPrice": "2.69",
            "price": "2.69",
            "pricePerLitre": 7.08,
            "bestPricePerLitre": 7.08
        },
        "store": {
            "id": "773ad0a0-024e-46c5-a94b-df1cf86d25cc",
            "name": "New World Albany"
        }
    },
    {
        "productData": {
            "name": "V Pure Natural Energy Drink Glass Bottle 330ml",
            "productId": "5237753_ea_000",
            "productShopPage": "https://www.newworld.co.nz/shop/product/5237753_ea_000nw",
            "productImageURL": "https://a.fsimg.co.nz/product/retail/fan/image/master/5237753.png",
            "productDescription": "Buy 2 for $5.00.\n\n\nNothing artificial\n\nProduct of New Zealand",
            "volume": "330mL",
            "multipack": {
                "quantity": "1"
            }
        },
        "priceData": {
            "bestPrice": 2.5,
            "price": 2.0,
            "pricePerLitre": 6.0606060606060606,
            "bestPricePerLitre": 7.575757575757575,
            "multiBuy": {
                "quantity": 2.0,
                "value": 5.0,
                "perUnit": 2.5
            }
        },
        "store": {
            "id": "773ad0a0-024e-46c5-a94b-df1cf86d25cc",
            "name": "New World Albany"
        }
    },
    {
        "productData": {
            "name": "Lucozade Original Energy Drink 380ml",
            "productId": "5009240_ea_000",
            "productShopPage": "https://www.newworld.co.nz/shop/product/5009240_ea_000nw",
            "productImageURL": "https://a.fsimg.co.nz/product/retail/fan/image/master/5009240.png",
            "productDescription": "Energy from Glucose.\n\nProduct of New Zealand",
            "volume": "380mL",
            "multipack": {
                "quantity": "1"
            }
        },
        "priceData": {
            "bestPrice": "2.69",
            "price": "2.69",
            "pricePerLitre": 7.08,
            "bestPricePerLitre": 7.08
        },
        "store": {
            "id": "773ad0a0-024e-46c5-a94b-df1cf86d25cc",
            "name": "New World Albany"
        }
    },
    {
        "productData": {
            "name": "V Pure Natural Energy Drink Can 250ml",
            "productId": "5237735_ea_000",
            "productShopPage": "https://www.newworld.co.nz/shop/product/5237735_ea_000nw",
            "productImageURL": "https://a.fsimg.co.nz/product/retail/fan/image/master/5237735.png",
            "productDescription": "6 natural ingredients; Nothing artificial; Apple juice - Apple and lemon juice is reconstituted; Lemon juice - Apple and lemon juice is reconstituted\n\nProduct of New Zealand",
            "volume": "250mL",
            "multipack": {
                "quantity": "1"
            }
        },
        "priceData": {
            "bestPrice": "1.99",
            "price": "1.99",
            "pricePerLitre": 8.0,
            "bestPricePerLitre": 8.0
        },
        "store": {
            "id": "773ad0a0-024e-46c5-a94b-df1cf86d25cc",
            "name": "New World Albany"
        }
    },
    {
        "productData": {
            "name": "Rockstar Original Energy Drink 500ml",
            "productId": "5215383_ea_000",
            "productShopPage": "https://www.newworld.co.nz/shop/product/5215383_ea_000nw",
            "productImageURL": "https://a.fsimg.co.nz/product/retail/fan/image/master/5215383.png",
            "productDescription": "Buy 3 for $5.00.\n\n\nCaffeine; B vitamins; Vitamin C; Taurine; Ginseng\n\nProduct of New Zealand",
            "volume": "500mL",
            "multipack": {
                "quantity": "1"
            }
        },
        "priceData": {
            "bestPrice": 1.6666666666666667,
            "price": 1.0,
            "pricePerLitre": 2.0,
            "bestPricePerLitre": 3.3333333333333335,
            "multiBuy": {
                "quantity": 3.0,
                "value": 5.0,
                "perUnit": 1.6666666666666667
            }
        },
        "store": {
            "id": "773ad0a0-024e-46c5-a94b-df1cf86d25cc",
            "name": "New World Albany"
        }
    },
    {
        "productData": {
            "name": "V Berry Twist Sugar Free Can 500ml",
            "productId": "5254654_ea_000",
            "productShopPage": "https://www.newworld.co.nz/shop/product/5254654_ea_000nw",
            "productImageURL": "https://a.fsimg.co.nz/product/retail/fan/image/master/5254654.png",
            "productDescription": "Sugarfree\n\nProduct of New Zealand",
            "volume": "500mL",
            "multipack": {
                "quantity": "1"
            }
        },
        "priceData": {
            "bestPrice": "3.49",
            "price": "3.49",
            "pricePerLitre": 7.0,
            "bestPricePerLitre": 7.0
        },
        "store": {
            "id": "773ad0a0-024e-46c5-a94b-df1cf86d25cc",
            "name": "New World Albany"
        }
    },
    {
        "productData": {
            "name": "V Raspberry Lemonade Can 500ml",
            "productId": "5264523_ea_000",
            "productShopPage": "https://www.newworld.co.nz/shop/product/5264523_ea_000nw",
            "productImageURL": "https://a.fsimg.co.nz/product/retail/fan/image/master/5264523.png",
            "productDescription": "Product of New Zealand",
            "volume": "500mL",
            "multipack": {
                "quantity": "1"
            }
        },
        "priceData": {
            "bestPrice": "3.49",
            "price": "3.49",
            "pricePerLitre": 7.0,
            "bestPricePerLitre": 7.0
        },
        "store": {
            "id": "773ad0a0-024e-46c5-a94b-df1cf86d25cc",
            "name": "New World Albany"
        }
    },
    {
        "productData": {
            "name": "Monster Mango Loco Energy Drink 500ml",
            "productId": "5242374_ea_000",
            "productShopPage": "https://www.newworld.co.nz/shop/product/5242374_ea_000nw",
            "productImageURL": "https://a.fsimg.co.nz/product/retail/fan/image/master/5242374.png",
            "productDescription": "Product of Imported",
            "volume": "500mL",
            "multipack": {
                "quantity": "1"
            }
        },
        "priceData": {
            "bestPrice": "2.99",
            "price": "2.99",
            "pricePerLitre": 6.0,
            "bestPricePerLitre": 6.0
        },
        "store": {
            "id": "773ad0a0-024e-46c5-a94b-df1cf86d25cc",
            "name": "New World Albany"
        }
    },
    {
        "productData": {
            "name": "Monster Ultra Paradise Energy Drink 500ml",
            "productId": "5261257_ea_000",
            "productShopPage": "https://www.newworld.co.nz/shop/product/5261257_ea_000nw",
            "productImageURL": "https://a.fsimg.co.nz/product/retail/fan/image/master/5261257.png",
            "productDescription": "Product of Imported",
            "volume": "500mL",
            "multipack": {
                "quantity": "1"
            }
        },
        "priceData": {
            "bestPrice": "2.99",
            "price": "2.99",
            "pricePerLitre": 6.0,
            "bestPricePerLitre": 6.0
        },
        "store": {
            "id": "773ad0a0-024e-46c5-a94b-df1cf86d25cc",
            "name": "New World Albany"
        }
    },
    {
        "productData": {
            "name": "Monster Ultra Zero Drink 500ml",
            "productId": "5090618_ea_000",
            "productShopPage": "https://www.newworld.co.nz/shop/product/5090618_ea_000nw",
            "productImageURL": "https://a.fsimg.co.nz/product/retail/fan/image/master/5090618.png",
            "productDescription": "A little less sweet, lighter-tasting, zero calories, but with a full load of our Monster energy blend. Sure, white is the new black. Monster Energy Zero Ultra. Unleash the Ultra Beast!\n\nProduct of Imported",
            "volume": "500mL",
            "multipack": {
                "quantity": "1"
            }
        },
        "priceData": {
            "bestPrice": "2.99",
            "price": "2.99",
            "pricePerLitre": 6.0,
            "bestPricePerLitre": 6.0
        },
        "store": {
            "id": "773ad0a0-024e-46c5-a94b-df1cf86d25cc",
            "name": "New World Albany"
        }
    },
    {
        "productData": {
            "name": "Monster Super Fuel Zero Sugar Energy Drink 550ml",
            "productId": "5284331_ea_000",
            "productShopPage": "https://www.newworld.co.nz/shop/product/5284331_ea_000nw",
            "productImageURL": "https://a.fsimg.co.nz/product/retail/fan/image/master/5284331.png",
            "productDescription": "Product of Imported",
            "volume": "550mL",
            "multipack": {
                "quantity": "1"
            }
        },
        "priceData": {
            "bestPrice": "3.49",
            "price": "3.49",
            "pricePerLitre": 6.345454545454546,
            "bestPricePerLitre": 6.345454545454546
        },
        "store": {
            "id": "773ad0a0-024e-46c5-a94b-df1cf86d25cc",
            "name": "New World Albany"
        }
    },
    {
        "productData": {
            "name": "Mother Energy Drink Can 500ml",
            "productId": "5011153_ea_000",
            "productShopPage": "https://www.newworld.co.nz/shop/product/5011153_ea_000nw",
            "productImageURL": "https://a.fsimg.co.nz/product/retail/fan/image/master/5011153.png",
            "productDescription": "Contains Caffeine.\n\nProduct of New Zealand",
            "volume": "500mL",
            "multipack": {
                "quantity": "1"
            }
        },
        "priceData": {
            "bestPrice": "1.99",
            "price": "1.99",
            "pricePerLitre": 4.0,
            "bestPricePerLitre": 4.0
        },
        "store": {
            "id": "773ad0a0-024e-46c5-a94b-df1cf86d25cc",
            "name": "New World Albany"
        }
    },
    {
        "productData": {
            "name": "Monster Super Fuel Purple Passion Energy Drink 550ml",
            "productId": "5284332_ea_000",
            "productShopPage": "https://www.newworld.co.nz/shop/product/5284332_ea_000nw",
            "productImageURL": "https://a.fsimg.co.nz/product/retail/fan/image/master/5284332.png",
            "productDescription": "Product of Imported",
            "volume": "550mL",
            "multipack": {
                "quantity": "1"
            }
        },
        "priceData": {
            "bestPrice": "3.49",
            "price": "3.49",
            "pricePerLitre": 6.345454545454546,
            "bestPricePerLitre": 6.345454545454546
        },
        "store": {
            "id": "773ad0a0-024e-46c5-a94b-df1cf86d25cc",
            "name": "New World Albany"
        }
    },
    {
        "productData": {
            "name": "Mother Energy Drink Can 6pk",
            "productId": "5009490_ea_000",
            "productShopPage": "https://www.newworld.co.nz/shop/product/5009490_ea_000nw",
            "productImageURL": "https://a.fsimg.co.nz/product/retail/fan/image/master/5009490.png",
            "productDescription": "Contains Caffeine.\n\nProduct of New Zealand",
            "volume": "250mL",
            "multipack": {
                "quantity": "6"
            }
        },
        "priceData": {
            "bestPrice": "7.49",
            "price": "7.49",
            "pricePerLitre": 5.0,
            "bestPricePerLitre": 5.0
        },
        "store": {
            "id": "773ad0a0-024e-46c5-a94b-df1cf86d25cc",
            "name": "New World Albany"
        }
    },
    {
        "productData": {
            "name": "Monster Pipeline Punch Energy Drink 500ml",
            "productId": "5242373_ea_000",
            "productShopPage": "https://www.newworld.co.nz/shop/product/5242373_ea_000nw",
            "productImageURL": "https://a.fsimg.co.nz/product/retail/fan/image/master/5242373.png",
            "productDescription": "Product of Imported",
            "volume": "500mL",
            "multipack": {
                "quantity": "1"
            }
        },
        "priceData": {
            "bestPrice": "2.99",
            "price": "2.99",
            "pricePerLitre": 6.0,
            "bestPricePerLitre": 6.0
        },
        "store": {
            "id": "773ad0a0-024e-46c5-a94b-df1cf86d25cc",
            "name": "New World Albany"
        }
    },
    {
        "productData": {
            "name": "Monster Energy Drink 500ml",
            "productId": "5007647_ea_000",
            "productShopPage": "https://www.newworld.co.nz/shop/product/5007647_ea_000nw",
            "productImageURL": "https://a.fsimg.co.nz/product/retail/fan/image/master/5007647.png",
            "productDescription": "Contains Caffeine.\n\nProduct of Imported",
            "volume": "500mL",
            "multipack": {
                "quantity": "1"
            }
        },
        "priceData": {
            "bestPrice": "2.99",
            "price": "2.99",
            "pricePerLitre": 6.0,
            "bestPricePerLitre": 6.0
        },
        "store": {
            "id": "773ad0a0-024e-46c5-a94b-df1cf86d25cc",
            "name": "New World Albany"
        }
    },
    {
        "productData": {
            "name": "Monster Energy Drink 4pk",
            "productId": "5107264_ea_000",
            "productShopPage": "https://www.newworld.co.nz/shop/product/5107264_ea_000nw",
            "productImageURL": "https://a.fsimg.co.nz/product/retail/fan/image/master/5107264.png",
            "productDescription": "Product of Imported",
            "volume": "",
            "multipack": {
                "quantity": ""
            }
        },
        "priceData": {
            "bestPrice": "11.99",
            "price": "11.99",
            "pricePerLitre": 6.0,
            "bestPricePerLitre": 6.0
        },
        "store": {
            "id": "773ad0a0-024e-46c5-a94b-df1cf86d25cc",
            "name": "New World Albany"
        }
    },
    {
        "productData": {
            "name": "V Original Guarana Energy Drink 500ml",
            "productId": "5007441_ea_000",
            "productShopPage": "https://www.newworld.co.nz/shop/product/5007441_ea_000nw",
            "productImageURL": "https://a.fsimg.co.nz/product/retail/fan/image/master/5007441.png",
            "productDescription": "Buy 2 for $5.00.\n\n\nContains Wheat Derivatives, Caffeine.\n\nProduct of New Zealand",
            "volume": "500mL",
            "multipack": {
                "quantity": "1"
            }
        },
        "priceData": {
            "bestPrice": 2.5,
            "price": 2.0,
            "pricePerLitre": 4.0,
            "bestPricePerLitre": 5.0,
            "multiBuy": {
                "quantity": 2.0,
                "value": 5.0,
                "perUnit": 2.5
            }
        },
        "store": {
            "id": "773ad0a0-024e-46c5-a94b-df1cf86d25cc",
            "name": "New World Albany"
        }
    },
    {
        "productData": {
            "name": "V Blue Guarana Energy Drink 10pk",
            "productId": "5290181_ea_000",
            "productShopPage": "https://www.newworld.co.nz/shop/product/5290181_ea_000nw",
            "productImageURL": "https://a.fsimg.co.nz/product/retail/fan/image/master/5290181.png",
            "productDescription": "Product of New Zealand",
            "volume": "250mL",
            "multipack": {
                "quantity": "10"
            }
        },
        "priceData": {
            "bestPrice": "17.99",
            "price": "17.99",
            "pricePerLitre": 7.2,
            "bestPricePerLitre": 7.2
        },
        "store": {
            "id": "0f82d3fe-acd0-4e98-b3e7-fbabbf8b8ef5",
            "name": "New World Orewa"
        }
    },
    {
        "productData": {
            "name": "V Blue Guarana Energy Drink 250ml",
            "productId": "5007495_ea_000",
            "productShopPage": "https://www.newworld.co.nz/shop/product/5007495_ea_000nw",
            "productImageURL": "https://a.fsimg.co.nz/product/retail/fan/image/master/5007495.png",
            "productDescription": "Contains Caffeine, Wheat Derivatives.\n\nProduct of New Zealand",
            "volume": "250mL",
            "multipack": {
                "quantity": "1"
            }
        },
        "priceData": {
            "bestPrice": "1.99",
            "price": "1.99",
            "pricePerLitre": 8.0,
            "bestPricePerLitre": 8.0
        },
        "store": {
            "id": "0f82d3fe-acd0-4e98-b3e7-fbabbf8b8ef5",
            "name": "New World Orewa"
        }
    },
    {
        "productData": {
            "name": "V Sugarfree Blue Guarana Energy Drink 4pk",
            "productId": "5289891_ea_000",
            "productShopPage": "https://www.newworld.co.nz/shop/product/5289891_ea_000nw",
            "productImageURL": "https://a.fsimg.co.nz/product/retail/fan/image/master/5289891.png",
            "productDescription": "Limit 12 assorted.\n\n\n\n\nProduct of New Zealand",
            "volume": "250mL",
            "multipack": {
                "quantity": "4"
            }
        },
        "priceData": {
            "bestPrice": "5.99",
            "price": "5.99",
            "pricePerLitre": 5.99,
            "bestPricePerLitre": 5.99
        },
        "store": {
            "id": "0f82d3fe-acd0-4e98-b3e7-fbabbf8b8ef5",
            "name": "New World Orewa"
        }
    },
    {
        "productData": {
            "name": "V Sugarfree Guarana Energy Drink 250ml",
            "productId": "5001639_ea_000",
            "productShopPage": "https://www.newworld.co.nz/shop/product/5001639_ea_000nw",
            "productImageURL": "https://a.fsimg.co.nz/product/retail/fan/image/master/5001639.png",
            "productDescription": "Sugar Free. Contains Caffeine.\n\nProduct of New Zealand",
            "volume": "250mL",
            "multipack": {
                "quantity": "1"
            }
        },
        "priceData": {
            "bestPrice": "1.99",
            "price": "1.99",
            "pricePerLitre": 8.0,
            "bestPricePerLitre": 8.0
        },
        "store": {
            "id": "0f82d3fe-acd0-4e98-b3e7-fbabbf8b8ef5",
            "name": "New World Orewa"
        }
    },
    {
        "productData": {
            "name": "V Sugarfree Guarana Energy Drink 10pk",
            "productId": "5289890_ea_000",
            "productShopPage": "https://www.newworld.co.nz/shop/product/5289890_ea_000nw",
            "productImageURL": "https://a.fsimg.co.nz/product/retail/fan/image/master/5289890.png",
            "productDescription": "Product of New Zealand",
            "volume": "",
            "multipack": {
                "quantity": ""
            }
        },
        "priceData": {
            "bestPrice": "17.99",
            "price": "17.99",
            "pricePerLitre": 72.0,
            "bestPricePerLitre": 72.0
        },
        "store": {
            "id": "0f82d3fe-acd0-4e98-b3e7-fbabbf8b8ef5",
            "name": "New World Orewa"
        }
    },
    {
        "productData": {
            "name": "V Green Guarana Energy Drink 6pk",
            "productId": "5272987_ea_000",
            "productShopPage": "https://www.newworld.co.nz/shop/product/5272987_ea_000nw",
            "productImageURL": "https://a.fsimg.co.nz/product/retail/fan/image/master/5272987.png",
            "productDescription": "Product of New Zealand",
            "volume": "330mL",
            "multipack": {
                "quantity": "6"
            }
        },
        "priceData": {
            "bestPrice": "11.99",
            "price": "11.99",
            "pricePerLitre": 6.05,
            "bestPricePerLitre": 6.05
        },
        "store": {
            "id": "0f82d3fe-acd0-4e98-b3e7-fbabbf8b8ef5",
            "name": "New World Orewa"
        }
    },
    {
        "productData": {
            "name": "Live Plus Persist Energy Drink 250ml",
            "productId": "5236678_ea_000",
            "productShopPage": "https://www.newworld.co.nz/shop/product/5236678_ea_000nw",
            "productImageURL": "https://a.fsimg.co.nz/product/retail/fan/image/master/5236678.png",
            "productDescription": "Limit 12 assorted.\n\n\n\n\nProduct of New Zealand",
            "volume": "",
            "multipack": {
                "quantity": ""
            }
        },
        "priceData": {
            "bestPrice": "0.99",
            "price": "0.99"
        },
        "store": {
            "id": "0f82d3fe-acd0-4e98-b3e7-fbabbf8b8ef5",
            "name": "New World Orewa"
        }
    },
    {
        "productData": {
            "name": "V Green Guarana Energy Drink 10pk",
            "productId": "5289889_ea_000",
            "productShopPage": "https://www.newworld.co.nz/shop/product/5289889_ea_000nw",
            "productImageURL": "https://a.fsimg.co.nz/product/retail/fan/image/master/5289889.png",
            "productDescription": "Product of New Zealand",
            "volume": "250mL",
            "multipack": {
                "quantity": "10"
            }
        },
        "priceData": {
            "bestPrice": "17.99",
            "price": "17.99",
            "pricePerLitre": 7.2,
            "bestPricePerLitre": 7.2
        },
        "store": {
            "id": "0f82d3fe-acd0-4e98-b3e7-fbabbf8b8ef5",
            "name": "New World Orewa"
        }
    },
    {
        "productData": {
            "name": "V Sugarfree Blue Guarana Energy Drink 500ml",
            "productId": "5283362_ea_000",
            "productShopPage": "https://www.newworld.co.nz/shop/product/5283362_ea_000nw",
            "productImageURL": "https://a.fsimg.co.nz/product/retail/fan/image/master/5283362.png",
            "productDescription": "Sugar free\n\nProduct of New Zealand",
            "volume": "500mL",
            "multipack": {
                "quantity": "1"
            }
        },
        "priceData": {
            "bestPrice": "3.49",
            "price": "3.49",
            "pricePerLitre": 7.0,
            "bestPricePerLitre": 7.0
        },
        "store": {
            "id": "0f82d3fe-acd0-4e98-b3e7-fbabbf8b8ef5",
            "name": "New World Orewa"
        }
    },
    {
        "productData": {
            "name": "V Original Guarana Energy Drink 350ml",
            "productId": "5003156_ea_000",
            "productShopPage": "https://www.newworld.co.nz/shop/product/5003156_ea_000nw",
            "productImageURL": "https://a.fsimg.co.nz/product/retail/fan/image/master/5003156.png",
            "productDescription": "Buy 2 for $5.00.\n\n\nContains Caffeine.\n\nProduct of New Zealand",
            "volume": "350mL",
            "multipack": {
                "quantity": "1"
            }
        },
        "priceData": {
            "bestPrice": 2.5,
            "price": 2.0,
            "pricePerLitre": 5.714285714285714,
            "bestPricePerLitre": 7.142857142857143,
            "multiBuy": {
                "quantity": 2.0,
                "value": 5.0,
                "perUnit": 2.5
            }
        },
        "store": {
            "id": "0f82d3fe-acd0-4e98-b3e7-fbabbf8b8ef5",
            "name": "New World Orewa"
        }
    },
    {
        "productData": {
            "name": "V Blue Guarana Energy Drink 4pk",
            "productId": "5210055_ea_000",
            "productShopPage": "https://www.newworld.co.nz/shop/product/5210055_ea_000nw",
            "productImageURL": "https://a.fsimg.co.nz/product/retail/fan/image/master/5210055.png",
            "productDescription": "Product of New Zealand",
            "volume": "275mL",
            "multipack": {
                "quantity": "4"
            }
        },
        "priceData": {
            "bestPrice": "5.99",
            "price": "5.99",
            "pricePerLitre": 5.4,
            "bestPricePerLitre": 5.4
        },
        "store": {
            "id": "0f82d3fe-acd0-4e98-b3e7-fbabbf8b8ef5",
            "name": "New World Orewa"
        }
    },
    {
        "productData": {
            "name": "V Blue Guarana Energy Drink 350ml",
            "productId": "5007492_ea_000",
            "productShopPage": "https://www.newworld.co.nz/shop/product/5007492_ea_000nw",
            "productImageURL": "https://a.fsimg.co.nz/product/retail/fan/image/master/5007492.png",
            "productDescription": "Buy 2 for $5.00.\n\n\nContains Caffeine, Wheat Derivatives.\n\nProduct of New Zealand",
            "volume": "350mL",
            "multipack": {
                "quantity": "1"
            }
        },
        "priceData": {
            "bestPrice": 2.5,
            "price": 2.0,
            "pricePerLitre": 5.714285714285714,
            "bestPricePerLitre": 7.142857142857143,
            "multiBuy": {
                "quantity": 2.0,
                "value": 5.0,
                "perUnit": 2.5
            }
        },
        "store": {
            "id": "0f82d3fe-acd0-4e98-b3e7-fbabbf8b8ef5",
            "name": "New World Orewa"
        }
    },
    {
        "productData": {
            "name": "V Blue Energy Drink 500ml",
            "productId": "5020662_ea_000",
            "productShopPage": "https://www.newworld.co.nz/shop/product/5020662_ea_000nw",
            "productImageURL": "https://a.fsimg.co.nz/product/retail/fan/image/master/5020662.png",
            "productDescription": "Buy 2 for $5.00.\n\n\n\n\nProduct of New Zealand",
            "volume": "500mL",
            "multipack": {
                "quantity": "1"
            }
        },
        "priceData": {
            "bestPrice": 2.5,
            "price": 2.0,
            "pricePerLitre": 4.0,
            "bestPricePerLitre": 5.0,
            "multiBuy": {
                "quantity": 2.0,
                "value": 5.0,
                "perUnit": 2.5
            }
        },
        "store": {
            "id": "0f82d3fe-acd0-4e98-b3e7-fbabbf8b8ef5",
            "name": "New World Orewa"
        }
    },
    {
        "productData": {
            "name": "V Blue Guarana Energy Drink 500ml",
            "productId": "5007494_ea_000",
            "productShopPage": "https://www.newworld.co.nz/shop/product/5007494_ea_000nw",
            "productImageURL": "https://a.fsimg.co.nz/product/retail/fan/image/master/5007494.png",
            "productDescription": "Contains Wheat Derivatives, Caffeine.\n\nProduct of New Zealand",
            "volume": "500mL",
            "multipack": {
                "quantity": "1"
            }
        },
        "priceData": {
            "bestPrice": "3.49",
            "price": "3.49",
            "pricePerLitre": 7.0,
            "bestPricePerLitre": 7.0
        },
        "store": {
            "id": "0f82d3fe-acd0-4e98-b3e7-fbabbf8b8ef5",
            "name": "New World Orewa"
        }
    },
    {
        "productData": {
            "name": "Red Bull Energy Drink 473ml",
            "productId": "5005255_ea_000",
            "productShopPage": "https://www.newworld.co.nz/shop/product/5005255_ea_000nw",
            "productImageURL": "https://a.fsimg.co.nz/product/retail/fan/image/master/5005255.png",
            "productDescription": "Red Bull Energy Drink's special formula contains ingredients of high quality: Caffeine, Taurine, B-Group Vitamins, Sugars, Alpine Water.One 250ml can of Red Bull Energy Drinks contains 80 mg of caffeine, about the same amount as in a cup of home-brewed coffee.The amount of sugars in a can of Red Bull Energy Drink is comparable to the level of sugars in an equivalent amount of apple or orange juice – 11 g per 100ml.Red Bull cans are made of 100% recyclable aluminium.Red Bull Energy Drink 473ml canVitalizes Body and Mind.®RED BULL GIVES YOU WINGSInspired by functional drinks from the Far East, Dietrich Mateschitz founded Red Bull in the mid-1980s. He developed a new product and a unique marketing concept and launched Red Bull Energy Drink on April 1, 1987 in Austria. A brand new product category - Energy Drinks - was born.\n\nProduct of Imported",
            "volume": "473mL",
            "multipack": {
                "quantity": "1"
            }
        },
        "priceData": {
            "bestPrice": "3.59",
            "price": "3.59",
            "pricePerLitre": 7.6,
            "bestPricePerLitre": 7.6
        },
        "store": {
            "id": "0f82d3fe-acd0-4e98-b3e7-fbabbf8b8ef5",
            "name": "New World Orewa"
        }
    },
    {
        "productData": {
            "name": "V Original Guarana Energy Drink 250ml",
            "productId": "5003151_ea_000",
            "productShopPage": "https://www.newworld.co.nz/shop/product/5003151_ea_000nw",
            "productImageURL": "https://a.fsimg.co.nz/product/retail/fan/image/master/5003151.png",
            "productDescription": "Contains Caffeine.\n\nProduct of New Zealand",
            "volume": "250mL",
            "multipack": {
                "quantity": "1"
            }
        },
        "priceData": {
            "bestPrice": "1.99",
            "price": "1.99",
            "pricePerLitre": 8.0,
            "bestPricePerLitre": 8.0
        },
        "store": {
            "id": "0f82d3fe-acd0-4e98-b3e7-fbabbf8b8ef5",
            "name": "New World Orewa"
        }
    },
    {
        "productData": {
            "name": "Red Bull Energy Drink 250ml Cans 4pk",
            "productId": "5001443_ea_000",
            "productShopPage": "https://www.newworld.co.nz/shop/product/5001443_ea_000nw",
            "productImageURL": "https://a.fsimg.co.nz/product/retail/fan/image/master/5001443.png",
            "productDescription": "Red Bull Energy Drink's special formula contains ingredients of high quality: Caffeine, Taurine, B-Group Vitamins, Sugars, Alpine Water.One 250ml can of Red Bull Energy Drinks contains 80 mg of caffeine, about the same amount as in a cup of home-brewed coffee.The amount of sugars in a can of Red Bull Energy Drink is comparable to the level of sugars in an equivalent amount of apple or orange juice – 11 g per 100ml.Red Bull cans are made of 100% recyclable aluminium.Pack of four 250ml Red Bull Energy Drink cansVitalizes Body and Mind.®RED BULL GIVES YOU WINGSInspired by functional drinks from the Far East, Dietrich Mateschitz founded Red Bull in the mid-1980s. He developed a new product and a unique marketing concept and launched Red Bull Energy Drink on April 1, 1987 in Austria. A brand new product category - Energy Drinks - was born.",
            "volume": "250mL",
            "multipack": {
                "quantity": "4"
            }
        },
        "priceData": {
            "bestPrice": "8.29",
            "price": "8.29",
            "pricePerLitre": 8.299999999999999,
            "bestPricePerLitre": 8.299999999999999
        },
        "store": {
            "id": "0f82d3fe-acd0-4e98-b3e7-fbabbf8b8ef5",
            "name": "New World Orewa"
        }
    },
    {
        "productData": {
            "name": "Lucozade Orange Energy Drink 380ml",
            "productId": "5009239_ea_000",
            "productShopPage": "https://www.newworld.co.nz/shop/product/5009239_ea_000nw",
            "productImageURL": "https://a.fsimg.co.nz/product/retail/fan/image/master/5009239.png",
            "productDescription": "Powered by Glucose.\n\nProduct of New Zealand",
            "volume": "380mL",
            "multipack": {
                "quantity": "1"
            }
        },
        "priceData": {
            "bestPrice": "2.69",
            "price": "2.69",
            "pricePerLitre": 7.08,
            "bestPricePerLitre": 7.08
        },
        "store": {
            "id": "0f82d3fe-acd0-4e98-b3e7-fbabbf8b8ef5",
            "name": "New World Orewa"
        }
    },
    {
        "productData": {
            "name": "V Pure Natural Energy Drink Glass Bottle 330ml",
            "productId": "5237753_ea_000",
            "productShopPage": "https://www.newworld.co.nz/shop/product/5237753_ea_000nw",
            "productImageURL": "https://a.fsimg.co.nz/product/retail/fan/image/master/5237753.png",
            "productDescription": "Buy 2 for $5.00.\n\n\nNothing artificial\n\nProduct of New Zealand",
            "volume": "330mL",
            "multipack": {
                "quantity": "1"
            }
        },
        "priceData": {
            "bestPrice": 2.5,
            "price": 2.0,
            "pricePerLitre": 6.0606060606060606,
            "bestPricePerLitre": 7.575757575757575,
            "multiBuy": {
                "quantity": 2.0,
                "value": 5.0,
                "perUnit": 2.5
            }
        },
        "store": {
            "id": "0f82d3fe-acd0-4e98-b3e7-fbabbf8b8ef5",
            "name": "New World Orewa"
        }
    },
    {
        "productData": {
            "name": "Lucozade Original Energy Drink 380ml",
            "productId": "5009240_ea_000",
            "productShopPage": "https://www.newworld.co.nz/shop/product/5009240_ea_000nw",
            "productImageURL": "https://a.fsimg.co.nz/product/retail/fan/image/master/5009240.png",
            "productDescription": "Energy from Glucose.\n\nProduct of New Zealand",
            "volume": "380mL",
            "multipack": {
                "quantity": "1"
            }
        },
        "priceData": {
            "bestPrice": "2.69",
            "price": "2.69",
            "pricePerLitre": 7.08,
            "bestPricePerLitre": 7.08
        },
        "store": {
            "id": "0f82d3fe-acd0-4e98-b3e7-fbabbf8b8ef5",
            "name": "New World Orewa"
        }
    },
    {
        "productData": {
            "name": "V Raspberry Lemonade Guarana Energy Drink 4pk",
            "productId": "5289907_ea_000",
            "productShopPage": "https://www.newworld.co.nz/shop/product/5289907_ea_000nw",
            "productImageURL": "https://a.fsimg.co.nz/product/retail/fan/image/master/5289907.png",
            "productDescription": "Limit 12 assorted.\n\n\n\n\nProduct of New Zealand",
            "volume": "250mL",
            "multipack": {
                "quantity": "4"
            }
        },
        "priceData": {
            "bestPrice": "5.99",
            "price": "5.99",
            "pricePerLitre": 5.99,
            "bestPricePerLitre": 5.99
        },
        "store": {
            "id": "0f82d3fe-acd0-4e98-b3e7-fbabbf8b8ef5",
            "name": "New World Orewa"
        }
    },
    {
        "productData": {
            "name": "V Blue Can 4pk",
            "productId": "5030249_ea_000",
            "productShopPage": "https://www.newworld.co.nz/shop/product/5030249_ea_000nw",
            "productImageURL": "https://a.fsimg.co.nz/product/retail/fan/image/master/5030249.png",
            "productDescription": "Limit 12 assorted.\n\n\nContains Wheat Derivatives, Caffeine.\n\nProduct of New Zealand",
            "volume": "250mL",
            "multipack": {
                "quantity": "4"
            }
        },
        "priceData": {
            "bestPrice": "5.99",
            "price": "5.99",
            "pricePerLitre": 5.99,
            "bestPricePerLitre": 5.99
        },
        "store": {
            "id": "0f82d3fe-acd0-4e98-b3e7-fbabbf8b8ef5",
            "name": "New World Orewa"
        }
    },
    {
        "productData": {
            "name": "V Energy Drink Sugarfree Cans 4pk",
            "productId": "5004117_ea_000",
            "productShopPage": "https://www.newworld.co.nz/shop/product/5004117_ea_000nw",
            "productImageURL": "https://a.fsimg.co.nz/product/retail/fan/image/master/5004117.png",
            "productDescription": "Limit 12 assorted.\n\n\nSugar Free. Contains Caffeine.\n\nProduct of New Zealand",
            "volume": "250mL",
            "multipack": {
                "quantity": "4"
            }
        },
        "priceData": {
            "bestPrice": "5.99",
            "price": "5.99",
            "pricePerLitre": 5.99,
            "bestPricePerLitre": 5.99
        },
        "store": {
            "id": "0f82d3fe-acd0-4e98-b3e7-fbabbf8b8ef5",
            "name": "New World Orewa"
        }
    },
    {
        "productData": {
            "name": "Monster Mango Loco Energy Drink 500ml",
            "productId": "5242374_ea_000",
            "productShopPage": "https://www.newworld.co.nz/shop/product/5242374_ea_000nw",
            "productImageURL": "https://a.fsimg.co.nz/product/retail/fan/image/master/5242374.png",
            "productDescription": "Product of Imported",
            "volume": "500mL",
            "multipack": {
                "quantity": "1"
            }
        },
        "priceData": {
            "bestPrice": "2.99",
            "price": "2.99",
            "pricePerLitre": 6.0,
            "bestPricePerLitre": 6.0
        },
        "store": {
            "id": "0f82d3fe-acd0-4e98-b3e7-fbabbf8b8ef5",
            "name": "New World Orewa"
        }
    },
    {
        "productData": {
            "name": "Monster Zero Sugar Ultra Rosa Energy Drink 500ml",
            "productId": "5278094_ea_000",
            "productShopPage": "https://www.newworld.co.nz/shop/product/5278094_ea_000nw",
            "productImageURL": "https://a.fsimg.co.nz/product/retail/fan/image/master/5278094.png",
            "productDescription": "Product of Imported",
            "volume": "500mL",
            "multipack": {
                "quantity": "1"
            }
        },
        "priceData": {
            "bestPrice": "2.99",
            "price": "2.99",
            "pricePerLitre": 6.0,
            "bestPricePerLitre": 6.0
        },
        "store": {
            "id": "0f82d3fe-acd0-4e98-b3e7-fbabbf8b8ef5",
            "name": "New World Orewa"
        }
    },
    {
        "productData": {
            "name": "Monster Ultra Paradise Energy Drink 500ml",
            "productId": "5261257_ea_000",
            "productShopPage": "https://www.newworld.co.nz/shop/product/5261257_ea_000nw",
            "productImageURL": "https://a.fsimg.co.nz/product/retail/fan/image/master/5261257.png",
            "productDescription": "Product of Imported",
            "volume": "500mL",
            "multipack": {
                "quantity": "1"
            }
        },
        "priceData": {
            "bestPrice": "2.99",
            "price": "2.99",
            "pricePerLitre": 6.0,
            "bestPricePerLitre": 6.0
        },
        "store": {
            "id": "0f82d3fe-acd0-4e98-b3e7-fbabbf8b8ef5",
            "name": "New World Orewa"
        }
    },
    {
        "productData": {
            "name": "V Energy Drink Green Cans 4pk",
            "productId": "5002893_ea_000",
            "productShopPage": "https://www.newworld.co.nz/shop/product/5002893_ea_000nw",
            "productImageURL": "https://a.fsimg.co.nz/product/retail/fan/image/master/5002893.png",
            "productDescription": "Limit 12 assorted.\n\n\nContains Caffeine.\n\nProduct of New Zealand",
            "volume": "250mL",
            "multipack": {
                "quantity": "4"
            }
        },
        "priceData": {
            "bestPrice": "5.99",
            "price": "5.99",
            "pricePerLitre": 5.99,
            "bestPricePerLitre": 5.99
        },
        "store": {
            "id": "0f82d3fe-acd0-4e98-b3e7-fbabbf8b8ef5",
            "name": "New World Orewa"
        }
    },
    {
        "productData": {
            "name": "Monster Ultra Zero Drink 500ml",
            "productId": "5090618_ea_000",
            "productShopPage": "https://www.newworld.co.nz/shop/product/5090618_ea_000nw",
            "productImageURL": "https://a.fsimg.co.nz/product/retail/fan/image/master/5090618.png",
            "productDescription": "A little less sweet, lighter-tasting, zero calories, but with a full load of our Monster energy blend. Sure, white is the new black. Monster Energy Zero Ultra. Unleash the Ultra Beast!\n\nProduct of Imported",
            "volume": "500mL",
            "multipack": {
                "quantity": "1"
            }
        },
        "priceData": {
            "bestPrice": "2.99",
            "price": "2.99",
            "pricePerLitre": 6.0,
            "bestPricePerLitre": 6.0
        },
        "store": {
            "id": "0f82d3fe-acd0-4e98-b3e7-fbabbf8b8ef5",
            "name": "New World Orewa"
        }
    },
    {
        "productData": {
            "name": "Monster Super Fuel Zero Sugar Energy Drink 550ml",
            "productId": "5284331_ea_000",
            "productShopPage": "https://www.newworld.co.nz/shop/product/5284331_ea_000nw",
            "productImageURL": "https://a.fsimg.co.nz/product/retail/fan/image/master/5284331.png",
            "productDescription": "Product of Imported",
            "volume": "550mL",
            "multipack": {
                "quantity": "1"
            }
        },
        "priceData": {
            "bestPrice": "3.49",
            "price": "3.49",
            "pricePerLitre": 6.345454545454546,
            "bestPricePerLitre": 6.345454545454546
        },
        "store": {
            "id": "0f82d3fe-acd0-4e98-b3e7-fbabbf8b8ef5",
            "name": "New World Orewa"
        }
    },
    {
        "productData": {
            "name": "Mother Energy Drink Can 500ml",
            "productId": "5011153_ea_000",
            "productShopPage": "https://www.newworld.co.nz/shop/product/5011153_ea_000nw",
            "productImageURL": "https://a.fsimg.co.nz/product/retail/fan/image/master/5011153.png",
            "productDescription": "Contains Caffeine.\n\nProduct of New Zealand",
            "volume": "500mL",
            "multipack": {
                "quantity": "1"
            }
        },
        "priceData": {
            "bestPrice": "1.99",
            "price": "1.99",
            "pricePerLitre": 4.0,
            "bestPricePerLitre": 4.0
        },
        "store": {
            "id": "0f82d3fe-acd0-4e98-b3e7-fbabbf8b8ef5",
            "name": "New World Orewa"
        }
    },
    {
        "productData": {
            "name": "Monster Super Fuel Purple Passion Energy Drink 550ml",
            "productId": "5284332_ea_000",
            "productShopPage": "https://www.newworld.co.nz/shop/product/5284332_ea_000nw",
            "productImageURL": "https://a.fsimg.co.nz/product/retail/fan/image/master/5284332.png",
            "productDescription": "Product of Imported",
            "volume": "550mL",
            "multipack": {
                "quantity": "1"
            }
        },
        "priceData": {
            "bestPrice": "3.49",
            "price": "3.49",
            "pricePerLitre": 6.345454545454546,
            "bestPricePerLitre": 6.345454545454546
        },
        "store": {
            "id": "0f82d3fe-acd0-4e98-b3e7-fbabbf8b8ef5",
            "name": "New World Orewa"
        }
    },
    {
        "productData": {
            "name": "Monster Pipeline Punch Energy Drink 500ml",
            "productId": "5242373_ea_000",
            "productShopPage": "https://www.newworld.co.nz/shop/product/5242373_ea_000nw",
            "productImageURL": "https://a.fsimg.co.nz/product/retail/fan/image/master/5242373.png",
            "productDescription": "Product of Imported",
            "volume": "500mL",
            "multipack": {
                "quantity": "1"
            }
        },
        "priceData": {
            "bestPrice": "2.99",
            "price": "2.99",
            "pricePerLitre": 6.0,
            "bestPricePerLitre": 6.0
        },
        "store": {
            "id": "0f82d3fe-acd0-4e98-b3e7-fbabbf8b8ef5",
            "name": "New World Orewa"
        }
    },
    {
        "productData": {
            "name": "Monster Energy Drink 500ml",
            "productId": "5007647_ea_000",
            "productShopPage": "https://www.newworld.co.nz/shop/product/5007647_ea_000nw",
            "productImageURL": "https://a.fsimg.co.nz/product/retail/fan/image/master/5007647.png",
            "productDescription": "Contains Caffeine.\n\nProduct of Imported",
            "volume": "500mL",
            "multipack": {
                "quantity": "1"
            }
        },
        "priceData": {
            "bestPrice": "2.99",
            "price": "2.99",
            "pricePerLitre": 6.0,
            "bestPricePerLitre": 6.0
        },
        "store": {
            "id": "0f82d3fe-acd0-4e98-b3e7-fbabbf8b8ef5",
            "name": "New World Orewa"
        }
    },
    {
        "productData": {
            "name": "V Sugarfree Guarana Energy Drink 500ml",
            "productId": "5007644_ea_000",
            "productShopPage": "https://www.newworld.co.nz/shop/product/5007644_ea_000nw",
            "productImageURL": "https://a.fsimg.co.nz/product/retail/fan/image/master/5007644.png",
            "productDescription": "Sugar Free.\n\nProduct of New Zealand",
            "volume": "500mL",
            "multipack": {
                "quantity": "1"
            }
        },
        "priceData": {
            "bestPrice": "3.49",
            "price": "3.49",
            "pricePerLitre": 7.0,
            "bestPricePerLitre": 7.0
        },
        "store": {
            "id": "0f82d3fe-acd0-4e98-b3e7-fbabbf8b8ef5",
            "name": "New World Orewa"
        }
    },
    {
        "productData": {
            "name": "V Original Guarana Energy Drink 500ml",
            "productId": "5004703_ea_000",
            "productShopPage": "https://www.newworld.co.nz/shop/product/5004703_ea_000nw",
            "productImageURL": "https://a.fsimg.co.nz/product/retail/fan/image/master/5004703.png",
            "productDescription": "Contains Caffeine.\n\nProduct of New Zealand",
            "volume": "500mL",
            "multipack": {
                "quantity": "1"
            }
        },
        "priceData": {
            "bestPrice": "3.49",
            "price": "3.49",
            "pricePerLitre": 7.0,
            "bestPricePerLitre": 7.0
        },
        "store": {
            "id": "0f82d3fe-acd0-4e98-b3e7-fbabbf8b8ef5",
            "name": "New World Orewa"
        }
    },
    {
        "productData": {
            "name": "V Original Guarana Energy Drink 500ml",
            "productId": "5007441_ea_000",
            "productShopPage": "https://www.newworld.co.nz/shop/product/5007441_ea_000nw",
            "productImageURL": "https://a.fsimg.co.nz/product/retail/fan/image/master/5007441.png",
            "productDescription": "Buy 2 for $5.00.\n\n\nContains Wheat Derivatives, Caffeine.\n\nProduct of New Zealand",
            "volume": "500mL",
            "multipack": {
                "quantity": "1"
            }
        },
        "priceData": {
            "bestPrice": 2.5,
            "price": 2.0,
            "pricePerLitre": 4.0,
            "bestPricePerLitre": 5.0,
            "multiBuy": {
                "quantity": 2.0,
                "value": 5.0,
                "perUnit": 2.5
            }
        },
        "store": {
            "id": "0f82d3fe-acd0-4e98-b3e7-fbabbf8b8ef5",
            "name": "New World Orewa"
        }
    },
    {
        "productData": {
            "name": "V Blue Guarana Energy Drink 10pk",
            "productId": "5290181_ea_000",
            "productShopPage": "https://www.newworld.co.nz/shop/product/5290181_ea_000nw",
            "productImageURL": "https://a.fsimg.co.nz/product/retail/fan/image/master/5290181.png",
            "productDescription": "Product of New Zealand",
            "volume": "250mL",
            "multipack": {
                "quantity": "10"
            }
        },
        "priceData": {
            "bestPrice": "17.99",
            "price": "17.99",
            "pricePerLitre": 7.2,
            "bestPricePerLitre": 7.2
        },
        "store": {
            "id": "24be83cd-b9f2-47f0-8895-82867e3d4f08",
            "name": "New World Wanganui"
        }
    },
    {
        "productData": {
            "name": "V Blue Guarana Energy Drink 250ml",
            "productId": "5007495_ea_000",
            "productShopPage": "https://www.newworld.co.nz/shop/product/5007495_ea_000nw",
            "productImageURL": "https://a.fsimg.co.nz/product/retail/fan/image/master/5007495.png",
            "productDescription": "Contains Caffeine, Wheat Derivatives.\n\nProduct of New Zealand",
            "volume": "250mL",
            "multipack": {
                "quantity": "1"
            }
        },
        "priceData": {
            "bestPrice": "1.99",
            "price": "1.99",
            "pricePerLitre": 8.0,
            "bestPricePerLitre": 8.0
        },
        "store": {
            "id": "24be83cd-b9f2-47f0-8895-82867e3d4f08",
            "name": "New World Wanganui"
        }
    },
    {
        "productData": {
            "name": "V Sugarfree Blue Guarana Energy Drink 4pk",
            "productId": "5289891_ea_000",
            "productShopPage": "https://www.newworld.co.nz/shop/product/5289891_ea_000nw",
            "productImageURL": "https://a.fsimg.co.nz/product/retail/fan/image/master/5289891.png",
            "productDescription": "Limit 12 assorted.\n\n\n\n\nProduct of New Zealand",
            "volume": "250mL",
            "multipack": {
                "quantity": "4"
            }
        },
        "priceData": {
            "bestPrice": "5.99",
            "price": "5.99",
            "pricePerLitre": 5.99,
            "bestPricePerLitre": 5.99
        },
        "store": {
            "id": "24be83cd-b9f2-47f0-8895-82867e3d4f08",
            "name": "New World Wanganui"
        }
    },
    {
        "productData": {
            "name": "Live Plus Tart Apple Energy Drink 250ml",
            "productId": "5236676_ea_000",
            "productShopPage": "https://www.newworld.co.nz/shop/product/5236676_ea_000nw",
            "productImageURL": "https://a.fsimg.co.nz/product/retail/fan/image/master/5236676.png",
            "productDescription": "Limit 12 assorted.\n\n\n\n\nProduct of New Zealand",
            "volume": "250mL",
            "multipack": {
                "quantity": "1"
            }
        },
        "priceData": {
            "bestPrice": "0.99",
            "price": "0.99",
            "pricePerLitre": 3.96,
            "bestPricePerLitre": 3.96
        },
        "store": {
            "id": "24be83cd-b9f2-47f0-8895-82867e3d4f08",
            "name": "New World Wanganui"
        }
    },
    {
        "productData": {
            "name": "Live Plus Persist Energy Drink 250ml",
            "productId": "5236678_ea_000",
            "productShopPage": "https://www.newworld.co.nz/shop/product/5236678_ea_000nw",
            "productImageURL": "https://a.fsimg.co.nz/product/retail/fan/image/master/5236678.png",
            "productDescription": "Limit 12 assorted.\n\n\n\n\nProduct of New Zealand",
            "volume": "",
            "multipack": {
                "quantity": ""
            }
        },
        "priceData": {
            "bestPrice": "0.99",
            "price": "0.99"
        },
        "store": {
            "id": "24be83cd-b9f2-47f0-8895-82867e3d4f08",
            "name": "New World Wanganui"
        }
    },
    {
        "productData": {
            "name": "V Sugarfree Blue Guarana Energy Drink 500ml",
            "productId": "5283362_ea_000",
            "productShopPage": "https://www.newworld.co.nz/shop/product/5283362_ea_000nw",
            "productImageURL": "https://a.fsimg.co.nz/product/retail/fan/image/master/5283362.png",
            "productDescription": "Sugar free\n\nProduct of New Zealand",
            "volume": "500mL",
            "multipack": {
                "quantity": "1"
            }
        },
        "priceData": {
            "bestPrice": "3.19",
            "price": "3.19",
            "pricePerLitre": 6.4,
            "bestPricePerLitre": 6.4
        },
        "store": {
            "id": "24be83cd-b9f2-47f0-8895-82867e3d4f08",
            "name": "New World Wanganui"
        }
    },
    {
        "productData": {
            "name": "V Original Guarana Energy Drink 350ml",
            "productId": "5003156_ea_000",
            "productShopPage": "https://www.newworld.co.nz/shop/product/5003156_ea_000nw",
            "productImageURL": "https://a.fsimg.co.nz/product/retail/fan/image/master/5003156.png",
            "productDescription": "Buy 2 for $5.00.\n\n\nContains Caffeine.\n\nProduct of New Zealand",
            "volume": "350mL",
            "multipack": {
                "quantity": "1"
            }
        },
        "priceData": {
            "bestPrice": 2.5,
            "price": 2.0,
            "pricePerLitre": 5.714285714285714,
            "bestPricePerLitre": 7.142857142857143,
            "multiBuy": {
                "quantity": 2.0,
                "value": 5.0,
                "perUnit": 2.5
            }
        },
        "store": {
            "id": "24be83cd-b9f2-47f0-8895-82867e3d4f08",
            "name": "New World Wanganui"
        }
    },
    {
        "productData": {
            "name": "V Blue Guarana Energy Drink Cans 10pk",
            "productId": "5228254_ea_000",
            "productShopPage": "https://www.newworld.co.nz/shop/product/5228254_ea_000nw",
            "productImageURL": "https://a.fsimg.co.nz/product/retail/fan/image/master/5228254.png",
            "productDescription": "Product of New Zealand",
            "volume": "200mL",
            "multipack": {
                "quantity": "10"
            }
        },
        "priceData": {
            "bestPrice": "15.29",
            "price": "15.29",
            "pricePerLitre": 7.6450000000000005,
            "bestPricePerLitre": 7.6450000000000005
        },
        "store": {
            "id": "24be83cd-b9f2-47f0-8895-82867e3d4f08",
            "name": "New World Wanganui"
        }
    },
    {
        "productData": {
            "name": "V Blue Guarana Energy Drink 350ml",
            "productId": "5007492_ea_000",
            "productShopPage": "https://www.newworld.co.nz/shop/product/5007492_ea_000nw",
            "productImageURL": "https://a.fsimg.co.nz/product/retail/fan/image/master/5007492.png",
            "productDescription": "Buy 2 for $5.00.\n\n\nContains Caffeine, Wheat Derivatives.\n\nProduct of New Zealand",
            "volume": "350mL",
            "multipack": {
                "quantity": "1"
            }
        },
        "priceData": {
            "bestPrice": 2.5,
            "price": 2.0,
            "pricePerLitre": 5.714285714285714,
            "bestPricePerLitre": 7.142857142857143,
            "multiBuy": {
                "quantity": 2.0,
                "value": 5.0,
                "perUnit": 2.5
            }
        },
        "store": {
            "id": "24be83cd-b9f2-47f0-8895-82867e3d4f08",
            "name": "New World Wanganui"
        }
    },
    {
        "productData": {
            "name": "V Blue Guarana Energy Drink 500ml",
            "productId": "5007494_ea_000",
            "productShopPage": "https://www.newworld.co.nz/shop/product/5007494_ea_000nw",
            "productImageURL": "https://a.fsimg.co.nz/product/retail/fan/image/master/5007494.png",
            "productDescription": "Contains Wheat Derivatives, Caffeine.\n\nProduct of New Zealand",
            "volume": "500mL",
            "multipack": {
                "quantity": "1"
            }
        },
        "priceData": {
            "bestPrice": "3.49",
            "price": "3.49",
            "pricePerLitre": 7.0,
            "bestPricePerLitre": 7.0
        },
        "store": {
            "id": "24be83cd-b9f2-47f0-8895-82867e3d4f08",
            "name": "New World Wanganui"
        }
    },
    {
        "productData": {
            "name": "Red Bull Energy Drink 473ml",
            "productId": "5005255_ea_000",
            "productShopPage": "https://www.newworld.co.nz/shop/product/5005255_ea_000nw",
            "productImageURL": "https://a.fsimg.co.nz/product/retail/fan/image/master/5005255.png",
            "productDescription": "Red Bull Energy Drink's special formula contains ingredients of high quality: Caffeine, Taurine, B-Group Vitamins, Sugars, Alpine Water.One 250ml can of Red Bull Energy Drinks contains 80 mg of caffeine, about the same amount as in a cup of home-brewed coffee.The amount of sugars in a can of Red Bull Energy Drink is comparable to the level of sugars in an equivalent amount of apple or orange juice – 11 g per 100ml.Red Bull cans are made of 100% recyclable aluminium.Red Bull Energy Drink 473ml canVitalizes Body and Mind.®RED BULL GIVES YOU WINGSInspired by functional drinks from the Far East, Dietrich Mateschitz founded Red Bull in the mid-1980s. He developed a new product and a unique marketing concept and launched Red Bull Energy Drink on April 1, 1987 in Austria. A brand new product category - Energy Drinks - was born.\n\nProduct of Imported",
            "volume": "473mL",
            "multipack": {
                "quantity": "1"
            }
        },
        "priceData": {
            "bestPrice": "3.59",
            "price": "3.59",
            "pricePerLitre": 7.6,
            "bestPricePerLitre": 7.6
        },
        "store": {
            "id": "24be83cd-b9f2-47f0-8895-82867e3d4f08",
            "name": "New World Wanganui"
        }
    },
    {
        "productData": {
            "name": "V Original Guarana Energy Drink 250ml",
            "productId": "5003151_ea_000",
            "productShopPage": "https://www.newworld.co.nz/shop/product/5003151_ea_000nw",
            "productImageURL": "https://a.fsimg.co.nz/product/retail/fan/image/master/5003151.png",
            "productDescription": "Contains Caffeine.\n\nProduct of New Zealand",
            "volume": "250mL",
            "multipack": {
                "quantity": "1"
            }
        },
        "priceData": {
            "bestPrice": "1.99",
            "price": "1.99",
            "pricePerLitre": 8.0,
            "bestPricePerLitre": 8.0
        },
        "store": {
            "id": "24be83cd-b9f2-47f0-8895-82867e3d4f08",
            "name": "New World Wanganui"
        }
    },
    {
        "productData": {
            "name": "Red Bull Energy Drink 250ml Cans 4pk",
            "productId": "5001443_ea_000",
            "productShopPage": "https://www.newworld.co.nz/shop/product/5001443_ea_000nw",
            "productImageURL": "https://a.fsimg.co.nz/product/retail/fan/image/master/5001443.png",
            "productDescription": "Red Bull Energy Drink's special formula contains ingredients of high quality: Caffeine, Taurine, B-Group Vitamins, Sugars, Alpine Water.One 250ml can of Red Bull Energy Drinks contains 80 mg of caffeine, about the same amount as in a cup of home-brewed coffee.The amount of sugars in a can of Red Bull Energy Drink is comparable to the level of sugars in an equivalent amount of apple or orange juice – 11 g per 100ml.Red Bull cans are made of 100% recyclable aluminium.Pack of four 250ml Red Bull Energy Drink cansVitalizes Body and Mind.®RED BULL GIVES YOU WINGSInspired by functional drinks from the Far East, Dietrich Mateschitz founded Red Bull in the mid-1980s. He developed a new product and a unique marketing concept and launched Red Bull Energy Drink on April 1, 1987 in Austria. A brand new product category - Energy Drinks - was born.",
            "volume": "250mL",
            "multipack": {
                "quantity": "4"
            }
        },
        "priceData": {
            "bestPrice": "8.29",
            "price": "8.29",
            "pricePerLitre": 8.299999999999999,
            "bestPricePerLitre": 8.299999999999999
        },
        "store": {
            "id": "24be83cd-b9f2-47f0-8895-82867e3d4f08",
            "name": "New World Wanganui"
        }
    },
    {
        "productData": {
            "name": "Lucozade Orange Energy Drink 380ml",
            "productId": "5009239_ea_000",
            "productShopPage": "https://www.newworld.co.nz/shop/product/5009239_ea_000nw",
            "productImageURL": "https://a.fsimg.co.nz/product/retail/fan/image/master/5009239.png",
            "productDescription": "Powered by Glucose.\n\nProduct of New Zealand",
            "volume": "380mL",
            "multipack": {
                "quantity": "1"
            }
        },
        "priceData": {
            "bestPrice": "2.69",
            "price": "2.69",
            "pricePerLitre": 7.08,
            "bestPricePerLitre": 7.08
        },
        "store": {
            "id": "24be83cd-b9f2-47f0-8895-82867e3d4f08",
            "name": "New World Wanganui"
        }
    },
    {
        "productData": {
            "name": "V Pure Natural Energy Drink Glass Bottle 330ml",
            "productId": "5237753_ea_000",
            "productShopPage": "https://www.newworld.co.nz/shop/product/5237753_ea_000nw",
            "productImageURL": "https://a.fsimg.co.nz/product/retail/fan/image/master/5237753.png",
            "productDescription": "Buy 2 for $5.00.\n\n\nNothing artificial\n\nProduct of New Zealand",
            "volume": "330mL",
            "multipack": {
                "quantity": "1"
            }
        },
        "priceData": {
            "bestPrice": 2.5,
            "price": 2.0,
            "pricePerLitre": 6.0606060606060606,
            "bestPricePerLitre": 7.575757575757575,
            "multiBuy": {
                "quantity": 2.0,
                "value": 5.0,
                "perUnit": 2.5
            }
        },
        "store": {
            "id": "24be83cd-b9f2-47f0-8895-82867e3d4f08",
            "name": "New World Wanganui"
        }
    },
    {
        "productData": {
            "name": "Lucozade Original Energy Drink 380ml",
            "productId": "5009240_ea_000",
            "productShopPage": "https://www.newworld.co.nz/shop/product/5009240_ea_000nw",
            "productImageURL": "https://a.fsimg.co.nz/product/retail/fan/image/master/5009240.png",
            "productDescription": "Energy from Glucose.\n\nProduct of New Zealand",
            "volume": "380mL",
            "multipack": {
                "quantity": "1"
            }
        },
        "priceData": {
            "bestPrice": "2.69",
            "price": "2.69",
            "pricePerLitre": 7.08,
            "bestPricePerLitre": 7.08
        },
        "store": {
            "id": "24be83cd-b9f2-47f0-8895-82867e3d4f08",
            "name": "New World Wanganui"
        }
    },
    {
        "productData": {
            "name": "Rockstar Watermelon Freeze Energy Drink 500ml",
            "productId": "5257298_ea_000",
            "productShopPage": "https://www.newworld.co.nz/shop/product/5257298_ea_000nw",
            "productImageURL": "https://a.fsimg.co.nz/product/retail/fan/image/master/5257298.png",
            "productDescription": "Buy 3 for $5.00.\n\n\n\n\nProduct of New Zealand",
            "volume": "500mL",
            "multipack": {
                "quantity": "1"
            }
        },
        "priceData": {
            "bestPrice": 1.6666666666666667,
            "price": 1.0,
            "pricePerLitre": 2.0,
            "bestPricePerLitre": 3.3333333333333335,
            "multiBuy": {
                "quantity": 3.0,
                "value": 5.0,
                "perUnit": 1.6666666666666667
            }
        },
        "store": {
            "id": "24be83cd-b9f2-47f0-8895-82867e3d4f08",
            "name": "New World Wanganui"
        }
    },
    {
        "productData": {
            "name": "V Raspberry Lemonade Can 500ml",
            "productId": "5264523_ea_000",
            "productShopPage": "https://www.newworld.co.nz/shop/product/5264523_ea_000nw",
            "productImageURL": "https://a.fsimg.co.nz/product/retail/fan/image/master/5264523.png",
            "productDescription": "Product of New Zealand",
            "volume": "500mL",
            "multipack": {
                "quantity": "1"
            }
        },
        "priceData": {
            "bestPrice": "3.49",
            "price": "3.49",
            "pricePerLitre": 7.0,
            "bestPricePerLitre": 7.0
        },
        "store": {
            "id": "24be83cd-b9f2-47f0-8895-82867e3d4f08",
            "name": "New World Wanganui"
        }
    },
    {
        "productData": {
            "name": "V Blue Guarana Energy Drink 6pk",
            "productId": "5272988_ea_000",
            "productShopPage": "https://www.newworld.co.nz/shop/product/5272988_ea_000nw",
            "productImageURL": "https://a.fsimg.co.nz/product/retail/fan/image/master/5272988.png",
            "productDescription": "Product of New Zealand",
            "volume": "330mL",
            "multipack": {
                "quantity": "6"
            }
        },
        "priceData": {
            "bestPrice": "11.99",
            "price": "11.99",
            "pricePerLitre": 6.05,
            "bestPricePerLitre": 6.05
        },
        "store": {
            "id": "24be83cd-b9f2-47f0-8895-82867e3d4f08",
            "name": "New World Wanganui"
        }
    },
    {
        "productData": {
            "name": "V Blue Can 4pk",
            "productId": "5030249_ea_000",
            "productShopPage": "https://www.newworld.co.nz/shop/product/5030249_ea_000nw",
            "productImageURL": "https://a.fsimg.co.nz/product/retail/fan/image/master/5030249.png",
            "productDescription": "Limit 12 assorted.\n\n\nContains Wheat Derivatives, Caffeine.\n\nProduct of New Zealand",
            "volume": "250mL",
            "multipack": {
                "quantity": "4"
            }
        },
        "priceData": {
            "bestPrice": "5.99",
            "price": "5.99",
            "pricePerLitre": 5.99,
            "bestPricePerLitre": 5.99
        },
        "store": {
            "id": "24be83cd-b9f2-47f0-8895-82867e3d4f08",
            "name": "New World Wanganui"
        }
    },
    {
        "productData": {
            "name": "Monster Mule Energy Drink 500ml",
            "productId": "5269459_ea_000",
            "productShopPage": "https://www.newworld.co.nz/shop/product/5269459_ea_000nw",
            "productImageURL": "https://a.fsimg.co.nz/product/retail/fan/image/master/5269459.png",
            "productDescription": "Product of Imported",
            "volume": "500mL",
            "multipack": {
                "quantity": "1"
            }
        },
        "priceData": {
            "bestPrice": "2.99",
            "price": "2.99",
            "pricePerLitre": 6.0,
            "bestPricePerLitre": 6.0
        },
        "store": {
            "id": "24be83cd-b9f2-47f0-8895-82867e3d4f08",
            "name": "New World Wanganui"
        }
    },
    {
        "productData": {
            "name": "Monster Ultra Paradise Energy Drink 500ml",
            "productId": "5261257_ea_000",
            "productShopPage": "https://www.newworld.co.nz/shop/product/5261257_ea_000nw",
            "productImageURL": "https://a.fsimg.co.nz/product/retail/fan/image/master/5261257.png",
            "productDescription": "Product of Imported",
            "volume": "500mL",
            "multipack": {
                "quantity": "1"
            }
        },
        "priceData": {
            "bestPrice": "2.99",
            "price": "2.99",
            "pricePerLitre": 6.0,
            "bestPricePerLitre": 6.0
        },
        "store": {
            "id": "24be83cd-b9f2-47f0-8895-82867e3d4f08",
            "name": "New World Wanganui"
        }
    },
    {
        "productData": {
            "name": "V Energy Drink Green Cans 4pk",
            "productId": "5002893_ea_000",
            "productShopPage": "https://www.newworld.co.nz/shop/product/5002893_ea_000nw",
            "productImageURL": "https://a.fsimg.co.nz/product/retail/fan/image/master/5002893.png",
            "productDescription": "Limit 12 assorted.\n\n\nContains Caffeine.\n\nProduct of New Zealand",
            "volume": "250mL",
            "multipack": {
                "quantity": "4"
            }
        },
        "priceData": {
            "bestPrice": "5.99",
            "price": "5.99",
            "pricePerLitre": 5.99,
            "bestPricePerLitre": 5.99
        },
        "store": {
            "id": "24be83cd-b9f2-47f0-8895-82867e3d4f08",
            "name": "New World Wanganui"
        }
    },
    {
        "productData": {
            "name": "Monster Ultra Zero Drink 500ml",
            "productId": "5090618_ea_000",
            "productShopPage": "https://www.newworld.co.nz/shop/product/5090618_ea_000nw",
            "productImageURL": "https://a.fsimg.co.nz/product/retail/fan/image/master/5090618.png",
            "productDescription": "A little less sweet, lighter-tasting, zero calories, but with a full load of our Monster energy blend. Sure, white is the new black. Monster Energy Zero Ultra. Unleash the Ultra Beast!\n\nProduct of Imported",
            "volume": "500mL",
            "multipack": {
                "quantity": "1"
            }
        },
        "priceData": {
            "bestPrice": "2.99",
            "price": "2.99",
            "pricePerLitre": 6.0,
            "bestPricePerLitre": 6.0
        },
        "store": {
            "id": "24be83cd-b9f2-47f0-8895-82867e3d4f08",
            "name": "New World Wanganui"
        }
    },
    {
        "productData": {
            "name": "Monster Super Fuel Zero Sugar Energy Drink 550ml",
            "productId": "5284331_ea_000",
            "productShopPage": "https://www.newworld.co.nz/shop/product/5284331_ea_000nw",
            "productImageURL": "https://a.fsimg.co.nz/product/retail/fan/image/master/5284331.png",
            "productDescription": "Product of Imported",
            "volume": "550mL",
            "multipack": {
                "quantity": "1"
            }
        },
        "priceData": {
            "bestPrice": "3.49",
            "price": "3.49",
            "pricePerLitre": 6.345454545454546,
            "bestPricePerLitre": 6.345454545454546
        },
        "store": {
            "id": "24be83cd-b9f2-47f0-8895-82867e3d4f08",
            "name": "New World Wanganui"
        }
    },
    {
        "productData": {
            "name": "Mother Energy Drink Can 500ml",
            "productId": "5011153_ea_000",
            "productShopPage": "https://www.newworld.co.nz/shop/product/5011153_ea_000nw",
            "productImageURL": "https://a.fsimg.co.nz/product/retail/fan/image/master/5011153.png",
            "productDescription": "Contains Caffeine.\n\nProduct of New Zealand",
            "volume": "500mL",
            "multipack": {
                "quantity": "1"
            }
        },
        "priceData": {
            "bestPrice": "1.99",
            "price": "1.99",
            "pricePerLitre": 4.0,
            "bestPricePerLitre": 4.0
        },
        "store": {
            "id": "24be83cd-b9f2-47f0-8895-82867e3d4f08",
            "name": "New World Wanganui"
        }
    },
    {
        "productData": {
            "name": "Monster Super Fuel Purple Passion Energy Drink 550ml",
            "productId": "5284332_ea_000",
            "productShopPage": "https://www.newworld.co.nz/shop/product/5284332_ea_000nw",
            "productImageURL": "https://a.fsimg.co.nz/product/retail/fan/image/master/5284332.png",
            "productDescription": "Product of Imported",
            "volume": "550mL",
            "multipack": {
                "quantity": "1"
            }
        },
        "priceData": {
            "bestPrice": "3.49",
            "price": "3.49",
            "pricePerLitre": 6.345454545454546,
            "bestPricePerLitre": 6.345454545454546
        },
        "store": {
            "id": "24be83cd-b9f2-47f0-8895-82867e3d4f08",
            "name": "New World Wanganui"
        }
    },
    {
        "productData": {
            "name": "Mother Energy Drink Can 6pk",
            "productId": "5009490_ea_000",
            "productShopPage": "https://www.newworld.co.nz/shop/product/5009490_ea_000nw",
            "productImageURL": "https://a.fsimg.co.nz/product/retail/fan/image/master/5009490.png",
            "productDescription": "Contains Caffeine.\n\nProduct of New Zealand",
            "volume": "250mL",
            "multipack": {
                "quantity": "6"
            }
        },
        "priceData": {
            "bestPrice": "7.49",
            "price": "7.49",
            "pricePerLitre": 5.0,
            "bestPricePerLitre": 5.0
        },
        "store": {
            "id": "24be83cd-b9f2-47f0-8895-82867e3d4f08",
            "name": "New World Wanganui"
        }
    },
    {
        "productData": {
            "name": "Monster Energy Drink 500ml",
            "productId": "5007647_ea_000",
            "productShopPage": "https://www.newworld.co.nz/shop/product/5007647_ea_000nw",
            "productImageURL": "https://a.fsimg.co.nz/product/retail/fan/image/master/5007647.png",
            "productDescription": "Contains Caffeine.\n\nProduct of Imported",
            "volume": "500mL",
            "multipack": {
                "quantity": "1"
            }
        },
        "priceData": {
            "bestPrice": "2.99",
            "price": "2.99",
            "pricePerLitre": 6.0,
            "bestPricePerLitre": 6.0
        },
        "store": {
            "id": "24be83cd-b9f2-47f0-8895-82867e3d4f08",
            "name": "New World Wanganui"
        }
    },
    {
        "productData": {
            "name": "V Original Guarana Energy Drink 500ml",
            "productId": "5004703_ea_000",
            "productShopPage": "https://www.newworld.co.nz/shop/product/5004703_ea_000nw",
            "productImageURL": "https://a.fsimg.co.nz/product/retail/fan/image/master/5004703.png",
            "productDescription": "Contains Caffeine.\n\nProduct of New Zealand",
            "volume": "500mL",
            "multipack": {
                "quantity": "1"
            }
        },
        "priceData": {
            "bestPrice": "3.19",
            "price": "3.19",
            "pricePerLitre": 6.4,
            "bestPricePerLitre": 6.4
        },
        "store": {
            "id": "24be83cd-b9f2-47f0-8895-82867e3d4f08",
            "name": "New World Wanganui"
        }
    },
    {
        "productData": {
            "name": "V Green Guarana Energy Drink Cans 10pk",
            "productId": "5210061_ea_000",
            "productShopPage": "https://www.newworld.co.nz/shop/product/5210061_ea_000nw",
            "productImageURL": "https://a.fsimg.co.nz/product/retail/fan/image/master/5210061.png",
            "productDescription": "Product of New Zealand",
            "volume": "200mL",
            "multipack": {
                "quantity": "10"
            }
        },
        "priceData": {
            "bestPrice": "15.29",
            "price": "15.29",
            "pricePerLitre": 7.6,
            "bestPricePerLitre": 7.6
        },
        "store": {
            "id": "24be83cd-b9f2-47f0-8895-82867e3d4f08",
            "name": "New World Wanganui"
        }
    },
    {
        "productData": {
            "name": "V Original Guarana Energy Drink 500ml",
            "productId": "5007441_ea_000",
            "productShopPage": "https://www.newworld.co.nz/shop/product/5007441_ea_000nw",
            "productImageURL": "https://a.fsimg.co.nz/product/retail/fan/image/master/5007441.png",
            "productDescription": "Buy 2 for $5.00.\n\n\nContains Wheat Derivatives, Caffeine.\n\nProduct of New Zealand",
            "volume": "500mL",
            "multipack": {
                "quantity": "1"
            }
        },
        "priceData": {
            "bestPrice": 2.5,
            "price": 2.0,
            "pricePerLitre": 4.0,
            "bestPricePerLitre": 5.0,
            "multiBuy": {
                "quantity": 2.0,
                "value": 5.0,
                "perUnit": 2.5
            }
        },
        "store": {
            "id": "24be83cd-b9f2-47f0-8895-82867e3d4f08",
            "name": "New World Wanganui"
        }
    },
    {
        "productData": {
            "name": "V Blue Guarana Energy Drink 250ml",
            "productId": "5007495_ea_000",
            "productShopPage": "https://www.newworld.co.nz/shop/product/5007495_ea_000nw",
            "productImageURL": "https://a.fsimg.co.nz/product/retail/fan/image/master/5007495.png",
            "productDescription": "Contains Caffeine, Wheat Derivatives.\n\nProduct of New Zealand",
            "volume": "250mL",
            "multipack": {
                "quantity": "1"
            }
        },
        "priceData": {
            "bestPrice": "1.99",
            "price": "1.99",
            "pricePerLitre": 8.0,
            "bestPricePerLitre": 8.0
        },
        "store": {
            "id": "7508cf88-9fd0-4e71-b2f2-d564b1decf8d",
            "name": "New World Whangaparaoa"
        }
    },
    {
        "productData": {
            "name": "V Guarana Green Energy Drink 4pk",
            "productId": "5254920_ea_000",
            "productShopPage": "https://www.newworld.co.nz/shop/product/5254920_ea_000nw",
            "productImageURL": "https://a.fsimg.co.nz/product/retail/fan/image/master/5254920.png",
            "productDescription": "Product of New Zealand",
            "volume": "300mL",
            "multipack": {
                "quantity": "4"
            }
        },
        "priceData": {
            "bestPrice": "9.99",
            "price": "9.99",
            "pricePerLitre": 8.325,
            "bestPricePerLitre": 8.325
        },
        "store": {
            "id": "7508cf88-9fd0-4e71-b2f2-d564b1decf8d",
            "name": "New World Whangaparaoa"
        }
    },
    {
        "productData": {
            "name": "V Sugarfree Guarana Energy Drink 250ml",
            "productId": "5001639_ea_000",
            "productShopPage": "https://www.newworld.co.nz/shop/product/5001639_ea_000nw",
            "productImageURL": "https://a.fsimg.co.nz/product/retail/fan/image/master/5001639.png",
            "productDescription": "Sugar Free. Contains Caffeine.\n\nProduct of New Zealand",
            "volume": "250mL",
            "multipack": {
                "quantity": "1"
            }
        },
        "priceData": {
            "bestPrice": "1.99",
            "price": "1.99",
            "pricePerLitre": 8.0,
            "bestPricePerLitre": 8.0
        },
        "store": {
            "id": "7508cf88-9fd0-4e71-b2f2-d564b1decf8d",
            "name": "New World Whangaparaoa"
        }
    },
    {
        "productData": {
            "name": "Live Plus Ascend Energy Drink 250ml",
            "productId": "5236675_ea_000",
            "productShopPage": "https://www.newworld.co.nz/shop/product/5236675_ea_000nw",
            "productImageURL": "https://a.fsimg.co.nz/product/retail/fan/image/master/5236675.png",
            "productDescription": "Limit 12 assorted.\n\n\n\n\nProduct of New Zealand",
            "volume": "",
            "multipack": {
                "quantity": ""
            }
        },
        "priceData": {
            "bestPrice": "0.99",
            "price": "0.99"
        },
        "store": {
            "id": "7508cf88-9fd0-4e71-b2f2-d564b1decf8d",
            "name": "New World Whangaparaoa"
        }
    },
    {
        "productData": {
            "name": "Live Plus Tart Apple Energy Drink 250ml",
            "productId": "5236676_ea_000",
            "productShopPage": "https://www.newworld.co.nz/shop/product/5236676_ea_000nw",
            "productImageURL": "https://a.fsimg.co.nz/product/retail/fan/image/master/5236676.png",
            "productDescription": "Limit 12 assorted.\n\n\n\n\nProduct of New Zealand",
            "volume": "250mL",
            "multipack": {
                "quantity": "1"
            }
        },
        "priceData": {
            "bestPrice": "0.99",
            "price": "0.99",
            "pricePerLitre": 3.96,
            "bestPricePerLitre": 3.96
        },
        "store": {
            "id": "7508cf88-9fd0-4e71-b2f2-d564b1decf8d",
            "name": "New World Whangaparaoa"
        }
    },
    {
        "productData": {
            "name": "Live Plus Persist Energy Drink 250ml",
            "productId": "5236678_ea_000",
            "productShopPage": "https://www.newworld.co.nz/shop/product/5236678_ea_000nw",
            "productImageURL": "https://a.fsimg.co.nz/product/retail/fan/image/master/5236678.png",
            "productDescription": "Limit 12 assorted.\n\n\n\n\nProduct of New Zealand",
            "volume": "",
            "multipack": {
                "quantity": ""
            }
        },
        "priceData": {
            "bestPrice": "0.99",
            "price": "0.99"
        },
        "store": {
            "id": "7508cf88-9fd0-4e71-b2f2-d564b1decf8d",
            "name": "New World Whangaparaoa"
        }
    },
    {
        "productData": {
            "name": "V Sugarfree Blue Guarana Energy Drink 500ml",
            "productId": "5283362_ea_000",
            "productShopPage": "https://www.newworld.co.nz/shop/product/5283362_ea_000nw",
            "productImageURL": "https://a.fsimg.co.nz/product/retail/fan/image/master/5283362.png",
            "productDescription": "Sugar free\n\nProduct of New Zealand",
            "volume": "500mL",
            "multipack": {
                "quantity": "1"
            }
        },
        "priceData": {
            "bestPrice": "3.49",
            "price": "3.49",
            "pricePerLitre": 7.0,
            "bestPricePerLitre": 7.0
        },
        "store": {
            "id": "7508cf88-9fd0-4e71-b2f2-d564b1decf8d",
            "name": "New World Whangaparaoa"
        }
    },
    {
        "productData": {
            "name": "V Original Guarana Energy Drink 350ml",
            "productId": "5003156_ea_000",
            "productShopPage": "https://www.newworld.co.nz/shop/product/5003156_ea_000nw",
            "productImageURL": "https://a.fsimg.co.nz/product/retail/fan/image/master/5003156.png",
            "productDescription": "Buy 2 for $5.00.\n\n\nContains Caffeine.\n\nProduct of New Zealand",
            "volume": "350mL",
            "multipack": {
                "quantity": "1"
            }
        },
        "priceData": {
            "bestPrice": 2.5,
            "price": 2.0,
            "pricePerLitre": 5.714285714285714,
            "bestPricePerLitre": 7.142857142857143,
            "multiBuy": {
                "quantity": 2.0,
                "value": 5.0,
                "perUnit": 2.5
            }
        },
        "store": {
            "id": "7508cf88-9fd0-4e71-b2f2-d564b1decf8d",
            "name": "New World Whangaparaoa"
        }
    },
    {
        "productData": {
            "name": "V Blue Guarana Energy Drink 350ml",
            "productId": "5007492_ea_000",
            "productShopPage": "https://www.newworld.co.nz/shop/product/5007492_ea_000nw",
            "productImageURL": "https://a.fsimg.co.nz/product/retail/fan/image/master/5007492.png",
            "productDescription": "Buy 2 for $5.00.\n\n\nContains Caffeine, Wheat Derivatives.\n\nProduct of New Zealand",
            "volume": "350mL",
            "multipack": {
                "quantity": "1"
            }
        },
        "priceData": {
            "bestPrice": 2.5,
            "price": 2.0,
            "pricePerLitre": 5.714285714285714,
            "bestPricePerLitre": 7.142857142857143,
            "multiBuy": {
                "quantity": 2.0,
                "value": 5.0,
                "perUnit": 2.5
            }
        },
        "store": {
            "id": "7508cf88-9fd0-4e71-b2f2-d564b1decf8d",
            "name": "New World Whangaparaoa"
        }
    },
    {
        "productData": {
            "name": "V Blue Energy Drink 500ml",
            "productId": "5020662_ea_000",
            "productShopPage": "https://www.newworld.co.nz/shop/product/5020662_ea_000nw",
            "productImageURL": "https://a.fsimg.co.nz/product/retail/fan/image/master/5020662.png",
            "productDescription": "Buy 2 for $5.00.\n\n\n\n\nProduct of New Zealand",
            "volume": "500mL",
            "multipack": {
                "quantity": "1"
            }
        },
        "priceData": {
            "bestPrice": 2.5,
            "price": 2.0,
            "pricePerLitre": 4.0,
            "bestPricePerLitre": 5.0,
            "multiBuy": {
                "quantity": 2.0,
                "value": 5.0,
                "perUnit": 2.5
            }
        },
        "store": {
            "id": "7508cf88-9fd0-4e71-b2f2-d564b1decf8d",
            "name": "New World Whangaparaoa"
        }
    },
    {
        "productData": {
            "name": "V Blue Guarana Energy Drink 500ml",
            "productId": "5007494_ea_000",
            "productShopPage": "https://www.newworld.co.nz/shop/product/5007494_ea_000nw",
            "productImageURL": "https://a.fsimg.co.nz/product/retail/fan/image/master/5007494.png",
            "productDescription": "Contains Wheat Derivatives, Caffeine.\n\nProduct of New Zealand",
            "volume": "500mL",
            "multipack": {
                "quantity": "1"
            }
        },
        "priceData": {
            "bestPrice": "3.49",
            "price": "3.49",
            "pricePerLitre": 7.0,
            "bestPricePerLitre": 7.0
        },
        "store": {
            "id": "7508cf88-9fd0-4e71-b2f2-d564b1decf8d",
            "name": "New World Whangaparaoa"
        }
    },
    {
        "productData": {
            "name": "Red Bull Energy Drink 473ml",
            "productId": "5005255_ea_000",
            "productShopPage": "https://www.newworld.co.nz/shop/product/5005255_ea_000nw",
            "productImageURL": "https://a.fsimg.co.nz/product/retail/fan/image/master/5005255.png",
            "productDescription": "Red Bull Energy Drink's special formula contains ingredients of high quality: Caffeine, Taurine, B-Group Vitamins, Sugars, Alpine Water.One 250ml can of Red Bull Energy Drinks contains 80 mg of caffeine, about the same amount as in a cup of home-brewed coffee.The amount of sugars in a can of Red Bull Energy Drink is comparable to the level of sugars in an equivalent amount of apple or orange juice – 11 g per 100ml.Red Bull cans are made of 100% recyclable aluminium.Red Bull Energy Drink 473ml canVitalizes Body and Mind.®RED BULL GIVES YOU WINGSInspired by functional drinks from the Far East, Dietrich Mateschitz founded Red Bull in the mid-1980s. He developed a new product and a unique marketing concept and launched Red Bull Energy Drink on April 1, 1987 in Austria. A brand new product category - Energy Drinks - was born.\n\nProduct of Imported",
            "volume": "473mL",
            "multipack": {
                "quantity": "1"
            }
        },
        "priceData": {
            "bestPrice": "3.59",
            "price": "3.59",
            "pricePerLitre": 7.6,
            "bestPricePerLitre": 7.6
        },
        "store": {
            "id": "7508cf88-9fd0-4e71-b2f2-d564b1decf8d",
            "name": "New World Whangaparaoa"
        }
    },
    {
        "productData": {
            "name": "V Original Guarana Energy Drink 250ml",
            "productId": "5003151_ea_000",
            "productShopPage": "https://www.newworld.co.nz/shop/product/5003151_ea_000nw",
            "productImageURL": "https://a.fsimg.co.nz/product/retail/fan/image/master/5003151.png",
            "productDescription": "Contains Caffeine.\n\nProduct of New Zealand",
            "volume": "250mL",
            "multipack": {
                "quantity": "1"
            }
        },
        "priceData": {
            "bestPrice": "1.99",
            "price": "1.99",
            "pricePerLitre": 8.0,
            "bestPricePerLitre": 8.0
        },
        "store": {
            "id": "7508cf88-9fd0-4e71-b2f2-d564b1decf8d",
            "name": "New World Whangaparaoa"
        }
    },
    {
        "productData": {
            "name": "Red Bull Energy Drink 250ml Cans 4pk",
            "productId": "5001443_ea_000",
            "productShopPage": "https://www.newworld.co.nz/shop/product/5001443_ea_000nw",
            "productImageURL": "https://a.fsimg.co.nz/product/retail/fan/image/master/5001443.png",
            "productDescription": "Red Bull Energy Drink's special formula contains ingredients of high quality: Caffeine, Taurine, B-Group Vitamins, Sugars, Alpine Water.One 250ml can of Red Bull Energy Drinks contains 80 mg of caffeine, about the same amount as in a cup of home-brewed coffee.The amount of sugars in a can of Red Bull Energy Drink is comparable to the level of sugars in an equivalent amount of apple or orange juice – 11 g per 100ml.Red Bull cans are made of 100% recyclable aluminium.Pack of four 250ml Red Bull Energy Drink cansVitalizes Body and Mind.®RED BULL GIVES YOU WINGSInspired by functional drinks from the Far East, Dietrich Mateschitz founded Red Bull in the mid-1980s. He developed a new product and a unique marketing concept and launched Red Bull Energy Drink on April 1, 1987 in Austria. A brand new product category - Energy Drinks - was born.",
            "volume": "250mL",
            "multipack": {
                "quantity": "4"
            }
        },
        "priceData": {
            "bestPrice": "8.29",
            "price": "8.29",
            "pricePerLitre": 8.299999999999999,
            "bestPricePerLitre": 8.299999999999999
        },
        "store": {
            "id": "7508cf88-9fd0-4e71-b2f2-d564b1decf8d",
            "name": "New World Whangaparaoa"
        }
    },
    {
        "productData": {
            "name": "Rockstar Watermelon Freeze Energy Drink 500ml",
            "productId": "5257298_ea_000",
            "productShopPage": "https://www.newworld.co.nz/shop/product/5257298_ea_000nw",
            "productImageURL": "https://a.fsimg.co.nz/product/retail/fan/image/master/5257298.png",
            "productDescription": "Buy 3 for $5.00.\n\n\n\n\nProduct of New Zealand",
            "volume": "500mL",
            "multipack": {
                "quantity": "1"
            }
        },
        "priceData": {
            "bestPrice": 1.6666666666666667,
            "price": 1.0,
            "pricePerLitre": 2.0,
            "bestPricePerLitre": 3.3333333333333335,
            "multiBuy": {
                "quantity": 3.0,
                "value": 5.0,
                "perUnit": 1.6666666666666667
            }
        },
        "store": {
            "id": "7508cf88-9fd0-4e71-b2f2-d564b1decf8d",
            "name": "New World Whangaparaoa"
        }
    },
    {
        "productData": {
            "name": "Monster Mule Energy Drink 500ml",
            "productId": "5269459_ea_000",
            "productShopPage": "https://www.newworld.co.nz/shop/product/5269459_ea_000nw",
            "productImageURL": "https://a.fsimg.co.nz/product/retail/fan/image/master/5269459.png",
            "productDescription": "Product of Imported",
            "volume": "500mL",
            "multipack": {
                "quantity": "1"
            }
        },
        "priceData": {
            "bestPrice": "2.99",
            "price": "2.99",
            "pricePerLitre": 6.0,
            "bestPricePerLitre": 6.0
        },
        "store": {
            "id": "7508cf88-9fd0-4e71-b2f2-d564b1decf8d",
            "name": "New World Whangaparaoa"
        }
    },
    {
        "productData": {
            "name": "Monster Ultra Paradise Energy Drink 500ml",
            "productId": "5261257_ea_000",
            "productShopPage": "https://www.newworld.co.nz/shop/product/5261257_ea_000nw",
            "productImageURL": "https://a.fsimg.co.nz/product/retail/fan/image/master/5261257.png",
            "productDescription": "Product of Imported",
            "volume": "500mL",
            "multipack": {
                "quantity": "1"
            }
        },
        "priceData": {
            "bestPrice": "2.99",
            "price": "2.99",
            "pricePerLitre": 6.0,
            "bestPricePerLitre": 6.0
        },
        "store": {
            "id": "7508cf88-9fd0-4e71-b2f2-d564b1decf8d",
            "name": "New World Whangaparaoa"
        }
    },
    {
        "productData": {
            "name": "Monster Ultra Zero Drink 500ml",
            "productId": "5090618_ea_000",
            "productShopPage": "https://www.newworld.co.nz/shop/product/5090618_ea_000nw",
            "productImageURL": "https://a.fsimg.co.nz/product/retail/fan/image/master/5090618.png",
            "productDescription": "A little less sweet, lighter-tasting, zero calories, but with a full load of our Monster energy blend. Sure, white is the new black. Monster Energy Zero Ultra. Unleash the Ultra Beast!\n\nProduct of Imported",
            "volume": "500mL",
            "multipack": {
                "quantity": "1"
            }
        },
        "priceData": {
            "bestPrice": "2.99",
            "price": "2.99",
            "pricePerLitre": 6.0,
            "bestPricePerLitre": 6.0
        },
        "store": {
            "id": "7508cf88-9fd0-4e71-b2f2-d564b1decf8d",
            "name": "New World Whangaparaoa"
        }
    },
    {
        "productData": {
            "name": "Monster Super Fuel Zero Sugar Energy Drink 550ml",
            "productId": "5284331_ea_000",
            "productShopPage": "https://www.newworld.co.nz/shop/product/5284331_ea_000nw",
            "productImageURL": "https://a.fsimg.co.nz/product/retail/fan/image/master/5284331.png",
            "productDescription": "Product of Imported",
            "volume": "550mL",
            "multipack": {
                "quantity": "1"
            }
        },
        "priceData": {
            "bestPrice": "3.49",
            "price": "3.49",
            "pricePerLitre": 6.345454545454546,
            "bestPricePerLitre": 6.345454545454546
        },
        "store": {
            "id": "7508cf88-9fd0-4e71-b2f2-d564b1decf8d",
            "name": "New World Whangaparaoa"
        }
    },
    {
        "productData": {
            "name": "Mother Energy Drink Can 500ml",
            "productId": "5011153_ea_000",
            "productShopPage": "https://www.newworld.co.nz/shop/product/5011153_ea_000nw",
            "productImageURL": "https://a.fsimg.co.nz/product/retail/fan/image/master/5011153.png",
            "productDescription": "Contains Caffeine.\n\nProduct of New Zealand",
            "volume": "500mL",
            "multipack": {
                "quantity": "1"
            }
        },
        "priceData": {
            "bestPrice": "1.99",
            "price": "1.99",
            "pricePerLitre": 4.0,
            "bestPricePerLitre": 4.0
        },
        "store": {
            "id": "7508cf88-9fd0-4e71-b2f2-d564b1decf8d",
            "name": "New World Whangaparaoa"
        }
    },
    {
        "productData": {
            "name": "Monster Super Fuel Purple Passion Energy Drink 550ml",
            "productId": "5284332_ea_000",
            "productShopPage": "https://www.newworld.co.nz/shop/product/5284332_ea_000nw",
            "productImageURL": "https://a.fsimg.co.nz/product/retail/fan/image/master/5284332.png",
            "productDescription": "Product of Imported",
            "volume": "550mL",
            "multipack": {
                "quantity": "1"
            }
        },
        "priceData": {
            "bestPrice": "3.49",
            "price": "3.49",
            "pricePerLitre": 6.345454545454546,
            "bestPricePerLitre": 6.345454545454546
        },
        "store": {
            "id": "7508cf88-9fd0-4e71-b2f2-d564b1decf8d",
            "name": "New World Whangaparaoa"
        }
    },
    {
        "productData": {
            "name": "Mother Energy Drink Can 6pk",
            "productId": "5009490_ea_000",
            "productShopPage": "https://www.newworld.co.nz/shop/product/5009490_ea_000nw",
            "productImageURL": "https://a.fsimg.co.nz/product/retail/fan/image/master/5009490.png",
            "productDescription": "Contains Caffeine.\n\nProduct of New Zealand",
            "volume": "250mL",
            "multipack": {
                "quantity": "6"
            }
        },
        "priceData": {
            "bestPrice": "7.49",
            "price": "7.49",
            "pricePerLitre": 5.0,
            "bestPricePerLitre": 5.0
        },
        "store": {
            "id": "7508cf88-9fd0-4e71-b2f2-d564b1decf8d",
            "name": "New World Whangaparaoa"
        }
    },
    {
        "productData": {
            "name": "Monster Energy Drink 500ml",
            "productId": "5007647_ea_000",
            "productShopPage": "https://www.newworld.co.nz/shop/product/5007647_ea_000nw",
            "productImageURL": "https://a.fsimg.co.nz/product/retail/fan/image/master/5007647.png",
            "productDescription": "Contains Caffeine.\n\nProduct of Imported",
            "volume": "500mL",
            "multipack": {
                "quantity": "1"
            }
        },
        "priceData": {
            "bestPrice": "2.99",
            "price": "2.99",
            "pricePerLitre": 6.0,
            "bestPricePerLitre": 6.0
        },
        "store": {
            "id": "7508cf88-9fd0-4e71-b2f2-d564b1decf8d",
            "name": "New World Whangaparaoa"
        }
    },
    {
        "productData": {
            "name": "Monster Ultra Zero Drink 4pk",
            "productId": "5213974_ea_000",
            "productShopPage": "https://www.newworld.co.nz/shop/product/5213974_ea_000nw",
            "productImageURL": "https://a.fsimg.co.nz/product/retail/fan/image/master/5213974.png",
            "productDescription": "Product of Imported",
            "volume": "500mL",
            "multipack": {
                "quantity": "4"
            }
        },
        "priceData": {
            "bestPrice": "11.99",
            "price": "11.99",
            "pricePerLitre": 6.0,
            "bestPricePerLitre": 6.0
        },
        "store": {
            "id": "7508cf88-9fd0-4e71-b2f2-d564b1decf8d",
            "name": "New World Whangaparaoa"
        }
    },
    {
        "productData": {
            "name": "V Sugarfree Guarana Energy Drink 500ml",
            "productId": "5007644_ea_000",
            "productShopPage": "https://www.newworld.co.nz/shop/product/5007644_ea_000nw",
            "productImageURL": "https://a.fsimg.co.nz/product/retail/fan/image/master/5007644.png",
            "productDescription": "Sugar Free.\n\nProduct of New Zealand",
            "volume": "500mL",
            "multipack": {
                "quantity": "1"
            }
        },
        "priceData": {
            "bestPrice": "3.49",
            "price": "3.49",
            "pricePerLitre": 7.0,
            "bestPricePerLitre": 7.0
        },
        "store": {
            "id": "7508cf88-9fd0-4e71-b2f2-d564b1decf8d",
            "name": "New World Whangaparaoa"
        }
    },
    {
        "productData": {
            "name": "V Original Guarana Energy Drink 500ml",
            "productId": "5004703_ea_000",
            "productShopPage": "https://www.newworld.co.nz/shop/product/5004703_ea_000nw",
            "productImageURL": "https://a.fsimg.co.nz/product/retail/fan/image/master/5004703.png",
            "productDescription": "Contains Caffeine.\n\nProduct of New Zealand",
            "volume": "500mL",
            "multipack": {
                "quantity": "1"
            }
        },
        "priceData": {
            "bestPrice": "3.49",
            "price": "3.49",
            "pricePerLitre": 7.0,
            "bestPricePerLitre": 7.0
        },
        "store": {
            "id": "7508cf88-9fd0-4e71-b2f2-d564b1decf8d",
            "name": "New World Whangaparaoa"
        }
    },
    {
        "productData": {
            "name": "V Original Guarana Energy Drink 500ml",
            "productId": "5007441_ea_000",
            "productShopPage": "https://www.newworld.co.nz/shop/product/5007441_ea_000nw",
            "productImageURL": "https://a.fsimg.co.nz/product/retail/fan/image/master/5007441.png",
            "productDescription": "Buy 2 for $5.00.\n\n\nContains Wheat Derivatives, Caffeine.\n\nProduct of New Zealand",
            "volume": "500mL",
            "multipack": {
                "quantity": "1"
            }
        },
        "priceData": {
            "bestPrice": 2.5,
            "price": 2.0,
            "pricePerLitre": 4.0,
            "bestPricePerLitre": 5.0,
            "multiBuy": {
                "quantity": 2.0,
                "value": 5.0,
                "perUnit": 2.5
            }
        },
        "store": {
            "id": "7508cf88-9fd0-4e71-b2f2-d564b1decf8d",
            "name": "New World Whangaparaoa"
        }
    },
    {
        "productData": {
            "name": "V Blue Guarana Energy Drink 10pk",
            "productId": "5290181_ea_000",
            "productShopPage": "https://www.newworld.co.nz/shop/product/5290181_ea_000nw",
            "productImageURL": "https://a.fsimg.co.nz/product/retail/fan/image/master/5290181.png",
            "productDescription": "Product of New Zealand",
            "volume": "250mL",
            "multipack": {
                "quantity": "10"
            }
        },
        "priceData": {
            "bestPrice": "17.99",
            "price": "17.99",
            "pricePerLitre": 7.2,
            "bestPricePerLitre": 7.2
        },
        "store": {
            "id": "e42fdd7c-6a4e-48d5-964c-5654fd36992b",
            "name": "New World Opotiki"
        }
    },
    {
        "productData": {
            "name": "V Blue Guarana Energy Drink 250ml",
            "productId": "5007495_ea_000",
            "productShopPage": "https://www.newworld.co.nz/shop/product/5007495_ea_000nw",
            "productImageURL": "https://a.fsimg.co.nz/product/retail/fan/image/master/5007495.png",
            "productDescription": "Contains Caffeine, Wheat Derivatives.\n\nProduct of New Zealand",
            "volume": "250mL",
            "multipack": {
                "quantity": "1"
            }
        },
        "priceData": {
            "bestPrice": "1.99",
            "price": "1.99",
            "pricePerLitre": 8.0,
            "bestPricePerLitre": 8.0
        },
        "store": {
            "id": "e42fdd7c-6a4e-48d5-964c-5654fd36992b",
            "name": "New World Opotiki"
        }
    },
    {
        "productData": {
            "name": "V Sugarfree Blue Guarana Energy Drink 4pk",
            "productId": "5289891_ea_000",
            "productShopPage": "https://www.newworld.co.nz/shop/product/5289891_ea_000nw",
            "productImageURL": "https://a.fsimg.co.nz/product/retail/fan/image/master/5289891.png",
            "productDescription": "Limit 12 assorted.\n\n\n\n\nProduct of New Zealand",
            "volume": "250mL",
            "multipack": {
                "quantity": "4"
            }
        },
        "priceData": {
            "bestPrice": "5.99",
            "price": "5.99",
            "pricePerLitre": 5.99,
            "bestPricePerLitre": 5.99
        },
        "store": {
            "id": "e42fdd7c-6a4e-48d5-964c-5654fd36992b",
            "name": "New World Opotiki"
        }
    },
    {
        "productData": {
            "name": "V Sugarfree Guarana Energy Drink 250ml",
            "productId": "5001639_ea_000",
            "productShopPage": "https://www.newworld.co.nz/shop/product/5001639_ea_000nw",
            "productImageURL": "https://a.fsimg.co.nz/product/retail/fan/image/master/5001639.png",
            "productDescription": "Sugar Free. Contains Caffeine.\n\nProduct of New Zealand",
            "volume": "250mL",
            "multipack": {
                "quantity": "1"
            }
        },
        "priceData": {
            "bestPrice": "1.99",
            "price": "1.99",
            "pricePerLitre": 8.0,
            "bestPricePerLitre": 8.0
        },
        "store": {
            "id": "e42fdd7c-6a4e-48d5-964c-5654fd36992b",
            "name": "New World Opotiki"
        }
    },
    {
        "productData": {
            "name": "V Sugarfree Guarana Energy Drink 10pk",
            "productId": "5289890_ea_000",
            "productShopPage": "https://www.newworld.co.nz/shop/product/5289890_ea_000nw",
            "productImageURL": "https://a.fsimg.co.nz/product/retail/fan/image/master/5289890.png",
            "productDescription": "Product of New Zealand",
            "volume": "",
            "multipack": {
                "quantity": ""
            }
        },
        "priceData": {
            "bestPrice": "17.99",
            "price": "17.99",
            "pricePerLitre": 72.0,
            "bestPricePerLitre": 72.0
        },
        "store": {
            "id": "e42fdd7c-6a4e-48d5-964c-5654fd36992b",
            "name": "New World Opotiki"
        }
    },
    {
        "productData": {
            "name": "V Raspberry Lemonade Guarana Energy Drink 4pk",
            "productId": "5264576_ea_000",
            "productShopPage": "https://www.newworld.co.nz/shop/product/5264576_ea_000nw",
            "productImageURL": "https://a.fsimg.co.nz/product/retail/fan/image/master/5264576.png",
            "productDescription": "Product of New Zealand",
            "volume": "275mL",
            "multipack": {
                "quantity": "4"
            }
        },
        "priceData": {
            "bestPrice": "9.19",
            "price": "9.19",
            "pricePerLitre": 8.355,
            "bestPricePerLitre": 8.355
        },
        "store": {
            "id": "e42fdd7c-6a4e-48d5-964c-5654fd36992b",
            "name": "New World Opotiki"
        }
    },
    {
        "productData": {
            "name": "V Green Guarana Energy Drink 6pk",
            "productId": "5272987_ea_000",
            "productShopPage": "https://www.newworld.co.nz/shop/product/5272987_ea_000nw",
            "productImageURL": "https://a.fsimg.co.nz/product/retail/fan/image/master/5272987.png",
            "productDescription": "Product of New Zealand",
            "volume": "330mL",
            "multipack": {
                "quantity": "6"
            }
        },
        "priceData": {
            "bestPrice": "11.99",
            "price": "11.99",
            "pricePerLitre": 6.05,
            "bestPricePerLitre": 6.05
        },
        "store": {
            "id": "e42fdd7c-6a4e-48d5-964c-5654fd36992b",
            "name": "New World Opotiki"
        }
    },
    {
        "productData": {
            "name": "Live Plus Persist Energy Drink 250ml",
            "productId": "5236678_ea_000",
            "productShopPage": "https://www.newworld.co.nz/shop/product/5236678_ea_000nw",
            "productImageURL": "https://a.fsimg.co.nz/product/retail/fan/image/master/5236678.png",
            "productDescription": "Limit 12 assorted.\n\n\n\n\nProduct of New Zealand",
            "volume": "",
            "multipack": {
                "quantity": ""
            }
        },
        "priceData": {
            "bestPrice": "0.99",
            "price": "0.99"
        },
        "store": {
            "id": "e42fdd7c-6a4e-48d5-964c-5654fd36992b",
            "name": "New World Opotiki"
        }
    },
    {
        "productData": {
            "name": "V Green Guarana Energy Drink 10pk",
            "productId": "5289889_ea_000",
            "productShopPage": "https://www.newworld.co.nz/shop/product/5289889_ea_000nw",
            "productImageURL": "https://a.fsimg.co.nz/product/retail/fan/image/master/5289889.png",
            "productDescription": "Product of New Zealand",
            "volume": "250mL",
            "multipack": {
                "quantity": "10"
            }
        },
        "priceData": {
            "bestPrice": "17.99",
            "price": "17.99",
            "pricePerLitre": 7.2,
            "bestPricePerLitre": 7.2
        },
        "store": {
            "id": "e42fdd7c-6a4e-48d5-964c-5654fd36992b",
            "name": "New World Opotiki"
        }
    },
    {
        "productData": {
            "name": "V Sugarfree Blue Guarana Energy Drink 500ml",
            "productId": "5283362_ea_000",
            "productShopPage": "https://www.newworld.co.nz/shop/product/5283362_ea_000nw",
            "productImageURL": "https://a.fsimg.co.nz/product/retail/fan/image/master/5283362.png",
            "productDescription": "Sugar free\n\nProduct of New Zealand",
            "volume": "500mL",
            "multipack": {
                "quantity": "1"
            }
        },
        "priceData": {
            "bestPrice": "3.49",
            "price": "3.49",
            "pricePerLitre": 7.0,
            "bestPricePerLitre": 7.0
        },
        "store": {
            "id": "e42fdd7c-6a4e-48d5-964c-5654fd36992b",
            "name": "New World Opotiki"
        }
    },
    {
        "productData": {
            "name": "V Original Guarana Energy Drink 350ml",
            "productId": "5003156_ea_000",
            "productShopPage": "https://www.newworld.co.nz/shop/product/5003156_ea_000nw",
            "productImageURL": "https://a.fsimg.co.nz/product/retail/fan/image/master/5003156.png",
            "productDescription": "Buy 2 for $5.00.\n\n\nContains Caffeine.\n\nProduct of New Zealand",
            "volume": "350mL",
            "multipack": {
                "quantity": "1"
            }
        },
        "priceData": {
            "bestPrice": 2.5,
            "price": 2.0,
            "pricePerLitre": 5.714285714285714,
            "bestPricePerLitre": 7.142857142857143,
            "multiBuy": {
                "quantity": 2.0,
                "value": 5.0,
                "perUnit": 2.5
            }
        },
        "store": {
            "id": "e42fdd7c-6a4e-48d5-964c-5654fd36992b",
            "name": "New World Opotiki"
        }
    },
    {
        "productData": {
            "name": "V Blue Guarana Energy Drink Cans 10pk",
            "productId": "5228254_ea_000",
            "productShopPage": "https://www.newworld.co.nz/shop/product/5228254_ea_000nw",
            "productImageURL": "https://a.fsimg.co.nz/product/retail/fan/image/master/5228254.png",
            "productDescription": "Product of New Zealand",
            "volume": "200mL",
            "multipack": {
                "quantity": "10"
            }
        },
        "priceData": {
            "bestPrice": "9.99",
            "price": "9.99",
            "pricePerLitre": 4.995,
            "bestPricePerLitre": 4.995
        },
        "store": {
            "id": "e42fdd7c-6a4e-48d5-964c-5654fd36992b",
            "name": "New World Opotiki"
        }
    },
    {
        "productData": {
            "name": "V Blue Guarana Energy Drink 4pk",
            "productId": "5210055_ea_000",
            "productShopPage": "https://www.newworld.co.nz/shop/product/5210055_ea_000nw",
            "productImageURL": "https://a.fsimg.co.nz/product/retail/fan/image/master/5210055.png",
            "productDescription": "Product of New Zealand",
            "volume": "275mL",
            "multipack": {
                "quantity": "4"
            }
        },
        "priceData": {
            "bestPrice": "9.19",
            "price": "9.19",
            "pricePerLitre": 8.4,
            "bestPricePerLitre": 8.4
        },
        "store": {
            "id": "e42fdd7c-6a4e-48d5-964c-5654fd36992b",
            "name": "New World Opotiki"
        }
    },
    {
        "productData": {
            "name": "V Blue Guarana Energy Drink 350ml",
            "productId": "5007492_ea_000",
            "productShopPage": "https://www.newworld.co.nz/shop/product/5007492_ea_000nw",
            "productImageURL": "https://a.fsimg.co.nz/product/retail/fan/image/master/5007492.png",
            "productDescription": "Buy 2 for $5.00.\n\n\nContains Caffeine, Wheat Derivatives.\n\nProduct of New Zealand",
            "volume": "350mL",
            "multipack": {
                "quantity": "1"
            }
        },
        "priceData": {
            "bestPrice": 2.5,
            "price": 2.0,
            "pricePerLitre": 5.714285714285714,
            "bestPricePerLitre": 7.142857142857143,
            "multiBuy": {
                "quantity": 2.0,
                "value": 5.0,
                "perUnit": 2.5
            }
        },
        "store": {
            "id": "e42fdd7c-6a4e-48d5-964c-5654fd36992b",
            "name": "New World Opotiki"
        }
    },
    {
        "productData": {
            "name": "V Blue Energy Drink 500ml",
            "productId": "5020662_ea_000",
            "productShopPage": "https://www.newworld.co.nz/shop/product/5020662_ea_000nw",
            "productImageURL": "https://a.fsimg.co.nz/product/retail/fan/image/master/5020662.png",
            "productDescription": "Buy 2 for $5.00.\n\n\n\n\nProduct of New Zealand",
            "volume": "500mL",
            "multipack": {
                "quantity": "1"
            }
        },
        "priceData": {
            "bestPrice": 2.5,
            "price": 2.0,
            "pricePerLitre": 4.0,
            "bestPricePerLitre": 5.0,
            "multiBuy": {
                "quantity": 2.0,
                "value": 5.0,
                "perUnit": 2.5
            }
        },
        "store": {
            "id": "e42fdd7c-6a4e-48d5-964c-5654fd36992b",
            "name": "New World Opotiki"
        }
    },
    {
        "productData": {
            "name": "V Blue Guarana Energy Drink 500ml",
            "productId": "5007494_ea_000",
            "productShopPage": "https://www.newworld.co.nz/shop/product/5007494_ea_000nw",
            "productImageURL": "https://a.fsimg.co.nz/product/retail/fan/image/master/5007494.png",
            "productDescription": "Contains Wheat Derivatives, Caffeine.\n\nProduct of New Zealand",
            "volume": "500mL",
            "multipack": {
                "quantity": "1"
            }
        },
        "priceData": {
            "bestPrice": "3.49",
            "price": "3.49",
            "pricePerLitre": 7.0,
            "bestPricePerLitre": 7.0
        },
        "store": {
            "id": "e42fdd7c-6a4e-48d5-964c-5654fd36992b",
            "name": "New World Opotiki"
        }
    },
    {
        "productData": {
            "name": "Red Bull Energy Drink 473ml",
            "productId": "5005255_ea_000",
            "productShopPage": "https://www.newworld.co.nz/shop/product/5005255_ea_000nw",
            "productImageURL": "https://a.fsimg.co.nz/product/retail/fan/image/master/5005255.png",
            "productDescription": "Red Bull Energy Drink's special formula contains ingredients of high quality: Caffeine, Taurine, B-Group Vitamins, Sugars, Alpine Water.One 250ml can of Red Bull Energy Drinks contains 80 mg of caffeine, about the same amount as in a cup of home-brewed coffee.The amount of sugars in a can of Red Bull Energy Drink is comparable to the level of sugars in an equivalent amount of apple or orange juice – 11 g per 100ml.Red Bull cans are made of 100% recyclable aluminium.Red Bull Energy Drink 473ml canVitalizes Body and Mind.®RED BULL GIVES YOU WINGSInspired by functional drinks from the Far East, Dietrich Mateschitz founded Red Bull in the mid-1980s. He developed a new product and a unique marketing concept and launched Red Bull Energy Drink on April 1, 1987 in Austria. A brand new product category - Energy Drinks - was born.\n\nProduct of Imported",
            "volume": "473mL",
            "multipack": {
                "quantity": "1"
            }
        },
        "priceData": {
            "bestPrice": "3.59",
            "price": "3.59",
            "pricePerLitre": 7.6,
            "bestPricePerLitre": 7.6
        },
        "store": {
            "id": "e42fdd7c-6a4e-48d5-964c-5654fd36992b",
            "name": "New World Opotiki"
        }
    },
    {
        "productData": {
            "name": "V Original Guarana Energy Drink 250ml",
            "productId": "5003151_ea_000",
            "productShopPage": "https://www.newworld.co.nz/shop/product/5003151_ea_000nw",
            "productImageURL": "https://a.fsimg.co.nz/product/retail/fan/image/master/5003151.png",
            "productDescription": "Contains Caffeine.\n\nProduct of New Zealand",
            "volume": "250mL",
            "multipack": {
                "quantity": "1"
            }
        },
        "priceData": {
            "bestPrice": "1.99",
            "price": "1.99",
            "pricePerLitre": 8.0,
            "bestPricePerLitre": 8.0
        },
        "store": {
            "id": "e42fdd7c-6a4e-48d5-964c-5654fd36992b",
            "name": "New World Opotiki"
        }
    },
    {
        "productData": {
            "name": "Red Bull Energy Drink 250ml Cans 4pk",
            "productId": "5001443_ea_000",
            "productShopPage": "https://www.newworld.co.nz/shop/product/5001443_ea_000nw",
            "productImageURL": "https://a.fsimg.co.nz/product/retail/fan/image/master/5001443.png",
            "productDescription": "Red Bull Energy Drink's special formula contains ingredients of high quality: Caffeine, Taurine, B-Group Vitamins, Sugars, Alpine Water.One 250ml can of Red Bull Energy Drinks contains 80 mg of caffeine, about the same amount as in a cup of home-brewed coffee.The amount of sugars in a can of Red Bull Energy Drink is comparable to the level of sugars in an equivalent amount of apple or orange juice – 11 g per 100ml.Red Bull cans are made of 100% recyclable aluminium.Pack of four 250ml Red Bull Energy Drink cansVitalizes Body and Mind.®RED BULL GIVES YOU WINGSInspired by functional drinks from the Far East, Dietrich Mateschitz founded Red Bull in the mid-1980s. He developed a new product and a unique marketing concept and launched Red Bull Energy Drink on April 1, 1987 in Austria. A brand new product category - Energy Drinks - was born.",
            "volume": "250mL",
            "multipack": {
                "quantity": "4"
            }
        },
        "priceData": {
            "bestPrice": "8.29",
            "price": "8.29",
            "pricePerLitre": 8.299999999999999,
            "bestPricePerLitre": 8.299999999999999
        },
        "store": {
            "id": "e42fdd7c-6a4e-48d5-964c-5654fd36992b",
            "name": "New World Opotiki"
        }
    },
    {
        "productData": {
            "name": "V Green Guarana Energy Drink 710ml",
            "productId": "5030250_ea_000",
            "productShopPage": "https://www.newworld.co.nz/shop/product/5030250_ea_000nw",
            "productImageURL": "https://a.fsimg.co.nz/product/retail/fan/image/master/5030250.png",
            "productDescription": "Contains Wheat Derivatives\n\nProduct of Imported",
            "volume": "250mL",
            "multipack": {
                "quantity": "3"
            }
        },
        "priceData": {
            "bestPrice": "3.49",
            "price": "3.49",
            "pricePerLitre": 4.9,
            "bestPricePerLitre": 4.9
        },
        "store": {
            "id": "e42fdd7c-6a4e-48d5-964c-5654fd36992b",
            "name": "New World Opotiki"
        }
    },
    {
        "productData": {
            "name": "Lucozade Orange Energy Drink 380ml",
            "productId": "5009239_ea_000",
            "productShopPage": "https://www.newworld.co.nz/shop/product/5009239_ea_000nw",
            "productImageURL": "https://a.fsimg.co.nz/product/retail/fan/image/master/5009239.png",
            "productDescription": "Powered by Glucose.\n\nProduct of New Zealand",
            "volume": "380mL",
            "multipack": {
                "quantity": "1"
            }
        },
        "priceData": {
            "bestPrice": "2.69",
            "price": "2.69",
            "pricePerLitre": 7.08,
            "bestPricePerLitre": 7.08
        },
        "store": {
            "id": "e42fdd7c-6a4e-48d5-964c-5654fd36992b",
            "name": "New World Opotiki"
        }
    },
    {
        "productData": {
            "name": "V Pure Natural Energy Drink Glass Bottle 330ml",
            "productId": "5237753_ea_000",
            "productShopPage": "https://www.newworld.co.nz/shop/product/5237753_ea_000nw",
            "productImageURL": "https://a.fsimg.co.nz/product/retail/fan/image/master/5237753.png",
            "productDescription": "Buy 2 for $5.00.\n\n\nNothing artificial\n\nProduct of New Zealand",
            "volume": "330mL",
            "multipack": {
                "quantity": "1"
            }
        },
        "priceData": {
            "bestPrice": 2.5,
            "price": 2.0,
            "pricePerLitre": 6.0606060606060606,
            "bestPricePerLitre": 7.575757575757575,
            "multiBuy": {
                "quantity": 2.0,
                "value": 5.0,
                "perUnit": 2.5
            }
        },
        "store": {
            "id": "e42fdd7c-6a4e-48d5-964c-5654fd36992b",
            "name": "New World Opotiki"
        }
    },
    {
        "productData": {
            "name": "Rockstar Original Energy Drink 500ml",
            "productId": "5215383_ea_000",
            "productShopPage": "https://www.newworld.co.nz/shop/product/5215383_ea_000nw",
            "productImageURL": "https://a.fsimg.co.nz/product/retail/fan/image/master/5215383.png",
            "productDescription": "Buy 3 for $5.00.\n\n\nCaffeine; B vitamins; Vitamin C; Taurine; Ginseng\n\nProduct of New Zealand",
            "volume": "500mL",
            "multipack": {
                "quantity": "1"
            }
        },
        "priceData": {
            "bestPrice": 1.6666666666666667,
            "price": 1.0,
            "pricePerLitre": 2.0,
            "bestPricePerLitre": 3.3333333333333335,
            "multiBuy": {
                "quantity": 3.0,
                "value": 5.0,
                "perUnit": 1.6666666666666667
            }
        },
        "store": {
            "id": "e42fdd7c-6a4e-48d5-964c-5654fd36992b",
            "name": "New World Opotiki"
        }
    },
    {
        "productData": {
            "name": "V Raspberry Lemonade Guarana Energy Drink 4pk",
            "productId": "5289907_ea_000",
            "productShopPage": "https://www.newworld.co.nz/shop/product/5289907_ea_000nw",
            "productImageURL": "https://a.fsimg.co.nz/product/retail/fan/image/master/5289907.png",
            "productDescription": "Limit 12 assorted.\n\n\n\n\nProduct of New Zealand",
            "volume": "250mL",
            "multipack": {
                "quantity": "4"
            }
        },
        "priceData": {
            "bestPrice": "5.99",
            "price": "5.99",
            "pricePerLitre": 5.99,
            "bestPricePerLitre": 5.99
        },
        "store": {
            "id": "e42fdd7c-6a4e-48d5-964c-5654fd36992b",
            "name": "New World Opotiki"
        }
    },
    {
        "productData": {
            "name": "V Blue Can 4pk",
            "productId": "5030249_ea_000",
            "productShopPage": "https://www.newworld.co.nz/shop/product/5030249_ea_000nw",
            "productImageURL": "https://a.fsimg.co.nz/product/retail/fan/image/master/5030249.png",
            "productDescription": "Limit 12 assorted.\n\n\nContains Wheat Derivatives, Caffeine.\n\nProduct of New Zealand",
            "volume": "250mL",
            "multipack": {
                "quantity": "4"
            }
        },
        "priceData": {
            "bestPrice": "5.99",
            "price": "5.99",
            "pricePerLitre": 5.99,
            "bestPricePerLitre": 5.99
        },
        "store": {
            "id": "e42fdd7c-6a4e-48d5-964c-5654fd36992b",
            "name": "New World Opotiki"
        }
    },
    {
        "productData": {
            "name": "V Energy Drink Sugarfree Cans 4pk",
            "productId": "5004117_ea_000",
            "productShopPage": "https://www.newworld.co.nz/shop/product/5004117_ea_000nw",
            "productImageURL": "https://a.fsimg.co.nz/product/retail/fan/image/master/5004117.png",
            "productDescription": "Limit 12 assorted.\n\n\nSugar Free. Contains Caffeine.\n\nProduct of New Zealand",
            "volume": "250mL",
            "multipack": {
                "quantity": "4"
            }
        },
        "priceData": {
            "bestPrice": "5.99",
            "price": "5.99",
            "pricePerLitre": 5.99,
            "bestPricePerLitre": 5.99
        },
        "store": {
            "id": "e42fdd7c-6a4e-48d5-964c-5654fd36992b",
            "name": "New World Opotiki"
        }
    },
    {
        "productData": {
            "name": "Monster Mango Loco Energy Drink 500ml",
            "productId": "5242374_ea_000",
            "productShopPage": "https://www.newworld.co.nz/shop/product/5242374_ea_000nw",
            "productImageURL": "https://a.fsimg.co.nz/product/retail/fan/image/master/5242374.png",
            "productDescription": "Product of Imported",
            "volume": "500mL",
            "multipack": {
                "quantity": "1"
            }
        },
        "priceData": {
            "bestPrice": "2.99",
            "price": "2.99",
            "pricePerLitre": 6.0,
            "bestPricePerLitre": 6.0
        },
        "store": {
            "id": "e42fdd7c-6a4e-48d5-964c-5654fd36992b",
            "name": "New World Opotiki"
        }
    },
    {
        "productData": {
            "name": "Monster Zero Sugar Ultra Rosa Energy Drink 500ml",
            "productId": "5278094_ea_000",
            "productShopPage": "https://www.newworld.co.nz/shop/product/5278094_ea_000nw",
            "productImageURL": "https://a.fsimg.co.nz/product/retail/fan/image/master/5278094.png",
            "productDescription": "Product of Imported",
            "volume": "500mL",
            "multipack": {
                "quantity": "1"
            }
        },
        "priceData": {
            "bestPrice": "2.99",
            "price": "2.99",
            "pricePerLitre": 6.0,
            "bestPricePerLitre": 6.0
        },
        "store": {
            "id": "e42fdd7c-6a4e-48d5-964c-5654fd36992b",
            "name": "New World Opotiki"
        }
    },
    {
        "productData": {
            "name": "V Energy Drink Green Cans 4pk",
            "productId": "5002893_ea_000",
            "productShopPage": "https://www.newworld.co.nz/shop/product/5002893_ea_000nw",
            "productImageURL": "https://a.fsimg.co.nz/product/retail/fan/image/master/5002893.png",
            "productDescription": "Limit 12 assorted.\n\n\nContains Caffeine.\n\nProduct of New Zealand",
            "volume": "250mL",
            "multipack": {
                "quantity": "4"
            }
        },
        "priceData": {
            "bestPrice": "5.99",
            "price": "5.99",
            "pricePerLitre": 5.99,
            "bestPricePerLitre": 5.99
        },
        "store": {
            "id": "e42fdd7c-6a4e-48d5-964c-5654fd36992b",
            "name": "New World Opotiki"
        }
    },
    {
        "productData": {
            "name": "Monster Ultra Zero Drink 500ml",
            "productId": "5090618_ea_000",
            "productShopPage": "https://www.newworld.co.nz/shop/product/5090618_ea_000nw",
            "productImageURL": "https://a.fsimg.co.nz/product/retail/fan/image/master/5090618.png",
            "productDescription": "A little less sweet, lighter-tasting, zero calories, but with a full load of our Monster energy blend. Sure, white is the new black. Monster Energy Zero Ultra. Unleash the Ultra Beast!\n\nProduct of Imported",
            "volume": "500mL",
            "multipack": {
                "quantity": "1"
            }
        },
        "priceData": {
            "bestPrice": "2.99",
            "price": "2.99",
            "pricePerLitre": 6.0,
            "bestPricePerLitre": 6.0
        },
        "store": {
            "id": "e42fdd7c-6a4e-48d5-964c-5654fd36992b",
            "name": "New World Opotiki"
        }
    },
    {
        "productData": {
            "name": "Mother Energy Drink Can 500ml",
            "productId": "5011153_ea_000",
            "productShopPage": "https://www.newworld.co.nz/shop/product/5011153_ea_000nw",
            "productImageURL": "https://a.fsimg.co.nz/product/retail/fan/image/master/5011153.png",
            "productDescription": "Contains Caffeine.\n\nProduct of New Zealand",
            "volume": "500mL",
            "multipack": {
                "quantity": "1"
            }
        },
        "priceData": {
            "bestPrice": "1.99",
            "price": "1.99",
            "pricePerLitre": 4.0,
            "bestPricePerLitre": 4.0
        },
        "store": {
            "id": "e42fdd7c-6a4e-48d5-964c-5654fd36992b",
            "name": "New World Opotiki"
        }
    },
    {
        "productData": {
            "name": "Mother Energy Drink Can 6pk",
            "productId": "5009490_ea_000",
            "productShopPage": "https://www.newworld.co.nz/shop/product/5009490_ea_000nw",
            "productImageURL": "https://a.fsimg.co.nz/product/retail/fan/image/master/5009490.png",
            "productDescription": "Contains Caffeine.\n\nProduct of New Zealand",
            "volume": "250mL",
            "multipack": {
                "quantity": "6"
            }
        },
        "priceData": {
            "bestPrice": "7.49",
            "price": "7.49",
            "pricePerLitre": 5.0,
            "bestPricePerLitre": 5.0
        },
        "store": {
            "id": "e42fdd7c-6a4e-48d5-964c-5654fd36992b",
            "name": "New World Opotiki"
        }
    },
    {
        "productData": {
            "name": "Monster Pipeline Punch Energy Drink 500ml",
            "productId": "5242373_ea_000",
            "productShopPage": "https://www.newworld.co.nz/shop/product/5242373_ea_000nw",
            "productImageURL": "https://a.fsimg.co.nz/product/retail/fan/image/master/5242373.png",
            "productDescription": "Product of Imported",
            "volume": "500mL",
            "multipack": {
                "quantity": "1"
            }
        },
        "priceData": {
            "bestPrice": "2.99",
            "price": "2.99",
            "pricePerLitre": 6.0,
            "bestPricePerLitre": 6.0
        },
        "store": {
            "id": "e42fdd7c-6a4e-48d5-964c-5654fd36992b",
            "name": "New World Opotiki"
        }
    },
    {
        "productData": {
            "name": "Monster Energy Drink 500ml",
            "productId": "5007647_ea_000",
            "productShopPage": "https://www.newworld.co.nz/shop/product/5007647_ea_000nw",
            "productImageURL": "https://a.fsimg.co.nz/product/retail/fan/image/master/5007647.png",
            "productDescription": "Contains Caffeine.\n\nProduct of Imported",
            "volume": "500mL",
            "multipack": {
                "quantity": "1"
            }
        },
        "priceData": {
            "bestPrice": "2.99",
            "price": "2.99",
            "pricePerLitre": 6.0,
            "bestPricePerLitre": 6.0
        },
        "store": {
            "id": "e42fdd7c-6a4e-48d5-964c-5654fd36992b",
            "name": "New World Opotiki"
        }
    },
    {
        "productData": {
            "name": "Monster Energy Drink 4pk",
            "productId": "5107264_ea_000",
            "productShopPage": "https://www.newworld.co.nz/shop/product/5107264_ea_000nw",
            "productImageURL": "https://a.fsimg.co.nz/product/retail/fan/image/master/5107264.png",
            "productDescription": "Product of Imported",
            "volume": "",
            "multipack": {
                "quantity": ""
            }
        },
        "priceData": {
            "bestPrice": "11.99",
            "price": "11.99",
            "pricePerLitre": 6.0,
            "bestPricePerLitre": 6.0
        },
        "store": {
            "id": "e42fdd7c-6a4e-48d5-964c-5654fd36992b",
            "name": "New World Opotiki"
        }
    },
    {
        "productData": {
            "name": "V Sugarfree Guarana Energy Drink 500ml",
            "productId": "5007644_ea_000",
            "productShopPage": "https://www.newworld.co.nz/shop/product/5007644_ea_000nw",
            "productImageURL": "https://a.fsimg.co.nz/product/retail/fan/image/master/5007644.png",
            "productDescription": "Sugar Free.\n\nProduct of New Zealand",
            "volume": "500mL",
            "multipack": {
                "quantity": "1"
            }
        },
        "priceData": {
            "bestPrice": "3.49",
            "price": "3.49",
            "pricePerLitre": 7.0,
            "bestPricePerLitre": 7.0
        },
        "store": {
            "id": "e42fdd7c-6a4e-48d5-964c-5654fd36992b",
            "name": "New World Opotiki"
        }
    },
    {
        "productData": {
            "name": "V Original Guarana Energy Drink 500ml",
            "productId": "5004703_ea_000",
            "productShopPage": "https://www.newworld.co.nz/shop/product/5004703_ea_000nw",
            "productImageURL": "https://a.fsimg.co.nz/product/retail/fan/image/master/5004703.png",
            "productDescription": "Contains Caffeine.\n\nProduct of New Zealand",
            "volume": "500mL",
            "multipack": {
                "quantity": "1"
            }
        },
        "priceData": {
            "bestPrice": "3.49",
            "price": "3.49",
            "pricePerLitre": 7.0,
            "bestPricePerLitre": 7.0
        },
        "store": {
            "id": "e42fdd7c-6a4e-48d5-964c-5654fd36992b",
            "name": "New World Opotiki"
        }
    },
    {
        "productData": {
            "name": "V Original Guarana Energy Drink 4pk",
            "productId": "5210048_ea_000",
            "productShopPage": "https://www.newworld.co.nz/shop/product/5210048_ea_000nw",
            "productImageURL": "https://a.fsimg.co.nz/product/retail/fan/image/master/5210048.png",
            "productDescription": "Product of New Zealand",
            "volume": "275mL",
            "multipack": {
                "quantity": "4"
            }
        },
        "priceData": {
            "bestPrice": "9.19",
            "price": "9.19",
            "pricePerLitre": 8.4,
            "bestPricePerLitre": 8.4
        },
        "store": {
            "id": "e42fdd7c-6a4e-48d5-964c-5654fd36992b",
            "name": "New World Opotiki"
        }
    },
    {
        "productData": {
            "name": "V Green Guarana Energy Drink Cans 10pk",
            "productId": "5210061_ea_000",
            "productShopPage": "https://www.newworld.co.nz/shop/product/5210061_ea_000nw",
            "productImageURL": "https://a.fsimg.co.nz/product/retail/fan/image/master/5210061.png",
            "productDescription": "Product of New Zealand",
            "volume": "200mL",
            "multipack": {
                "quantity": "10"
            }
        },
        "priceData": {
            "bestPrice": "9.99",
            "price": "9.99",
            "pricePerLitre": 5.0,
            "bestPricePerLitre": 5.0
        },
        "store": {
            "id": "e42fdd7c-6a4e-48d5-964c-5654fd36992b",
            "name": "New World Opotiki"
        }
    },
    {
        "productData": {
            "name": "V Original Guarana Energy Drink 500ml",
            "productId": "5007441_ea_000",
            "productShopPage": "https://www.newworld.co.nz/shop/product/5007441_ea_000nw",
            "productImageURL": "https://a.fsimg.co.nz/product/retail/fan/image/master/5007441.png",
            "productDescription": "Buy 2 for $5.00.\n\n\nContains Wheat Derivatives, Caffeine.\n\nProduct of New Zealand",
            "volume": "500mL",
            "multipack": {
                "quantity": "1"
            }
        },
        "priceData": {
            "bestPrice": 2.5,
            "price": 2.0,
            "pricePerLitre": 4.0,
            "bestPricePerLitre": 5.0,
            "multiBuy": {
                "quantity": 2.0,
                "value": 5.0,
                "perUnit": 2.5
            }
        },
        "store": {
            "id": "e42fdd7c-6a4e-48d5-964c-5654fd36992b",
            "name": "New World Opotiki"
        }
    },
    {
        "productData": {
            "name": "V Blue Guarana Energy Drink 250ml",
            "productId": "5007495_ea_000",
            "productShopPage": "https://www.newworld.co.nz/shop/product/5007495_ea_000nw",
            "productImageURL": "https://a.fsimg.co.nz/product/retail/fan/image/master/5007495.png",
            "productDescription": "Contains Caffeine, Wheat Derivatives.\n\nProduct of New Zealand",
            "volume": "250mL",
            "multipack": {
                "quantity": "1"
            }
        },
        "priceData": {
            "bestPrice": "1.99",
            "price": "1.99",
            "pricePerLitre": 8.0,
            "bestPricePerLitre": 8.0
        },
        "store": {
            "id": "1898a189-acf3-4320-8704-7a9cc6b3924d",
            "name": "New World Shore City"
        }
    },
    {
        "productData": {
            "name": "V Sugarfree Guarana Energy Drink 250ml",
            "productId": "5001639_ea_000",
            "productShopPage": "https://www.newworld.co.nz/shop/product/5001639_ea_000nw",
            "productImageURL": "https://a.fsimg.co.nz/product/retail/fan/image/master/5001639.png",
            "productDescription": "Sugar Free. Contains Caffeine.\n\nProduct of New Zealand",
            "volume": "250mL",
            "multipack": {
                "quantity": "1"
            }
        },
        "priceData": {
            "bestPrice": "1.99",
            "price": "1.99",
            "pricePerLitre": 8.0,
            "bestPricePerLitre": 8.0
        },
        "store": {
            "id": "1898a189-acf3-4320-8704-7a9cc6b3924d",
            "name": "New World Shore City"
        }
    },
    {
        "productData": {
            "name": "Live Plus Persist Energy Drink 250ml",
            "productId": "5236678_ea_000",
            "productShopPage": "https://www.newworld.co.nz/shop/product/5236678_ea_000nw",
            "productImageURL": "https://a.fsimg.co.nz/product/retail/fan/image/master/5236678.png",
            "productDescription": "Limit 12 assorted.\n\n\n\n\nProduct of New Zealand",
            "volume": "",
            "multipack": {
                "quantity": ""
            }
        },
        "priceData": {
            "bestPrice": "0.99",
            "price": "0.99"
        },
        "store": {
            "id": "1898a189-acf3-4320-8704-7a9cc6b3924d",
            "name": "New World Shore City"
        }
    },
    {
        "productData": {
            "name": "V Sugarfree Blue Guarana Energy Drink 500ml",
            "productId": "5283362_ea_000",
            "productShopPage": "https://www.newworld.co.nz/shop/product/5283362_ea_000nw",
            "productImageURL": "https://a.fsimg.co.nz/product/retail/fan/image/master/5283362.png",
            "productDescription": "Sugar free\n\nProduct of New Zealand",
            "volume": "500mL",
            "multipack": {
                "quantity": "1"
            }
        },
        "priceData": {
            "bestPrice": "3.49",
            "price": "3.49",
            "pricePerLitre": 7.0,
            "bestPricePerLitre": 7.0
        },
        "store": {
            "id": "1898a189-acf3-4320-8704-7a9cc6b3924d",
            "name": "New World Shore City"
        }
    },
    {
        "productData": {
            "name": "V Original Guarana Energy Drink 350ml",
            "productId": "5003156_ea_000",
            "productShopPage": "https://www.newworld.co.nz/shop/product/5003156_ea_000nw",
            "productImageURL": "https://a.fsimg.co.nz/product/retail/fan/image/master/5003156.png",
            "productDescription": "Buy 2 for $5.00.\n\n\nContains Caffeine.\n\nProduct of New Zealand",
            "volume": "350mL",
            "multipack": {
                "quantity": "1"
            }
        },
        "priceData": {
            "bestPrice": 2.5,
            "price": 2.0,
            "pricePerLitre": 5.714285714285714,
            "bestPricePerLitre": 7.142857142857143,
            "multiBuy": {
                "quantity": 2.0,
                "value": 5.0,
                "perUnit": 2.5
            }
        },
        "store": {
            "id": "1898a189-acf3-4320-8704-7a9cc6b3924d",
            "name": "New World Shore City"
        }
    },
    {
        "productData": {
            "name": "V Blue Guarana Energy Drink Cans 10pk",
            "productId": "5228254_ea_000",
            "productShopPage": "https://www.newworld.co.nz/shop/product/5228254_ea_000nw",
            "productImageURL": "https://a.fsimg.co.nz/product/retail/fan/image/master/5228254.png",
            "productDescription": "Product of New Zealand",
            "volume": "200mL",
            "multipack": {
                "quantity": "10"
            }
        },
        "priceData": {
            "bestPrice": "17.19",
            "price": "17.19",
            "pricePerLitre": 8.595,
            "bestPricePerLitre": 8.595
        },
        "store": {
            "id": "1898a189-acf3-4320-8704-7a9cc6b3924d",
            "name": "New World Shore City"
        }
    },
    {
        "productData": {
            "name": "V Blue Guarana Energy Drink 4pk",
            "productId": "5210055_ea_000",
            "productShopPage": "https://www.newworld.co.nz/shop/product/5210055_ea_000nw",
            "productImageURL": "https://a.fsimg.co.nz/product/retail/fan/image/master/5210055.png",
            "productDescription": "Product of New Zealand",
            "volume": "275mL",
            "multipack": {
                "quantity": "4"
            }
        },
        "priceData": {
            "bestPrice": "10.29",
            "price": "10.29",
            "pricePerLitre": 9.399999999999999,
            "bestPricePerLitre": 9.399999999999999
        },
        "store": {
            "id": "1898a189-acf3-4320-8704-7a9cc6b3924d",
            "name": "New World Shore City"
        }
    },
    {
        "productData": {
            "name": "V Blue Guarana Energy Drink 350ml",
            "productId": "5007492_ea_000",
            "productShopPage": "https://www.newworld.co.nz/shop/product/5007492_ea_000nw",
            "productImageURL": "https://a.fsimg.co.nz/product/retail/fan/image/master/5007492.png",
            "productDescription": "Buy 2 for $5.00.\n\n\nContains Caffeine, Wheat Derivatives.\n\nProduct of New Zealand",
            "volume": "350mL",
            "multipack": {
                "quantity": "1"
            }
        },
        "priceData": {
            "bestPrice": 2.5,
            "price": 2.0,
            "pricePerLitre": 5.714285714285714,
            "bestPricePerLitre": 7.142857142857143,
            "multiBuy": {
                "quantity": 2.0,
                "value": 5.0,
                "perUnit": 2.5
            }
        },
        "store": {
            "id": "1898a189-acf3-4320-8704-7a9cc6b3924d",
            "name": "New World Shore City"
        }
    },
    {
        "productData": {
            "name": "V Blue Energy Drink 500ml",
            "productId": "5020662_ea_000",
            "productShopPage": "https://www.newworld.co.nz/shop/product/5020662_ea_000nw",
            "productImageURL": "https://a.fsimg.co.nz/product/retail/fan/image/master/5020662.png",
            "productDescription": "Buy 2 for $5.00.\n\n\n\n\nProduct of New Zealand",
            "volume": "500mL",
            "multipack": {
                "quantity": "1"
            }
        },
        "priceData": {
            "bestPrice": 2.5,
            "price": 2.0,
            "pricePerLitre": 4.0,
            "bestPricePerLitre": 5.0,
            "multiBuy": {
                "quantity": 2.0,
                "value": 5.0,
                "perUnit": 2.5
            }
        },
        "store": {
            "id": "1898a189-acf3-4320-8704-7a9cc6b3924d",
            "name": "New World Shore City"
        }
    },
    {
        "productData": {
            "name": "V Blue Guarana Energy Drink 500ml",
            "productId": "5007494_ea_000",
            "productShopPage": "https://www.newworld.co.nz/shop/product/5007494_ea_000nw",
            "productImageURL": "https://a.fsimg.co.nz/product/retail/fan/image/master/5007494.png",
            "productDescription": "Contains Wheat Derivatives, Caffeine.\n\nProduct of New Zealand",
            "volume": "500mL",
            "multipack": {
                "quantity": "1"
            }
        },
        "priceData": {
            "bestPrice": "3.49",
            "price": "3.49",
            "pricePerLitre": 7.0,
            "bestPricePerLitre": 7.0
        },
        "store": {
            "id": "1898a189-acf3-4320-8704-7a9cc6b3924d",
            "name": "New World Shore City"
        }
    },
    {
        "productData": {
            "name": "Red Bull Energy Drink 473ml",
            "productId": "5005255_ea_000",
            "productShopPage": "https://www.newworld.co.nz/shop/product/5005255_ea_000nw",
            "productImageURL": "https://a.fsimg.co.nz/product/retail/fan/image/master/5005255.png",
            "productDescription": "Red Bull Energy Drink's special formula contains ingredients of high quality: Caffeine, Taurine, B-Group Vitamins, Sugars, Alpine Water.One 250ml can of Red Bull Energy Drinks contains 80 mg of caffeine, about the same amount as in a cup of home-brewed coffee.The amount of sugars in a can of Red Bull Energy Drink is comparable to the level of sugars in an equivalent amount of apple or orange juice – 11 g per 100ml.Red Bull cans are made of 100% recyclable aluminium.Red Bull Energy Drink 473ml canVitalizes Body and Mind.®RED BULL GIVES YOU WINGSInspired by functional drinks from the Far East, Dietrich Mateschitz founded Red Bull in the mid-1980s. He developed a new product and a unique marketing concept and launched Red Bull Energy Drink on April 1, 1987 in Austria. A brand new product category - Energy Drinks - was born.\n\nProduct of Imported",
            "volume": "473mL",
            "multipack": {
                "quantity": "1"
            }
        },
        "priceData": {
            "bestPrice": "3.99",
            "price": "3.99",
            "pricePerLitre": 8.4,
            "bestPricePerLitre": 8.4
        },
        "store": {
            "id": "1898a189-acf3-4320-8704-7a9cc6b3924d",
            "name": "New World Shore City"
        }
    },
    {
        "productData": {
            "name": "V Original Guarana Energy Drink 250ml",
            "productId": "5003151_ea_000",
            "productShopPage": "https://www.newworld.co.nz/shop/product/5003151_ea_000nw",
            "productImageURL": "https://a.fsimg.co.nz/product/retail/fan/image/master/5003151.png",
            "productDescription": "Contains Caffeine.\n\nProduct of New Zealand",
            "volume": "250mL",
            "multipack": {
                "quantity": "1"
            }
        },
        "priceData": {
            "bestPrice": "1.99",
            "price": "1.99",
            "pricePerLitre": 8.0,
            "bestPricePerLitre": 8.0
        },
        "store": {
            "id": "1898a189-acf3-4320-8704-7a9cc6b3924d",
            "name": "New World Shore City"
        }
    },
    {
        "productData": {
            "name": "Red Bull Energy Drink 250ml Cans 4pk",
            "productId": "5001443_ea_000",
            "productShopPage": "https://www.newworld.co.nz/shop/product/5001443_ea_000nw",
            "productImageURL": "https://a.fsimg.co.nz/product/retail/fan/image/master/5001443.png",
            "productDescription": "Red Bull Energy Drink's special formula contains ingredients of high quality: Caffeine, Taurine, B-Group Vitamins, Sugars, Alpine Water.One 250ml can of Red Bull Energy Drinks contains 80 mg of caffeine, about the same amount as in a cup of home-brewed coffee.The amount of sugars in a can of Red Bull Energy Drink is comparable to the level of sugars in an equivalent amount of apple or orange juice – 11 g per 100ml.Red Bull cans are made of 100% recyclable aluminium.Pack of four 250ml Red Bull Energy Drink cansVitalizes Body and Mind.®RED BULL GIVES YOU WINGSInspired by functional drinks from the Far East, Dietrich Mateschitz founded Red Bull in the mid-1980s. He developed a new product and a unique marketing concept and launched Red Bull Energy Drink on April 1, 1987 in Austria. A brand new product category - Energy Drinks - was born.",
            "volume": "250mL",
            "multipack": {
                "quantity": "4"
            }
        },
        "priceData": {
            "bestPrice": "8.99",
            "price": "8.99",
            "pricePerLitre": 9.0,
            "bestPricePerLitre": 9.0
        },
        "store": {
            "id": "1898a189-acf3-4320-8704-7a9cc6b3924d",
            "name": "New World Shore City"
        }
    },
    {
        "productData": {
            "name": "V Pure Natural Energy Drink Glass Bottle 330ml",
            "productId": "5237753_ea_000",
            "productShopPage": "https://www.newworld.co.nz/shop/product/5237753_ea_000nw",
            "productImageURL": "https://a.fsimg.co.nz/product/retail/fan/image/master/5237753.png",
            "productDescription": "Buy 2 for $5.00.\n\n\nNothing artificial\n\nProduct of New Zealand",
            "volume": "330mL",
            "multipack": {
                "quantity": "1"
            }
        },
        "priceData": {
            "bestPrice": 2.5,
            "price": 2.0,
            "pricePerLitre": 6.0606060606060606,
            "bestPricePerLitre": 7.575757575757575,
            "multiBuy": {
                "quantity": 2.0,
                "value": 5.0,
                "perUnit": 2.5
            }
        },
        "store": {
            "id": "1898a189-acf3-4320-8704-7a9cc6b3924d",
            "name": "New World Shore City"
        }
    },
    {
        "productData": {
            "name": "V Pure Natural Energy Drink Can 250ml",
            "productId": "5237735_ea_000",
            "productShopPage": "https://www.newworld.co.nz/shop/product/5237735_ea_000nw",
            "productImageURL": "https://a.fsimg.co.nz/product/retail/fan/image/master/5237735.png",
            "productDescription": "6 natural ingredients; Nothing artificial; Apple juice - Apple and lemon juice is reconstituted; Lemon juice - Apple and lemon juice is reconstituted\n\nProduct of New Zealand",
            "volume": "250mL",
            "multipack": {
                "quantity": "1"
            }
        },
        "priceData": {
            "bestPrice": "1.99",
            "price": "1.99",
            "pricePerLitre": 8.0,
            "bestPricePerLitre": 8.0
        },
        "store": {
            "id": "1898a189-acf3-4320-8704-7a9cc6b3924d",
            "name": "New World Shore City"
        }
    },
    {
        "productData": {
            "name": "V Raspberry Lemonade Can 500ml",
            "productId": "5264523_ea_000",
            "productShopPage": "https://www.newworld.co.nz/shop/product/5264523_ea_000nw",
            "productImageURL": "https://a.fsimg.co.nz/product/retail/fan/image/master/5264523.png",
            "productDescription": "Product of New Zealand",
            "volume": "500mL",
            "multipack": {
                "quantity": "1"
            }
        },
        "priceData": {
            "bestPrice": "3.49",
            "price": "3.49",
            "pricePerLitre": 7.0,
            "bestPricePerLitre": 7.0
        },
        "store": {
            "id": "1898a189-acf3-4320-8704-7a9cc6b3924d",
            "name": "New World Shore City"
        }
    },
    {
        "productData": {
            "name": "Monster Mango Loco Energy Drink 500ml",
            "productId": "5242374_ea_000",
            "productShopPage": "https://www.newworld.co.nz/shop/product/5242374_ea_000nw",
            "productImageURL": "https://a.fsimg.co.nz/product/retail/fan/image/master/5242374.png",
            "productDescription": "Product of Imported",
            "volume": "500mL",
            "multipack": {
                "quantity": "1"
            }
        },
        "priceData": {
            "bestPrice": "2.99",
            "price": "2.99",
            "pricePerLitre": 6.0,
            "bestPricePerLitre": 6.0
        },
        "store": {
            "id": "1898a189-acf3-4320-8704-7a9cc6b3924d",
            "name": "New World Shore City"
        }
    },
    {
        "productData": {
            "name": "Monster Zero Sugar Ultra Rosa Energy Drink 500ml",
            "productId": "5278094_ea_000",
            "productShopPage": "https://www.newworld.co.nz/shop/product/5278094_ea_000nw",
            "productImageURL": "https://a.fsimg.co.nz/product/retail/fan/image/master/5278094.png",
            "productDescription": "Product of Imported",
            "volume": "500mL",
            "multipack": {
                "quantity": "1"
            }
        },
        "priceData": {
            "bestPrice": "2.99",
            "price": "2.99",
            "pricePerLitre": 6.0,
            "bestPricePerLitre": 6.0
        },
        "store": {
            "id": "1898a189-acf3-4320-8704-7a9cc6b3924d",
            "name": "New World Shore City"
        }
    },
    {
        "productData": {
            "name": "Monster Mule Energy Drink 500ml",
            "productId": "5269459_ea_000",
            "productShopPage": "https://www.newworld.co.nz/shop/product/5269459_ea_000nw",
            "productImageURL": "https://a.fsimg.co.nz/product/retail/fan/image/master/5269459.png",
            "productDescription": "Product of Imported",
            "volume": "500mL",
            "multipack": {
                "quantity": "1"
            }
        },
        "priceData": {
            "bestPrice": "2.99",
            "price": "2.99",
            "pricePerLitre": 6.0,
            "bestPricePerLitre": 6.0
        },
        "store": {
            "id": "1898a189-acf3-4320-8704-7a9cc6b3924d",
            "name": "New World Shore City"
        }
    },
    {
        "productData": {
            "name": "Monster Ultra Zero Drink 500ml",
            "productId": "5090618_ea_000",
            "productShopPage": "https://www.newworld.co.nz/shop/product/5090618_ea_000nw",
            "productImageURL": "https://a.fsimg.co.nz/product/retail/fan/image/master/5090618.png",
            "productDescription": "A little less sweet, lighter-tasting, zero calories, but with a full load of our Monster energy blend. Sure, white is the new black. Monster Energy Zero Ultra. Unleash the Ultra Beast!\n\nProduct of Imported",
            "volume": "500mL",
            "multipack": {
                "quantity": "1"
            }
        },
        "priceData": {
            "bestPrice": "2.99",
            "price": "2.99",
            "pricePerLitre": 6.0,
            "bestPricePerLitre": 6.0
        },
        "store": {
            "id": "1898a189-acf3-4320-8704-7a9cc6b3924d",
            "name": "New World Shore City"
        }
    },
    {
        "productData": {
            "name": "Monster Super Fuel Zero Sugar Energy Drink 550ml",
            "productId": "5284331_ea_000",
            "productShopPage": "https://www.newworld.co.nz/shop/product/5284331_ea_000nw",
            "productImageURL": "https://a.fsimg.co.nz/product/retail/fan/image/master/5284331.png",
            "productDescription": "Product of Imported",
            "volume": "550mL",
            "multipack": {
                "quantity": "1"
            }
        },
        "priceData": {
            "bestPrice": "3.49",
            "price": "3.49",
            "pricePerLitre": 6.345454545454546,
            "bestPricePerLitre": 6.345454545454546
        },
        "store": {
            "id": "1898a189-acf3-4320-8704-7a9cc6b3924d",
            "name": "New World Shore City"
        }
    },
    {
        "productData": {
            "name": "Mother Energy Drink Can 500ml",
            "productId": "5011153_ea_000",
            "productShopPage": "https://www.newworld.co.nz/shop/product/5011153_ea_000nw",
            "productImageURL": "https://a.fsimg.co.nz/product/retail/fan/image/master/5011153.png",
            "productDescription": "Contains Caffeine.\n\nProduct of New Zealand",
            "volume": "500mL",
            "multipack": {
                "quantity": "1"
            }
        },
        "priceData": {
            "bestPrice": "1.99",
            "price": "1.99",
            "pricePerLitre": 4.0,
            "bestPricePerLitre": 4.0
        },
        "store": {
            "id": "1898a189-acf3-4320-8704-7a9cc6b3924d",
            "name": "New World Shore City"
        }
    },
    {
        "productData": {
            "name": "Monster Super Fuel Purple Passion Energy Drink 550ml",
            "productId": "5284332_ea_000",
            "productShopPage": "https://www.newworld.co.nz/shop/product/5284332_ea_000nw",
            "productImageURL": "https://a.fsimg.co.nz/product/retail/fan/image/master/5284332.png",
            "productDescription": "Product of Imported",
            "volume": "550mL",
            "multipack": {
                "quantity": "1"
            }
        },
        "priceData": {
            "bestPrice": "3.49",
            "price": "3.49",
            "pricePerLitre": 6.345454545454546,
            "bestPricePerLitre": 6.345454545454546
        },
        "store": {
            "id": "1898a189-acf3-4320-8704-7a9cc6b3924d",
            "name": "New World Shore City"
        }
    },
    {
        "productData": {
            "name": "Monster Pipeline Punch Energy Drink 500ml",
            "productId": "5242373_ea_000",
            "productShopPage": "https://www.newworld.co.nz/shop/product/5242373_ea_000nw",
            "productImageURL": "https://a.fsimg.co.nz/product/retail/fan/image/master/5242373.png",
            "productDescription": "Product of Imported",
            "volume": "500mL",
            "multipack": {
                "quantity": "1"
            }
        },
        "priceData": {
            "bestPrice": "2.99",
            "price": "2.99",
            "pricePerLitre": 6.0,
            "bestPricePerLitre": 6.0
        },
        "store": {
            "id": "1898a189-acf3-4320-8704-7a9cc6b3924d",
            "name": "New World Shore City"
        }
    },
    {
        "productData": {
            "name": "Monster Energy Drink 500ml",
            "productId": "5007647_ea_000",
            "productShopPage": "https://www.newworld.co.nz/shop/product/5007647_ea_000nw",
            "productImageURL": "https://a.fsimg.co.nz/product/retail/fan/image/master/5007647.png",
            "productDescription": "Contains Caffeine.\n\nProduct of Imported",
            "volume": "500mL",
            "multipack": {
                "quantity": "1"
            }
        },
        "priceData": {
            "bestPrice": "2.99",
            "price": "2.99",
            "pricePerLitre": 6.0,
            "bestPricePerLitre": 6.0
        },
        "store": {
            "id": "1898a189-acf3-4320-8704-7a9cc6b3924d",
            "name": "New World Shore City"
        }
    },
    {
        "productData": {
            "name": "V Sugarfree Guarana Energy Drink 4pk",
            "productId": "5210130_ea_000",
            "productShopPage": "https://www.newworld.co.nz/shop/product/5210130_ea_000nw",
            "productImageURL": "https://a.fsimg.co.nz/product/retail/fan/image/master/5210130.png",
            "productDescription": "Sugarfree\n\nProduct of New Zealand",
            "volume": "275mL",
            "multipack": {
                "quantity": "4"
            }
        },
        "priceData": {
            "bestPrice": "10.29",
            "price": "10.29",
            "pricePerLitre": 9.399999999999999,
            "bestPricePerLitre": 9.399999999999999
        },
        "store": {
            "id": "1898a189-acf3-4320-8704-7a9cc6b3924d",
            "name": "New World Shore City"
        }
    },
    {
        "productData": {
            "name": "V Sugarfree Guarana Energy Drink 500ml",
            "productId": "5007644_ea_000",
            "productShopPage": "https://www.newworld.co.nz/shop/product/5007644_ea_000nw",
            "productImageURL": "https://a.fsimg.co.nz/product/retail/fan/image/master/5007644.png",
            "productDescription": "Sugar Free.\n\nProduct of New Zealand",
            "volume": "500mL",
            "multipack": {
                "quantity": "1"
            }
        },
        "priceData": {
            "bestPrice": "3.49",
            "price": "3.49",
            "pricePerLitre": 7.0,
            "bestPricePerLitre": 7.0
        },
        "store": {
            "id": "1898a189-acf3-4320-8704-7a9cc6b3924d",
            "name": "New World Shore City"
        }
    },
    {
        "productData": {
            "name": "V Original Guarana Energy Drink 500ml",
            "productId": "5004703_ea_000",
            "productShopPage": "https://www.newworld.co.nz/shop/product/5004703_ea_000nw",
            "productImageURL": "https://a.fsimg.co.nz/product/retail/fan/image/master/5004703.png",
            "productDescription": "Contains Caffeine.\n\nProduct of New Zealand",
            "volume": "500mL",
            "multipack": {
                "quantity": "1"
            }
        },
        "priceData": {
            "bestPrice": "3.49",
            "price": "3.49",
            "pricePerLitre": 7.0,
            "bestPricePerLitre": 7.0
        },
        "store": {
            "id": "1898a189-acf3-4320-8704-7a9cc6b3924d",
            "name": "New World Shore City"
        }
    },
    {
        "productData": {
            "name": "V Original Guarana Energy Drink 4pk",
            "productId": "5210048_ea_000",
            "productShopPage": "https://www.newworld.co.nz/shop/product/5210048_ea_000nw",
            "productImageURL": "https://a.fsimg.co.nz/product/retail/fan/image/master/5210048.png",
            "productDescription": "Product of New Zealand",
            "volume": "275mL",
            "multipack": {
                "quantity": "4"
            }
        },
        "priceData": {
            "bestPrice": "10.29",
            "price": "10.29",
            "pricePerLitre": 9.399999999999999,
            "bestPricePerLitre": 9.399999999999999
        },
        "store": {
            "id": "1898a189-acf3-4320-8704-7a9cc6b3924d",
            "name": "New World Shore City"
        }
    },
    {
        "productData": {
            "name": "V Green Guarana Energy Drink Cans 10pk",
            "productId": "5210061_ea_000",
            "productShopPage": "https://www.newworld.co.nz/shop/product/5210061_ea_000nw",
            "productImageURL": "https://a.fsimg.co.nz/product/retail/fan/image/master/5210061.png",
            "productDescription": "Product of New Zealand",
            "volume": "200mL",
            "multipack": {
                "quantity": "10"
            }
        },
        "priceData": {
            "bestPrice": "17.19",
            "price": "17.19",
            "pricePerLitre": 8.6,
            "bestPricePerLitre": 8.6
        },
        "store": {
            "id": "1898a189-acf3-4320-8704-7a9cc6b3924d",
            "name": "New World Shore City"
        }
    },
    {
        "productData": {
            "name": "V Original Guarana Energy Drink 500ml",
            "productId": "5007441_ea_000",
            "productShopPage": "https://www.newworld.co.nz/shop/product/5007441_ea_000nw",
            "productImageURL": "https://a.fsimg.co.nz/product/retail/fan/image/master/5007441.png",
            "productDescription": "Buy 2 for $5.00.\n\n\nContains Wheat Derivatives, Caffeine.\n\nProduct of New Zealand",
            "volume": "500mL",
            "multipack": {
                "quantity": "1"
            }
        },
        "priceData": {
            "bestPrice": 2.5,
            "price": 2.0,
            "pricePerLitre": 4.0,
            "bestPricePerLitre": 5.0,
            "multiBuy": {
                "quantity": 2.0,
                "value": 5.0,
                "perUnit": 2.5
            }
        },
        "store": {
            "id": "1898a189-acf3-4320-8704-7a9cc6b3924d",
            "name": "New World Shore City"
        }
    },
    {
        "productData": {
            "name": "V Blue Guarana Energy Drink 10pk",
            "productId": "5290181_ea_000",
            "productShopPage": "https://www.newworld.co.nz/shop/product/5290181_ea_000nw",
            "productImageURL": "https://a.fsimg.co.nz/product/retail/fan/image/master/5290181.png",
            "productDescription": "Product of New Zealand",
            "volume": "250mL",
            "multipack": {
                "quantity": "10"
            }
        },
        "priceData": {
            "bestPrice": "17.99",
            "price": "17.99",
            "pricePerLitre": 7.2,
            "bestPricePerLitre": 7.2
        },
        "store": {
            "id": "745d0bda-4b4f-4e4c-ab1f-6d77512f92f4",
            "name": "New World Hutt City"
        }
    },
    {
        "productData": {
            "name": "V Blue Guarana Energy Drink 250ml",
            "productId": "5007495_ea_000",
            "productShopPage": "https://www.newworld.co.nz/shop/product/5007495_ea_000nw",
            "productImageURL": "https://a.fsimg.co.nz/product/retail/fan/image/master/5007495.png",
            "productDescription": "Contains Caffeine, Wheat Derivatives.\n\nProduct of New Zealand",
            "volume": "250mL",
            "multipack": {
                "quantity": "1"
            }
        },
        "priceData": {
            "bestPrice": "1.99",
            "price": "1.99",
            "pricePerLitre": 8.0,
            "bestPricePerLitre": 8.0
        },
        "store": {
            "id": "745d0bda-4b4f-4e4c-ab1f-6d77512f92f4",
            "name": "New World Hutt City"
        }
    },
    {
        "productData": {
            "name": "V Sugarfree Blue Guarana Energy Drink 4pk",
            "productId": "5289891_ea_000",
            "productShopPage": "https://www.newworld.co.nz/shop/product/5289891_ea_000nw",
            "productImageURL": "https://a.fsimg.co.nz/product/retail/fan/image/master/5289891.png",
            "productDescription": "Limit 12 assorted.\n\n\n\n\nProduct of New Zealand",
            "volume": "250mL",
            "multipack": {
                "quantity": "4"
            }
        },
        "priceData": {
            "bestPrice": "5.99",
            "price": "5.99",
            "pricePerLitre": 5.99,
            "bestPricePerLitre": 5.99
        },
        "store": {
            "id": "745d0bda-4b4f-4e4c-ab1f-6d77512f92f4",
            "name": "New World Hutt City"
        }
    },
    {
        "productData": {
            "name": "V Sugarfree Guarana Energy Drink 250ml",
            "productId": "5001639_ea_000",
            "productShopPage": "https://www.newworld.co.nz/shop/product/5001639_ea_000nw",
            "productImageURL": "https://a.fsimg.co.nz/product/retail/fan/image/master/5001639.png",
            "productDescription": "Sugar Free. Contains Caffeine.\n\nProduct of New Zealand",
            "volume": "250mL",
            "multipack": {
                "quantity": "1"
            }
        },
        "priceData": {
            "bestPrice": "1.99",
            "price": "1.99",
            "pricePerLitre": 8.0,
            "bestPricePerLitre": 8.0
        },
        "store": {
            "id": "745d0bda-4b4f-4e4c-ab1f-6d77512f92f4",
            "name": "New World Hutt City"
        }
    },
    {
        "productData": {
            "name": "V Sugarfree Guarana Energy Drink 10pk",
            "productId": "5289890_ea_000",
            "productShopPage": "https://www.newworld.co.nz/shop/product/5289890_ea_000nw",
            "productImageURL": "https://a.fsimg.co.nz/product/retail/fan/image/master/5289890.png",
            "productDescription": "Product of New Zealand",
            "volume": "",
            "multipack": {
                "quantity": ""
            }
        },
        "priceData": {
            "bestPrice": "17.99",
            "price": "17.99",
            "pricePerLitre": 72.0,
            "bestPricePerLitre": 72.0
        },
        "store": {
            "id": "745d0bda-4b4f-4e4c-ab1f-6d77512f92f4",
            "name": "New World Hutt City"
        }
    },
    {
        "productData": {
            "name": "V Green Guarana Energy Drink 6pk",
            "productId": "5272987_ea_000",
            "productShopPage": "https://www.newworld.co.nz/shop/product/5272987_ea_000nw",
            "productImageURL": "https://a.fsimg.co.nz/product/retail/fan/image/master/5272987.png",
            "productDescription": "Product of New Zealand",
            "volume": "330mL",
            "multipack": {
                "quantity": "6"
            }
        },
        "priceData": {
            "bestPrice": "11.99",
            "price": "11.99",
            "pricePerLitre": 6.05,
            "bestPricePerLitre": 6.05
        },
        "store": {
            "id": "745d0bda-4b4f-4e4c-ab1f-6d77512f92f4",
            "name": "New World Hutt City"
        }
    },
    {
        "productData": {
            "name": "Live Plus Persist Energy Drink 250ml",
            "productId": "5236678_ea_000",
            "productShopPage": "https://www.newworld.co.nz/shop/product/5236678_ea_000nw",
            "productImageURL": "https://a.fsimg.co.nz/product/retail/fan/image/master/5236678.png",
            "productDescription": "Limit 12 assorted.\n\n\n\n\nProduct of New Zealand",
            "volume": "",
            "multipack": {
                "quantity": ""
            }
        },
        "priceData": {
            "bestPrice": "0.99",
            "price": "0.99"
        },
        "store": {
            "id": "745d0bda-4b4f-4e4c-ab1f-6d77512f92f4",
            "name": "New World Hutt City"
        }
    },
    {
        "productData": {
            "name": "V Green Guarana Energy Drink 10pk",
            "productId": "5289889_ea_000",
            "productShopPage": "https://www.newworld.co.nz/shop/product/5289889_ea_000nw",
            "productImageURL": "https://a.fsimg.co.nz/product/retail/fan/image/master/5289889.png",
            "productDescription": "Product of New Zealand",
            "volume": "250mL",
            "multipack": {
                "quantity": "10"
            }
        },
        "priceData": {
            "bestPrice": "17.99",
            "price": "17.99",
            "pricePerLitre": 7.2,
            "bestPricePerLitre": 7.2
        },
        "store": {
            "id": "745d0bda-4b4f-4e4c-ab1f-6d77512f92f4",
            "name": "New World Hutt City"
        }
    },
    {
        "productData": {
            "name": "V Sugarfree Blue Guarana Energy Drink 500ml",
            "productId": "5283362_ea_000",
            "productShopPage": "https://www.newworld.co.nz/shop/product/5283362_ea_000nw",
            "productImageURL": "https://a.fsimg.co.nz/product/retail/fan/image/master/5283362.png",
            "productDescription": "Sugar free\n\nProduct of New Zealand",
            "volume": "500mL",
            "multipack": {
                "quantity": "1"
            }
        },
        "priceData": {
            "bestPrice": "3.49",
            "price": "3.49",
            "pricePerLitre": 7.0,
            "bestPricePerLitre": 7.0
        },
        "store": {
            "id": "745d0bda-4b4f-4e4c-ab1f-6d77512f92f4",
            "name": "New World Hutt City"
        }
    },
    {
        "productData": {
            "name": "V Original Guarana Energy Drink 350ml",
            "productId": "5003156_ea_000",
            "productShopPage": "https://www.newworld.co.nz/shop/product/5003156_ea_000nw",
            "productImageURL": "https://a.fsimg.co.nz/product/retail/fan/image/master/5003156.png",
            "productDescription": "Buy 2 for $5.00.\n\n\nContains Caffeine.\n\nProduct of New Zealand",
            "volume": "350mL",
            "multipack": {
                "quantity": "1"
            }
        },
        "priceData": {
            "bestPrice": 2.5,
            "price": 2.0,
            "pricePerLitre": 5.714285714285714,
            "bestPricePerLitre": 7.142857142857143,
            "multiBuy": {
                "quantity": 2.0,
                "value": 5.0,
                "perUnit": 2.5
            }
        },
        "store": {
            "id": "745d0bda-4b4f-4e4c-ab1f-6d77512f92f4",
            "name": "New World Hutt City"
        }
    },
    {
        "productData": {
            "name": "V Blue Guarana Energy Drink 4pk",
            "productId": "5210055_ea_000",
            "productShopPage": "https://www.newworld.co.nz/shop/product/5210055_ea_000nw",
            "productImageURL": "https://a.fsimg.co.nz/product/retail/fan/image/master/5210055.png",
            "productDescription": "Product of New Zealand",
            "volume": "275mL",
            "multipack": {
                "quantity": "4"
            }
        },
        "priceData": {
            "bestPrice": "9.19",
            "price": "9.19",
            "pricePerLitre": 8.4,
            "bestPricePerLitre": 8.4
        },
        "store": {
            "id": "745d0bda-4b4f-4e4c-ab1f-6d77512f92f4",
            "name": "New World Hutt City"
        }
    },
    {
        "productData": {
            "name": "V Blue Guarana Energy Drink 350ml",
            "productId": "5007492_ea_000",
            "productShopPage": "https://www.newworld.co.nz/shop/product/5007492_ea_000nw",
            "productImageURL": "https://a.fsimg.co.nz/product/retail/fan/image/master/5007492.png",
            "productDescription": "Buy 2 for $5.00.\n\n\nContains Caffeine, Wheat Derivatives.\n\nProduct of New Zealand",
            "volume": "350mL",
            "multipack": {
                "quantity": "1"
            }
        },
        "priceData": {
            "bestPrice": 2.5,
            "price": 2.0,
            "pricePerLitre": 5.714285714285714,
            "bestPricePerLitre": 7.142857142857143,
            "multiBuy": {
                "quantity": 2.0,
                "value": 5.0,
                "perUnit": 2.5
            }
        },
        "store": {
            "id": "745d0bda-4b4f-4e4c-ab1f-6d77512f92f4",
            "name": "New World Hutt City"
        }
    },
    {
        "productData": {
            "name": "V Blue Energy Drink 500ml",
            "productId": "5020662_ea_000",
            "productShopPage": "https://www.newworld.co.nz/shop/product/5020662_ea_000nw",
            "productImageURL": "https://a.fsimg.co.nz/product/retail/fan/image/master/5020662.png",
            "productDescription": "Buy 2 for $5.00.\n\n\n\n\nProduct of New Zealand",
            "volume": "500mL",
            "multipack": {
                "quantity": "1"
            }
        },
        "priceData": {
            "bestPrice": 2.5,
            "price": 2.0,
            "pricePerLitre": 4.0,
            "bestPricePerLitre": 5.0,
            "multiBuy": {
                "quantity": 2.0,
                "value": 5.0,
                "perUnit": 2.5
            }
        },
        "store": {
            "id": "745d0bda-4b4f-4e4c-ab1f-6d77512f92f4",
            "name": "New World Hutt City"
        }
    },
    {
        "productData": {
            "name": "V Blue Guarana Energy Drink 500ml",
            "productId": "5007494_ea_000",
            "productShopPage": "https://www.newworld.co.nz/shop/product/5007494_ea_000nw",
            "productImageURL": "https://a.fsimg.co.nz/product/retail/fan/image/master/5007494.png",
            "productDescription": "Contains Wheat Derivatives, Caffeine.\n\nProduct of New Zealand",
            "volume": "500mL",
            "multipack": {
                "quantity": "1"
            }
        },
        "priceData": {
            "bestPrice": "3.49",
            "price": "3.49",
            "pricePerLitre": 7.0,
            "bestPricePerLitre": 7.0
        },
        "store": {
            "id": "745d0bda-4b4f-4e4c-ab1f-6d77512f92f4",
            "name": "New World Hutt City"
        }
    },
    {
        "productData": {
            "name": "Red Bull Energy Drink 473ml",
            "productId": "5005255_ea_000",
            "productShopPage": "https://www.newworld.co.nz/shop/product/5005255_ea_000nw",
            "productImageURL": "https://a.fsimg.co.nz/product/retail/fan/image/master/5005255.png",
            "productDescription": "Red Bull Energy Drink's special formula contains ingredients of high quality: Caffeine, Taurine, B-Group Vitamins, Sugars, Alpine Water.One 250ml can of Red Bull Energy Drinks contains 80 mg of caffeine, about the same amount as in a cup of home-brewed coffee.The amount of sugars in a can of Red Bull Energy Drink is comparable to the level of sugars in an equivalent amount of apple or orange juice – 11 g per 100ml.Red Bull cans are made of 100% recyclable aluminium.Red Bull Energy Drink 473ml canVitalizes Body and Mind.®RED BULL GIVES YOU WINGSInspired by functional drinks from the Far East, Dietrich Mateschitz founded Red Bull in the mid-1980s. He developed a new product and a unique marketing concept and launched Red Bull Energy Drink on April 1, 1987 in Austria. A brand new product category - Energy Drinks - was born.\n\nProduct of Imported",
            "volume": "473mL",
            "multipack": {
                "quantity": "1"
            }
        },
        "priceData": {
            "bestPrice": "3.59",
            "price": "3.59",
            "pricePerLitre": 7.6,
            "bestPricePerLitre": 7.6
        },
        "store": {
            "id": "745d0bda-4b4f-4e4c-ab1f-6d77512f92f4",
            "name": "New World Hutt City"
        }
    },
    {
        "productData": {
            "name": "V Original Guarana Energy Drink 250ml",
            "productId": "5003151_ea_000",
            "productShopPage": "https://www.newworld.co.nz/shop/product/5003151_ea_000nw",
            "productImageURL": "https://a.fsimg.co.nz/product/retail/fan/image/master/5003151.png",
            "productDescription": "Contains Caffeine.\n\nProduct of New Zealand",
            "volume": "250mL",
            "multipack": {
                "quantity": "1"
            }
        },
        "priceData": {
            "bestPrice": "1.99",
            "price": "1.99",
            "pricePerLitre": 8.0,
            "bestPricePerLitre": 8.0
        },
        "store": {
            "id": "745d0bda-4b4f-4e4c-ab1f-6d77512f92f4",
            "name": "New World Hutt City"
        }
    },
    {
        "productData": {
            "name": "Red Bull Energy Drink 250ml Cans 4pk",
            "productId": "5001443_ea_000",
            "productShopPage": "https://www.newworld.co.nz/shop/product/5001443_ea_000nw",
            "productImageURL": "https://a.fsimg.co.nz/product/retail/fan/image/master/5001443.png",
            "productDescription": "Red Bull Energy Drink's special formula contains ingredients of high quality: Caffeine, Taurine, B-Group Vitamins, Sugars, Alpine Water.One 250ml can of Red Bull Energy Drinks contains 80 mg of caffeine, about the same amount as in a cup of home-brewed coffee.The amount of sugars in a can of Red Bull Energy Drink is comparable to the level of sugars in an equivalent amount of apple or orange juice – 11 g per 100ml.Red Bull cans are made of 100% recyclable aluminium.Pack of four 250ml Red Bull Energy Drink cansVitalizes Body and Mind.®RED BULL GIVES YOU WINGSInspired by functional drinks from the Far East, Dietrich Mateschitz founded Red Bull in the mid-1980s. He developed a new product and a unique marketing concept and launched Red Bull Energy Drink on April 1, 1987 in Austria. A brand new product category - Energy Drinks - was born.",
            "volume": "250mL",
            "multipack": {
                "quantity": "4"
            }
        },
        "priceData": {
            "bestPrice": "8.29",
            "price": "8.29",
            "pricePerLitre": 8.299999999999999,
            "bestPricePerLitre": 8.299999999999999
        },
        "store": {
            "id": "745d0bda-4b4f-4e4c-ab1f-6d77512f92f4",
            "name": "New World Hutt City"
        }
    },
    {
        "productData": {
            "name": "V Green Guarana Energy Drink 710ml",
            "productId": "5030250_ea_000",
            "productShopPage": "https://www.newworld.co.nz/shop/product/5030250_ea_000nw",
            "productImageURL": "https://a.fsimg.co.nz/product/retail/fan/image/master/5030250.png",
            "productDescription": "Contains Wheat Derivatives\n\nProduct of Imported",
            "volume": "250mL",
            "multipack": {
                "quantity": "3"
            }
        },
        "priceData": {
            "bestPrice": "3.49",
            "price": "3.49",
            "pricePerLitre": 4.9,
            "bestPricePerLitre": 4.9
        },
        "store": {
            "id": "745d0bda-4b4f-4e4c-ab1f-6d77512f92f4",
            "name": "New World Hutt City"
        }
    },
    {
        "productData": {
            "name": "Lucozade Orange Energy Drink 380ml",
            "productId": "5009239_ea_000",
            "productShopPage": "https://www.newworld.co.nz/shop/product/5009239_ea_000nw",
            "productImageURL": "https://a.fsimg.co.nz/product/retail/fan/image/master/5009239.png",
            "productDescription": "Powered by Glucose.\n\nProduct of New Zealand",
            "volume": "380mL",
            "multipack": {
                "quantity": "1"
            }
        },
        "priceData": {
            "bestPrice": "2.69",
            "price": "2.69",
            "pricePerLitre": 7.08,
            "bestPricePerLitre": 7.08
        },
        "store": {
            "id": "745d0bda-4b4f-4e4c-ab1f-6d77512f92f4",
            "name": "New World Hutt City"
        }
    },
    {
        "productData": {
            "name": "V Pure Natural Energy Drink Glass Bottle 330ml",
            "productId": "5237753_ea_000",
            "productShopPage": "https://www.newworld.co.nz/shop/product/5237753_ea_000nw",
            "productImageURL": "https://a.fsimg.co.nz/product/retail/fan/image/master/5237753.png",
            "productDescription": "Buy 2 for $5.00.\n\n\nNothing artificial\n\nProduct of New Zealand",
            "volume": "330mL",
            "multipack": {
                "quantity": "1"
            }
        },
        "priceData": {
            "bestPrice": 2.5,
            "price": 2.0,
            "pricePerLitre": 6.0606060606060606,
            "bestPricePerLitre": 7.575757575757575,
            "multiBuy": {
                "quantity": 2.0,
                "value": 5.0,
                "perUnit": 2.5
            }
        },
        "store": {
            "id": "745d0bda-4b4f-4e4c-ab1f-6d77512f92f4",
            "name": "New World Hutt City"
        }
    },
    {
        "productData": {
            "name": "Lucozade Original Energy Drink 380ml",
            "productId": "5009240_ea_000",
            "productShopPage": "https://www.newworld.co.nz/shop/product/5009240_ea_000nw",
            "productImageURL": "https://a.fsimg.co.nz/product/retail/fan/image/master/5009240.png",
            "productDescription": "Energy from Glucose.\n\nProduct of New Zealand",
            "volume": "380mL",
            "multipack": {
                "quantity": "1"
            }
        },
        "priceData": {
            "bestPrice": "2.69",
            "price": "2.69",
            "pricePerLitre": 7.08,
            "bestPricePerLitre": 7.08
        },
        "store": {
            "id": "745d0bda-4b4f-4e4c-ab1f-6d77512f92f4",
            "name": "New World Hutt City"
        }
    },
    {
        "productData": {
            "name": "Rockstar Watermelon Freeze Energy Drink 500ml",
            "productId": "5257298_ea_000",
            "productShopPage": "https://www.newworld.co.nz/shop/product/5257298_ea_000nw",
            "productImageURL": "https://a.fsimg.co.nz/product/retail/fan/image/master/5257298.png",
            "productDescription": "Buy 3 for $5.00.\n\n\n\n\nProduct of New Zealand",
            "volume": "500mL",
            "multipack": {
                "quantity": "1"
            }
        },
        "priceData": {
            "bestPrice": 1.6666666666666667,
            "price": 1.0,
            "pricePerLitre": 2.0,
            "bestPricePerLitre": 3.3333333333333335,
            "multiBuy": {
                "quantity": 3.0,
                "value": 5.0,
                "perUnit": 1.6666666666666667
            }
        },
        "store": {
            "id": "745d0bda-4b4f-4e4c-ab1f-6d77512f92f4",
            "name": "New World Hutt City"
        }
    },
    {
        "productData": {
            "name": "Rockstar Original Energy Drink 500ml",
            "productId": "5215383_ea_000",
            "productShopPage": "https://www.newworld.co.nz/shop/product/5215383_ea_000nw",
            "productImageURL": "https://a.fsimg.co.nz/product/retail/fan/image/master/5215383.png",
            "productDescription": "Buy 3 for $5.00.\n\n\nCaffeine; B vitamins; Vitamin C; Taurine; Ginseng\n\nProduct of New Zealand",
            "volume": "500mL",
            "multipack": {
                "quantity": "1"
            }
        },
        "priceData": {
            "bestPrice": 1.6666666666666667,
            "price": 1.0,
            "pricePerLitre": 2.0,
            "bestPricePerLitre": 3.3333333333333335,
            "multiBuy": {
                "quantity": 3.0,
                "value": 5.0,
                "perUnit": 1.6666666666666667
            }
        },
        "store": {
            "id": "745d0bda-4b4f-4e4c-ab1f-6d77512f92f4",
            "name": "New World Hutt City"
        }
    },
    {
        "productData": {
            "name": "V Blue Guarana Energy Drink 6pk",
            "productId": "5272988_ea_000",
            "productShopPage": "https://www.newworld.co.nz/shop/product/5272988_ea_000nw",
            "productImageURL": "https://a.fsimg.co.nz/product/retail/fan/image/master/5272988.png",
            "productDescription": "Product of New Zealand",
            "volume": "330mL",
            "multipack": {
                "quantity": "6"
            }
        },
        "priceData": {
            "bestPrice": "11.99",
            "price": "11.99",
            "pricePerLitre": 6.05,
            "bestPricePerLitre": 6.05
        },
        "store": {
            "id": "745d0bda-4b4f-4e4c-ab1f-6d77512f92f4",
            "name": "New World Hutt City"
        }
    },
    {
        "productData": {
            "name": "V Blue Can 4pk",
            "productId": "5030249_ea_000",
            "productShopPage": "https://www.newworld.co.nz/shop/product/5030249_ea_000nw",
            "productImageURL": "https://a.fsimg.co.nz/product/retail/fan/image/master/5030249.png",
            "productDescription": "Limit 12 assorted.\n\n\nContains Wheat Derivatives, Caffeine.\n\nProduct of New Zealand",
            "volume": "250mL",
            "multipack": {
                "quantity": "4"
            }
        },
        "priceData": {
            "bestPrice": "5.99",
            "price": "5.99",
            "pricePerLitre": 5.99,
            "bestPricePerLitre": 5.99
        },
        "store": {
            "id": "745d0bda-4b4f-4e4c-ab1f-6d77512f92f4",
            "name": "New World Hutt City"
        }
    },
    {
        "productData": {
            "name": "V Energy Drink Sugarfree Cans 4pk",
            "productId": "5004117_ea_000",
            "productShopPage": "https://www.newworld.co.nz/shop/product/5004117_ea_000nw",
            "productImageURL": "https://a.fsimg.co.nz/product/retail/fan/image/master/5004117.png",
            "productDescription": "Limit 12 assorted.\n\n\nSugar Free. Contains Caffeine.\n\nProduct of New Zealand",
            "volume": "250mL",
            "multipack": {
                "quantity": "4"
            }
        },
        "priceData": {
            "bestPrice": "5.99",
            "price": "5.99",
            "pricePerLitre": 5.99,
            "bestPricePerLitre": 5.99
        },
        "store": {
            "id": "745d0bda-4b4f-4e4c-ab1f-6d77512f92f4",
            "name": "New World Hutt City"
        }
    },
    {
        "productData": {
            "name": "Monster Mango Loco Energy Drink 500ml",
            "productId": "5242374_ea_000",
            "productShopPage": "https://www.newworld.co.nz/shop/product/5242374_ea_000nw",
            "productImageURL": "https://a.fsimg.co.nz/product/retail/fan/image/master/5242374.png",
            "productDescription": "Product of Imported",
            "volume": "500mL",
            "multipack": {
                "quantity": "1"
            }
        },
        "priceData": {
            "bestPrice": "2.99",
            "price": "2.99",
            "pricePerLitre": 6.0,
            "bestPricePerLitre": 6.0
        },
        "store": {
            "id": "745d0bda-4b4f-4e4c-ab1f-6d77512f92f4",
            "name": "New World Hutt City"
        }
    },
    {
        "productData": {
            "name": "Monster Zero Sugar Ultra Rosa Energy Drink 500ml",
            "productId": "5278094_ea_000",
            "productShopPage": "https://www.newworld.co.nz/shop/product/5278094_ea_000nw",
            "productImageURL": "https://a.fsimg.co.nz/product/retail/fan/image/master/5278094.png",
            "productDescription": "Product of Imported",
            "volume": "500mL",
            "multipack": {
                "quantity": "1"
            }
        },
        "priceData": {
            "bestPrice": "2.99",
            "price": "2.99",
            "pricePerLitre": 6.0,
            "bestPricePerLitre": 6.0
        },
        "store": {
            "id": "745d0bda-4b4f-4e4c-ab1f-6d77512f92f4",
            "name": "New World Hutt City"
        }
    },
    {
        "productData": {
            "name": "Monster Ultra Paradise Energy Drink 500ml",
            "productId": "5261257_ea_000",
            "productShopPage": "https://www.newworld.co.nz/shop/product/5261257_ea_000nw",
            "productImageURL": "https://a.fsimg.co.nz/product/retail/fan/image/master/5261257.png",
            "productDescription": "Product of Imported",
            "volume": "500mL",
            "multipack": {
                "quantity": "1"
            }
        },
        "priceData": {
            "bestPrice": "2.99",
            "price": "2.99",
            "pricePerLitre": 6.0,
            "bestPricePerLitre": 6.0
        },
        "store": {
            "id": "745d0bda-4b4f-4e4c-ab1f-6d77512f92f4",
            "name": "New World Hutt City"
        }
    },
    {
        "productData": {
            "name": "V Energy Drink Green Cans 4pk",
            "productId": "5002893_ea_000",
            "productShopPage": "https://www.newworld.co.nz/shop/product/5002893_ea_000nw",
            "productImageURL": "https://a.fsimg.co.nz/product/retail/fan/image/master/5002893.png",
            "productDescription": "Limit 12 assorted.\n\n\nContains Caffeine.\n\nProduct of New Zealand",
            "volume": "250mL",
            "multipack": {
                "quantity": "4"
            }
        },
        "priceData": {
            "bestPrice": "5.99",
            "price": "5.99",
            "pricePerLitre": 5.99,
            "bestPricePerLitre": 5.99
        },
        "store": {
            "id": "745d0bda-4b4f-4e4c-ab1f-6d77512f92f4",
            "name": "New World Hutt City"
        }
    },
    {
        "productData": {
            "name": "Monster Ultra Zero Drink 500ml",
            "productId": "5090618_ea_000",
            "productShopPage": "https://www.newworld.co.nz/shop/product/5090618_ea_000nw",
            "productImageURL": "https://a.fsimg.co.nz/product/retail/fan/image/master/5090618.png",
            "productDescription": "A little less sweet, lighter-tasting, zero calories, but with a full load of our Monster energy blend. Sure, white is the new black. Monster Energy Zero Ultra. Unleash the Ultra Beast!\n\nProduct of Imported",
            "volume": "500mL",
            "multipack": {
                "quantity": "1"
            }
        },
        "priceData": {
            "bestPrice": "2.99",
            "price": "2.99",
            "pricePerLitre": 6.0,
            "bestPricePerLitre": 6.0
        },
        "store": {
            "id": "745d0bda-4b4f-4e4c-ab1f-6d77512f92f4",
            "name": "New World Hutt City"
        }
    },
    {
        "productData": {
            "name": "Monster Super Fuel Zero Sugar Energy Drink 550ml",
            "productId": "5284331_ea_000",
            "productShopPage": "https://www.newworld.co.nz/shop/product/5284331_ea_000nw",
            "productImageURL": "https://a.fsimg.co.nz/product/retail/fan/image/master/5284331.png",
            "productDescription": "Product of Imported",
            "volume": "550mL",
            "multipack": {
                "quantity": "1"
            }
        },
        "priceData": {
            "bestPrice": "3.49",
            "price": "3.49",
            "pricePerLitre": 6.345454545454546,
            "bestPricePerLitre": 6.345454545454546
        },
        "store": {
            "id": "745d0bda-4b4f-4e4c-ab1f-6d77512f92f4",
            "name": "New World Hutt City"
        }
    },
    {
        "productData": {
            "name": "Mother Energy Drink Can 500ml",
            "productId": "5011153_ea_000",
            "productShopPage": "https://www.newworld.co.nz/shop/product/5011153_ea_000nw",
            "productImageURL": "https://a.fsimg.co.nz/product/retail/fan/image/master/5011153.png",
            "productDescription": "Contains Caffeine.\n\nProduct of New Zealand",
            "volume": "500mL",
            "multipack": {
                "quantity": "1"
            }
        },
        "priceData": {
            "bestPrice": "1.99",
            "price": "1.99",
            "pricePerLitre": 4.0,
            "bestPricePerLitre": 4.0
        },
        "store": {
            "id": "745d0bda-4b4f-4e4c-ab1f-6d77512f92f4",
            "name": "New World Hutt City"
        }
    },
    {
        "productData": {
            "name": "Monster Super Fuel Purple Passion Energy Drink 550ml",
            "productId": "5284332_ea_000",
            "productShopPage": "https://www.newworld.co.nz/shop/product/5284332_ea_000nw",
            "productImageURL": "https://a.fsimg.co.nz/product/retail/fan/image/master/5284332.png",
            "productDescription": "Product of Imported",
            "volume": "550mL",
            "multipack": {
                "quantity": "1"
            }
        },
        "priceData": {
            "bestPrice": "3.49",
            "price": "3.49",
            "pricePerLitre": 6.345454545454546,
            "bestPricePerLitre": 6.345454545454546
        },
        "store": {
            "id": "745d0bda-4b4f-4e4c-ab1f-6d77512f92f4",
            "name": "New World Hutt City"
        }
    },
    {
        "productData": {
            "name": "Mother Energy Drink Can 6pk",
            "productId": "5009490_ea_000",
            "productShopPage": "https://www.newworld.co.nz/shop/product/5009490_ea_000nw",
            "productImageURL": "https://a.fsimg.co.nz/product/retail/fan/image/master/5009490.png",
            "productDescription": "Contains Caffeine.\n\nProduct of New Zealand",
            "volume": "250mL",
            "multipack": {
                "quantity": "6"
            }
        },
        "priceData": {
            "bestPrice": "7.49",
            "price": "7.49",
            "pricePerLitre": 5.0,
            "bestPricePerLitre": 5.0
        },
        "store": {
            "id": "745d0bda-4b4f-4e4c-ab1f-6d77512f92f4",
            "name": "New World Hutt City"
        }
    },
    {
        "productData": {
            "name": "Monster Pipeline Punch Energy Drink 500ml",
            "productId": "5242373_ea_000",
            "productShopPage": "https://www.newworld.co.nz/shop/product/5242373_ea_000nw",
            "productImageURL": "https://a.fsimg.co.nz/product/retail/fan/image/master/5242373.png",
            "productDescription": "Product of Imported",
            "volume": "500mL",
            "multipack": {
                "quantity": "1"
            }
        },
        "priceData": {
            "bestPrice": "2.99",
            "price": "2.99",
            "pricePerLitre": 6.0,
            "bestPricePerLitre": 6.0
        },
        "store": {
            "id": "745d0bda-4b4f-4e4c-ab1f-6d77512f92f4",
            "name": "New World Hutt City"
        }
    },
    {
        "productData": {
            "name": "Monster Energy Drink 500ml",
            "productId": "5007647_ea_000",
            "productShopPage": "https://www.newworld.co.nz/shop/product/5007647_ea_000nw",
            "productImageURL": "https://a.fsimg.co.nz/product/retail/fan/image/master/5007647.png",
            "productDescription": "Contains Caffeine.\n\nProduct of Imported",
            "volume": "500mL",
            "multipack": {
                "quantity": "1"
            }
        },
        "priceData": {
            "bestPrice": "2.99",
            "price": "2.99",
            "pricePerLitre": 6.0,
            "bestPricePerLitre": 6.0
        },
        "store": {
            "id": "745d0bda-4b4f-4e4c-ab1f-6d77512f92f4",
            "name": "New World Hutt City"
        }
    },
    {
        "productData": {
            "name": "V Sugarfree Guarana Energy Drink 500ml",
            "productId": "5007644_ea_000",
            "productShopPage": "https://www.newworld.co.nz/shop/product/5007644_ea_000nw",
            "productImageURL": "https://a.fsimg.co.nz/product/retail/fan/image/master/5007644.png",
            "productDescription": "Sugar Free.\n\nProduct of New Zealand",
            "volume": "500mL",
            "multipack": {
                "quantity": "1"
            }
        },
        "priceData": {
            "bestPrice": "3.49",
            "price": "3.49",
            "pricePerLitre": 7.0,
            "bestPricePerLitre": 7.0
        },
        "store": {
            "id": "745d0bda-4b4f-4e4c-ab1f-6d77512f92f4",
            "name": "New World Hutt City"
        }
    },
    {
        "productData": {
            "name": "V Original Guarana Energy Drink 500ml",
            "productId": "5004703_ea_000",
            "productShopPage": "https://www.newworld.co.nz/shop/product/5004703_ea_000nw",
            "productImageURL": "https://a.fsimg.co.nz/product/retail/fan/image/master/5004703.png",
            "productDescription": "Contains Caffeine.\n\nProduct of New Zealand",
            "volume": "500mL",
            "multipack": {
                "quantity": "1"
            }
        },
        "priceData": {
            "bestPrice": "3.49",
            "price": "3.49",
            "pricePerLitre": 7.0,
            "bestPricePerLitre": 7.0
        },
        "store": {
            "id": "745d0bda-4b4f-4e4c-ab1f-6d77512f92f4",
            "name": "New World Hutt City"
        }
    },
    {
        "productData": {
            "name": "V Green Guarana Energy Drink Cans 10pk",
            "productId": "5210061_ea_000",
            "productShopPage": "https://www.newworld.co.nz/shop/product/5210061_ea_000nw",
            "productImageURL": "https://a.fsimg.co.nz/product/retail/fan/image/master/5210061.png",
            "productDescription": "Product of New Zealand",
            "volume": "200mL",
            "multipack": {
                "quantity": "10"
            }
        },
        "priceData": {
            "bestPrice": "15.29",
            "price": "15.29",
            "pricePerLitre": 7.6,
            "bestPricePerLitre": 7.6
        },
        "store": {
            "id": "745d0bda-4b4f-4e4c-ab1f-6d77512f92f4",
            "name": "New World Hutt City"
        }
    },
    {
        "productData": {
            "name": "V Original Guarana Energy Drink 500ml",
            "productId": "5007441_ea_000",
            "productShopPage": "https://www.newworld.co.nz/shop/product/5007441_ea_000nw",
            "productImageURL": "https://a.fsimg.co.nz/product/retail/fan/image/master/5007441.png",
            "productDescription": "Buy 2 for $5.00.\n\n\nContains Wheat Derivatives, Caffeine.\n\nProduct of New Zealand",
            "volume": "500mL",
            "multipack": {
                "quantity": "1"
            }
        },
        "priceData": {
            "bestPrice": 2.5,
            "price": 2.0,
            "pricePerLitre": 4.0,
            "bestPricePerLitre": 5.0,
            "multiBuy": {
                "quantity": 2.0,
                "value": 5.0,
                "perUnit": 2.5
            }
        },
        "store": {
            "id": "745d0bda-4b4f-4e4c-ab1f-6d77512f92f4",
            "name": "New World Hutt City"
        }
    },
    {
        "productData": {
            "name": "V Blue Guarana Energy Drink 10pk",
            "productId": "5290181_ea_000",
            "productShopPage": "https://www.newworld.co.nz/shop/product/5290181_ea_000nw",
            "productImageURL": "https://a.fsimg.co.nz/product/retail/fan/image/master/5290181.png",
            "productDescription": "Product of New Zealand",
            "volume": "250mL",
            "multipack": {
                "quantity": "10"
            }
        },
        "priceData": {
            "bestPrice": "17.99",
            "price": "17.99",
            "pricePerLitre": 7.2,
            "bestPricePerLitre": 7.2
        },
        "store": {
            "id": "403b1c6f-121c-4945-8aa8-fa53a7e59133",
            "name": "New World Hobsonville"
        }
    },
    {
        "productData": {
            "name": "V Sugarfree Blue Guarana Energy Drink 4pk",
            "productId": "5289891_ea_000",
            "productShopPage": "https://www.newworld.co.nz/shop/product/5289891_ea_000nw",
            "productImageURL": "https://a.fsimg.co.nz/product/retail/fan/image/master/5289891.png",
            "productDescription": "Limit 12 assorted.\n\n\n\n\nProduct of New Zealand",
            "volume": "250mL",
            "multipack": {
                "quantity": "4"
            }
        },
        "priceData": {
            "bestPrice": "5.99",
            "price": "5.99",
            "pricePerLitre": 5.99,
            "bestPricePerLitre": 5.99
        },
        "store": {
            "id": "403b1c6f-121c-4945-8aa8-fa53a7e59133",
            "name": "New World Hobsonville"
        }
    },
    {
        "productData": {
            "name": "V Sugarfree Guarana Energy Drink 250ml",
            "productId": "5001639_ea_000",
            "productShopPage": "https://www.newworld.co.nz/shop/product/5001639_ea_000nw",
            "productImageURL": "https://a.fsimg.co.nz/product/retail/fan/image/master/5001639.png",
            "productDescription": "Sugar Free. Contains Caffeine.\n\nProduct of New Zealand",
            "volume": "250mL",
            "multipack": {
                "quantity": "1"
            }
        },
        "priceData": {
            "bestPrice": "1.99",
            "price": "1.99",
            "pricePerLitre": 8.0,
            "bestPricePerLitre": 8.0
        },
        "store": {
            "id": "403b1c6f-121c-4945-8aa8-fa53a7e59133",
            "name": "New World Hobsonville"
        }
    },
    {
        "productData": {
            "name": "V Green Guarana Energy Drink 6pk",
            "productId": "5272987_ea_000",
            "productShopPage": "https://www.newworld.co.nz/shop/product/5272987_ea_000nw",
            "productImageURL": "https://a.fsimg.co.nz/product/retail/fan/image/master/5272987.png",
            "productDescription": "Product of New Zealand",
            "volume": "330mL",
            "multipack": {
                "quantity": "6"
            }
        },
        "priceData": {
            "bestPrice": "11.99",
            "price": "11.99",
            "pricePerLitre": 6.05,
            "bestPricePerLitre": 6.05
        },
        "store": {
            "id": "403b1c6f-121c-4945-8aa8-fa53a7e59133",
            "name": "New World Hobsonville"
        }
    },
    {
        "productData": {
            "name": "Live Plus Ascend Energy Drink 250ml",
            "productId": "5236675_ea_000",
            "productShopPage": "https://www.newworld.co.nz/shop/product/5236675_ea_000nw",
            "productImageURL": "https://a.fsimg.co.nz/product/retail/fan/image/master/5236675.png",
            "productDescription": "Limit 12 assorted.\n\n\n\n\nProduct of New Zealand",
            "volume": "",
            "multipack": {
                "quantity": ""
            }
        },
        "priceData": {
            "bestPrice": "0.99",
            "price": "0.99"
        },
        "store": {
            "id": "403b1c6f-121c-4945-8aa8-fa53a7e59133",
            "name": "New World Hobsonville"
        }
    },
    {
        "productData": {
            "name": "Live Plus Tart Apple Energy Drink 250ml",
            "productId": "5236676_ea_000",
            "productShopPage": "https://www.newworld.co.nz/shop/product/5236676_ea_000nw",
            "productImageURL": "https://a.fsimg.co.nz/product/retail/fan/image/master/5236676.png",
            "productDescription": "Limit 12 assorted.\n\n\n\n\nProduct of New Zealand",
            "volume": "250mL",
            "multipack": {
                "quantity": "1"
            }
        },
        "priceData": {
            "bestPrice": "0.99",
            "price": "0.99",
            "pricePerLitre": 3.96,
            "bestPricePerLitre": 3.96
        },
        "store": {
            "id": "403b1c6f-121c-4945-8aa8-fa53a7e59133",
            "name": "New World Hobsonville"
        }
    },
    {
        "productData": {
            "name": "Live Plus Persist Energy Drink 250ml",
            "productId": "5236678_ea_000",
            "productShopPage": "https://www.newworld.co.nz/shop/product/5236678_ea_000nw",
            "productImageURL": "https://a.fsimg.co.nz/product/retail/fan/image/master/5236678.png",
            "productDescription": "Limit 12 assorted.\n\n\n\n\nProduct of New Zealand",
            "volume": "",
            "multipack": {
                "quantity": ""
            }
        },
        "priceData": {
            "bestPrice": "0.99",
            "price": "0.99"
        },
        "store": {
            "id": "403b1c6f-121c-4945-8aa8-fa53a7e59133",
            "name": "New World Hobsonville"
        }
    },
    {
        "productData": {
            "name": "V Green Guarana Energy Drink 10pk",
            "productId": "5289889_ea_000",
            "productShopPage": "https://www.newworld.co.nz/shop/product/5289889_ea_000nw",
            "productImageURL": "https://a.fsimg.co.nz/product/retail/fan/image/master/5289889.png",
            "productDescription": "Product of New Zealand",
            "volume": "250mL",
            "multipack": {
                "quantity": "10"
            }
        },
        "priceData": {
            "bestPrice": "17.99",
            "price": "17.99",
            "pricePerLitre": 7.2,
            "bestPricePerLitre": 7.2
        },
        "store": {
            "id": "403b1c6f-121c-4945-8aa8-fa53a7e59133",
            "name": "New World Hobsonville"
        }
    },
    {
        "productData": {
            "name": "V Original Guarana Energy Drink 350ml",
            "productId": "5003156_ea_000",
            "productShopPage": "https://www.newworld.co.nz/shop/product/5003156_ea_000nw",
            "productImageURL": "https://a.fsimg.co.nz/product/retail/fan/image/master/5003156.png",
            "productDescription": "Buy 2 for $5.00.\n\n\nContains Caffeine.\n\nProduct of New Zealand",
            "volume": "350mL",
            "multipack": {
                "quantity": "1"
            }
        },
        "priceData": {
            "bestPrice": 2.5,
            "price": 2.0,
            "pricePerLitre": 5.714285714285714,
            "bestPricePerLitre": 7.142857142857143,
            "multiBuy": {
                "quantity": 2.0,
                "value": 5.0,
                "perUnit": 2.5
            }
        },
        "store": {
            "id": "403b1c6f-121c-4945-8aa8-fa53a7e59133",
            "name": "New World Hobsonville"
        }
    },
    {
        "productData": {
            "name": "Red Bull Energy Drink 473ml",
            "productId": "5005255_ea_000",
            "productShopPage": "https://www.newworld.co.nz/shop/product/5005255_ea_000nw",
            "productImageURL": "https://a.fsimg.co.nz/product/retail/fan/image/master/5005255.png",
            "productDescription": "Red Bull Energy Drink's special formula contains ingredients of high quality: Caffeine, Taurine, B-Group Vitamins, Sugars, Alpine Water.One 250ml can of Red Bull Energy Drinks contains 80 mg of caffeine, about the same amount as in a cup of home-brewed coffee.The amount of sugars in a can of Red Bull Energy Drink is comparable to the level of sugars in an equivalent amount of apple or orange juice – 11 g per 100ml.Red Bull cans are made of 100% recyclable aluminium.Red Bull Energy Drink 473ml canVitalizes Body and Mind.®RED BULL GIVES YOU WINGSInspired by functional drinks from the Far East, Dietrich Mateschitz founded Red Bull in the mid-1980s. He developed a new product and a unique marketing concept and launched Red Bull Energy Drink on April 1, 1987 in Austria. A brand new product category - Energy Drinks - was born.\n\nProduct of Imported",
            "volume": "473mL",
            "multipack": {
                "quantity": "1"
            }
        },
        "priceData": {
            "bestPrice": "3.59",
            "price": "3.59",
            "pricePerLitre": 7.6,
            "bestPricePerLitre": 7.6
        },
        "store": {
            "id": "403b1c6f-121c-4945-8aa8-fa53a7e59133",
            "name": "New World Hobsonville"
        }
    },
    {
        "productData": {
            "name": "Red Bull Energy Drink 250ml Cans 4pk",
            "productId": "5001443_ea_000",
            "productShopPage": "https://www.newworld.co.nz/shop/product/5001443_ea_000nw",
            "productImageURL": "https://a.fsimg.co.nz/product/retail/fan/image/master/5001443.png",
            "productDescription": "Red Bull Energy Drink's special formula contains ingredients of high quality: Caffeine, Taurine, B-Group Vitamins, Sugars, Alpine Water.One 250ml can of Red Bull Energy Drinks contains 80 mg of caffeine, about the same amount as in a cup of home-brewed coffee.The amount of sugars in a can of Red Bull Energy Drink is comparable to the level of sugars in an equivalent amount of apple or orange juice – 11 g per 100ml.Red Bull cans are made of 100% recyclable aluminium.Pack of four 250ml Red Bull Energy Drink cansVitalizes Body and Mind.®RED BULL GIVES YOU WINGSInspired by functional drinks from the Far East, Dietrich Mateschitz founded Red Bull in the mid-1980s. He developed a new product and a unique marketing concept and launched Red Bull Energy Drink on April 1, 1987 in Austria. A brand new product category - Energy Drinks - was born.",
            "volume": "250mL",
            "multipack": {
                "quantity": "4"
            }
        },
        "priceData": {
            "bestPrice": "8.29",
            "price": "8.29",
            "pricePerLitre": 8.299999999999999,
            "bestPricePerLitre": 8.299999999999999
        },
        "store": {
            "id": "403b1c6f-121c-4945-8aa8-fa53a7e59133",
            "name": "New World Hobsonville"
        }
    },
    {
        "productData": {
            "name": "Lucozade Orange Energy Drink 380ml",
            "productId": "5009239_ea_000",
            "productShopPage": "https://www.newworld.co.nz/shop/product/5009239_ea_000nw",
            "productImageURL": "https://a.fsimg.co.nz/product/retail/fan/image/master/5009239.png",
            "productDescription": "Powered by Glucose.\n\nProduct of New Zealand",
            "volume": "380mL",
            "multipack": {
                "quantity": "1"
            }
        },
        "priceData": {
            "bestPrice": "2.69",
            "price": "2.69",
            "pricePerLitre": 7.08,
            "bestPricePerLitre": 7.08
        },
        "store": {
            "id": "403b1c6f-121c-4945-8aa8-fa53a7e59133",
            "name": "New World Hobsonville"
        }
    },
    {
        "productData": {
            "name": "Lucozade Original Energy Drink 380ml",
            "productId": "5009240_ea_000",
            "productShopPage": "https://www.newworld.co.nz/shop/product/5009240_ea_000nw",
            "productImageURL": "https://a.fsimg.co.nz/product/retail/fan/image/master/5009240.png",
            "productDescription": "Energy from Glucose.\n\nProduct of New Zealand",
            "volume": "380mL",
            "multipack": {
                "quantity": "1"
            }
        },
        "priceData": {
            "bestPrice": "2.69",
            "price": "2.69",
            "pricePerLitre": 7.08,
            "bestPricePerLitre": 7.08
        },
        "store": {
            "id": "403b1c6f-121c-4945-8aa8-fa53a7e59133",
            "name": "New World Hobsonville"
        }
    },
    {
        "productData": {
            "name": "Rockstar Original Energy Drink 500ml",
            "productId": "5215383_ea_000",
            "productShopPage": "https://www.newworld.co.nz/shop/product/5215383_ea_000nw",
            "productImageURL": "https://a.fsimg.co.nz/product/retail/fan/image/master/5215383.png",
            "productDescription": "Buy 3 for $5.00.\n\n\nCaffeine; B vitamins; Vitamin C; Taurine; Ginseng\n\nProduct of New Zealand",
            "volume": "500mL",
            "multipack": {
                "quantity": "1"
            }
        },
        "priceData": {
            "bestPrice": 1.6666666666666667,
            "price": 1.0,
            "pricePerLitre": 2.0,
            "bestPricePerLitre": 3.3333333333333335,
            "multiBuy": {
                "quantity": 3.0,
                "value": 5.0,
                "perUnit": 1.6666666666666667
            }
        },
        "store": {
            "id": "403b1c6f-121c-4945-8aa8-fa53a7e59133",
            "name": "New World Hobsonville"
        }
    },
    {
        "productData": {
            "name": "V Raspberry Lemonade Guarana Energy Drink 4pk",
            "productId": "5289907_ea_000",
            "productShopPage": "https://www.newworld.co.nz/shop/product/5289907_ea_000nw",
            "productImageURL": "https://a.fsimg.co.nz/product/retail/fan/image/master/5289907.png",
            "productDescription": "Limit 12 assorted.\n\n\n\n\nProduct of New Zealand",
            "volume": "250mL",
            "multipack": {
                "quantity": "4"
            }
        },
        "priceData": {
            "bestPrice": "5.99",
            "price": "5.99",
            "pricePerLitre": 5.99,
            "bestPricePerLitre": 5.99
        },
        "store": {
            "id": "403b1c6f-121c-4945-8aa8-fa53a7e59133",
            "name": "New World Hobsonville"
        }
    },
    {
        "productData": {
            "name": "V Blue Guarana Energy Drink 6pk",
            "productId": "5272988_ea_000",
            "productShopPage": "https://www.newworld.co.nz/shop/product/5272988_ea_000nw",
            "productImageURL": "https://a.fsimg.co.nz/product/retail/fan/image/master/5272988.png",
            "productDescription": "Product of New Zealand",
            "volume": "330mL",
            "multipack": {
                "quantity": "6"
            }
        },
        "priceData": {
            "bestPrice": "11.99",
            "price": "11.99",
            "pricePerLitre": 6.05,
            "bestPricePerLitre": 6.05
        },
        "store": {
            "id": "403b1c6f-121c-4945-8aa8-fa53a7e59133",
            "name": "New World Hobsonville"
        }
    },
    {
        "productData": {
            "name": "V Blue Can 4pk",
            "productId": "5030249_ea_000",
            "productShopPage": "https://www.newworld.co.nz/shop/product/5030249_ea_000nw",
            "productImageURL": "https://a.fsimg.co.nz/product/retail/fan/image/master/5030249.png",
            "productDescription": "Limit 12 assorted.\n\n\nContains Wheat Derivatives, Caffeine.\n\nProduct of New Zealand",
            "volume": "250mL",
            "multipack": {
                "quantity": "4"
            }
        },
        "priceData": {
            "bestPrice": "5.99",
            "price": "5.99",
            "pricePerLitre": 5.99,
            "bestPricePerLitre": 5.99
        },
        "store": {
            "id": "403b1c6f-121c-4945-8aa8-fa53a7e59133",
            "name": "New World Hobsonville"
        }
    },
    {
        "productData": {
            "name": "V Energy Drink Sugarfree Cans 4pk",
            "productId": "5004117_ea_000",
            "productShopPage": "https://www.newworld.co.nz/shop/product/5004117_ea_000nw",
            "productImageURL": "https://a.fsimg.co.nz/product/retail/fan/image/master/5004117.png",
            "productDescription": "Limit 12 assorted.\n\n\nSugar Free. Contains Caffeine.\n\nProduct of New Zealand",
            "volume": "250mL",
            "multipack": {
                "quantity": "4"
            }
        },
        "priceData": {
            "bestPrice": "5.99",
            "price": "5.99",
            "pricePerLitre": 5.99,
            "bestPricePerLitre": 5.99
        },
        "store": {
            "id": "403b1c6f-121c-4945-8aa8-fa53a7e59133",
            "name": "New World Hobsonville"
        }
    },
    {
        "productData": {
            "name": "Monster Zero Sugar Ultra Rosa Energy Drink 500ml",
            "productId": "5278094_ea_000",
            "productShopPage": "https://www.newworld.co.nz/shop/product/5278094_ea_000nw",
            "productImageURL": "https://a.fsimg.co.nz/product/retail/fan/image/master/5278094.png",
            "productDescription": "Product of Imported",
            "volume": "500mL",
            "multipack": {
                "quantity": "1"
            }
        },
        "priceData": {
            "bestPrice": "2.99",
            "price": "2.99",
            "pricePerLitre": 6.0,
            "bestPricePerLitre": 6.0
        },
        "store": {
            "id": "403b1c6f-121c-4945-8aa8-fa53a7e59133",
            "name": "New World Hobsonville"
        }
    },
    {
        "productData": {
            "name": "Monster Ultra Paradise Energy Drink 500ml",
            "productId": "5261257_ea_000",
            "productShopPage": "https://www.newworld.co.nz/shop/product/5261257_ea_000nw",
            "productImageURL": "https://a.fsimg.co.nz/product/retail/fan/image/master/5261257.png",
            "productDescription": "Product of Imported",
            "volume": "500mL",
            "multipack": {
                "quantity": "1"
            }
        },
        "priceData": {
            "bestPrice": "2.99",
            "price": "2.99",
            "pricePerLitre": 6.0,
            "bestPricePerLitre": 6.0
        },
        "store": {
            "id": "403b1c6f-121c-4945-8aa8-fa53a7e59133",
            "name": "New World Hobsonville"
        }
    },
    {
        "productData": {
            "name": "V Energy Drink Green Cans 4pk",
            "productId": "5002893_ea_000",
            "productShopPage": "https://www.newworld.co.nz/shop/product/5002893_ea_000nw",
            "productImageURL": "https://a.fsimg.co.nz/product/retail/fan/image/master/5002893.png",
            "productDescription": "Limit 12 assorted.\n\n\nContains Caffeine.\n\nProduct of New Zealand",
            "volume": "250mL",
            "multipack": {
                "quantity": "4"
            }
        },
        "priceData": {
            "bestPrice": "5.99",
            "price": "5.99",
            "pricePerLitre": 5.99,
            "bestPricePerLitre": 5.99
        },
        "store": {
            "id": "403b1c6f-121c-4945-8aa8-fa53a7e59133",
            "name": "New World Hobsonville"
        }
    },
    {
        "productData": {
            "name": "Monster Ultra Zero Drink 500ml",
            "productId": "5090618_ea_000",
            "productShopPage": "https://www.newworld.co.nz/shop/product/5090618_ea_000nw",
            "productImageURL": "https://a.fsimg.co.nz/product/retail/fan/image/master/5090618.png",
            "productDescription": "A little less sweet, lighter-tasting, zero calories, but with a full load of our Monster energy blend. Sure, white is the new black. Monster Energy Zero Ultra. Unleash the Ultra Beast!\n\nProduct of Imported",
            "volume": "500mL",
            "multipack": {
                "quantity": "1"
            }
        },
        "priceData": {
            "bestPrice": "2.99",
            "price": "2.99",
            "pricePerLitre": 6.0,
            "bestPricePerLitre": 6.0
        },
        "store": {
            "id": "403b1c6f-121c-4945-8aa8-fa53a7e59133",
            "name": "New World Hobsonville"
        }
    },
    {
        "productData": {
            "name": "Monster Super Fuel Zero Sugar Energy Drink 550ml",
            "productId": "5284331_ea_000",
            "productShopPage": "https://www.newworld.co.nz/shop/product/5284331_ea_000nw",
            "productImageURL": "https://a.fsimg.co.nz/product/retail/fan/image/master/5284331.png",
            "productDescription": "Product of Imported",
            "volume": "550mL",
            "multipack": {
                "quantity": "1"
            }
        },
        "priceData": {
            "bestPrice": "3.49",
            "price": "3.49",
            "pricePerLitre": 6.345454545454546,
            "bestPricePerLitre": 6.345454545454546
        },
        "store": {
            "id": "403b1c6f-121c-4945-8aa8-fa53a7e59133",
            "name": "New World Hobsonville"
        }
    },
    {
        "productData": {
            "name": "Mother Energy Drink Can 500ml",
            "productId": "5011153_ea_000",
            "productShopPage": "https://www.newworld.co.nz/shop/product/5011153_ea_000nw",
            "productImageURL": "https://a.fsimg.co.nz/product/retail/fan/image/master/5011153.png",
            "productDescription": "Contains Caffeine.\n\nProduct of New Zealand",
            "volume": "500mL",
            "multipack": {
                "quantity": "1"
            }
        },
        "priceData": {
            "bestPrice": "1.99",
            "price": "1.99",
            "pricePerLitre": 4.0,
            "bestPricePerLitre": 4.0
        },
        "store": {
            "id": "403b1c6f-121c-4945-8aa8-fa53a7e59133",
            "name": "New World Hobsonville"
        }
    },
    {
        "productData": {
            "name": "Monster Super Fuel Purple Passion Energy Drink 550ml",
            "productId": "5284332_ea_000",
            "productShopPage": "https://www.newworld.co.nz/shop/product/5284332_ea_000nw",
            "productImageURL": "https://a.fsimg.co.nz/product/retail/fan/image/master/5284332.png",
            "productDescription": "Product of Imported",
            "volume": "550mL",
            "multipack": {
                "quantity": "1"
            }
        },
        "priceData": {
            "bestPrice": "3.49",
            "price": "3.49",
            "pricePerLitre": 6.345454545454546,
            "bestPricePerLitre": 6.345454545454546
        },
        "store": {
            "id": "403b1c6f-121c-4945-8aa8-fa53a7e59133",
            "name": "New World Hobsonville"
        }
    },
    {
        "productData": {
            "name": "Monster Pipeline Punch Energy Drink 500ml",
            "productId": "5242373_ea_000",
            "productShopPage": "https://www.newworld.co.nz/shop/product/5242373_ea_000nw",
            "productImageURL": "https://a.fsimg.co.nz/product/retail/fan/image/master/5242373.png",
            "productDescription": "Product of Imported",
            "volume": "500mL",
            "multipack": {
                "quantity": "1"
            }
        },
        "priceData": {
            "bestPrice": "2.99",
            "price": "2.99",
            "pricePerLitre": 6.0,
            "bestPricePerLitre": 6.0
        },
        "store": {
            "id": "403b1c6f-121c-4945-8aa8-fa53a7e59133",
            "name": "New World Hobsonville"
        }
    },
    {
        "productData": {
            "name": "Monster Energy Drink 500ml",
            "productId": "5007647_ea_000",
            "productShopPage": "https://www.newworld.co.nz/shop/product/5007647_ea_000nw",
            "productImageURL": "https://a.fsimg.co.nz/product/retail/fan/image/master/5007647.png",
            "productDescription": "Contains Caffeine.\n\nProduct of Imported",
            "volume": "500mL",
            "multipack": {
                "quantity": "1"
            }
        },
        "priceData": {
            "bestPrice": "2.99",
            "price": "2.99",
            "pricePerLitre": 6.0,
            "bestPricePerLitre": 6.0
        },
        "store": {
            "id": "403b1c6f-121c-4945-8aa8-fa53a7e59133",
            "name": "New World Hobsonville"
        }
    },
    {
        "productData": {
            "name": "V Green Guarana Energy Drink Cans 10pk",
            "productId": "5210061_ea_000",
            "productShopPage": "https://www.newworld.co.nz/shop/product/5210061_ea_000nw",
            "productImageURL": "https://a.fsimg.co.nz/product/retail/fan/image/master/5210061.png",
            "productDescription": "Product of New Zealand",
            "volume": "200mL",
            "multipack": {
                "quantity": "10"
            }
        },
        "priceData": {
            "bestPrice": "15.29",
            "price": "15.29",
            "pricePerLitre": 7.6,
            "bestPricePerLitre": 7.6
        },
        "store": {
            "id": "403b1c6f-121c-4945-8aa8-fa53a7e59133",
            "name": "New World Hobsonville"
        }
    },
    {
        "productData": {
            "name": "V Blue Guarana Energy Drink 250ml",
            "productId": "5007495_ea_000",
            "productShopPage": "https://www.newworld.co.nz/shop/product/5007495_ea_000nw",
            "productImageURL": "https://a.fsimg.co.nz/product/retail/fan/image/master/5007495.png",
            "productDescription": "Contains Caffeine, Wheat Derivatives.\n\nProduct of New Zealand",
            "volume": "250mL",
            "multipack": {
                "quantity": "1"
            }
        },
        "priceData": {
            "bestPrice": "1.99",
            "price": "1.99",
            "pricePerLitre": 8.0,
            "bestPricePerLitre": 8.0
        },
        "store": {
            "id": "3e66e1a7-bf5c-4f39-9638-c3f57e5c3889",
            "name": "New World Gate Pa"
        }
    },
    {
        "productData": {
            "name": "V Sugarfree Guarana Energy Drink 250ml",
            "productId": "5001639_ea_000",
            "productShopPage": "https://www.newworld.co.nz/shop/product/5001639_ea_000nw",
            "productImageURL": "https://a.fsimg.co.nz/product/retail/fan/image/master/5001639.png",
            "productDescription": "Sugar Free. Contains Caffeine.\n\nProduct of New Zealand",
            "volume": "250mL",
            "multipack": {
                "quantity": "1"
            }
        },
        "priceData": {
            "bestPrice": "1.99",
            "price": "1.99",
            "pricePerLitre": 8.0,
            "bestPricePerLitre": 8.0
        },
        "store": {
            "id": "3e66e1a7-bf5c-4f39-9638-c3f57e5c3889",
            "name": "New World Gate Pa"
        }
    },
    {
        "productData": {
            "name": "V Green Guarana Energy Drink 6pk",
            "productId": "5272987_ea_000",
            "productShopPage": "https://www.newworld.co.nz/shop/product/5272987_ea_000nw",
            "productImageURL": "https://a.fsimg.co.nz/product/retail/fan/image/master/5272987.png",
            "productDescription": "Product of New Zealand",
            "volume": "330mL",
            "multipack": {
                "quantity": "6"
            }
        },
        "priceData": {
            "bestPrice": "9.99",
            "price": "9.99",
            "pricePerLitre": 5.045454545454546,
            "bestPricePerLitre": 5.045454545454546
        },
        "store": {
            "id": "3e66e1a7-bf5c-4f39-9638-c3f57e5c3889",
            "name": "New World Gate Pa"
        }
    },
    {
        "productData": {
            "name": "Live Plus Ascend Energy Drink 250ml",
            "productId": "5236675_ea_000",
            "productShopPage": "https://www.newworld.co.nz/shop/product/5236675_ea_000nw",
            "productImageURL": "https://a.fsimg.co.nz/product/retail/fan/image/master/5236675.png",
            "productDescription": "Limit 12 assorted.\n\n\n\n\nProduct of New Zealand",
            "volume": "",
            "multipack": {
                "quantity": ""
            }
        },
        "priceData": {
            "bestPrice": "0.99",
            "price": "0.99"
        },
        "store": {
            "id": "3e66e1a7-bf5c-4f39-9638-c3f57e5c3889",
            "name": "New World Gate Pa"
        }
    },
    {
        "productData": {
            "name": "Live Plus Tart Apple Energy Drink 250ml",
            "productId": "5236676_ea_000",
            "productShopPage": "https://www.newworld.co.nz/shop/product/5236676_ea_000nw",
            "productImageURL": "https://a.fsimg.co.nz/product/retail/fan/image/master/5236676.png",
            "productDescription": "Limit 12 assorted.\n\n\n\n\nProduct of New Zealand",
            "volume": "250mL",
            "multipack": {
                "quantity": "1"
            }
        },
        "priceData": {
            "bestPrice": "0.99",
            "price": "0.99",
            "pricePerLitre": 3.96,
            "bestPricePerLitre": 3.96
        },
        "store": {
            "id": "3e66e1a7-bf5c-4f39-9638-c3f57e5c3889",
            "name": "New World Gate Pa"
        }
    },
    {
        "productData": {
            "name": "Live Plus Persist Energy Drink 250ml",
            "productId": "5236678_ea_000",
            "productShopPage": "https://www.newworld.co.nz/shop/product/5236678_ea_000nw",
            "productImageURL": "https://a.fsimg.co.nz/product/retail/fan/image/master/5236678.png",
            "productDescription": "Limit 12 assorted.\n\n\n\n\nProduct of New Zealand",
            "volume": "",
            "multipack": {
                "quantity": ""
            }
        },
        "priceData": {
            "bestPrice": "0.99",
            "price": "0.99"
        },
        "store": {
            "id": "3e66e1a7-bf5c-4f39-9638-c3f57e5c3889",
            "name": "New World Gate Pa"
        }
    },
    {
        "productData": {
            "name": "V Sugarfree Blue Guarana Energy Drink 500ml",
            "productId": "5283362_ea_000",
            "productShopPage": "https://www.newworld.co.nz/shop/product/5283362_ea_000nw",
            "productImageURL": "https://a.fsimg.co.nz/product/retail/fan/image/master/5283362.png",
            "productDescription": "Sugar free\n\nProduct of New Zealand",
            "volume": "500mL",
            "multipack": {
                "quantity": "1"
            }
        },
        "priceData": {
            "bestPrice": "3.49",
            "price": "3.49",
            "pricePerLitre": 7.0,
            "bestPricePerLitre": 7.0
        },
        "store": {
            "id": "3e66e1a7-bf5c-4f39-9638-c3f57e5c3889",
            "name": "New World Gate Pa"
        }
    },
    {
        "productData": {
            "name": "V Original Guarana Energy Drink 350ml",
            "productId": "5003156_ea_000",
            "productShopPage": "https://www.newworld.co.nz/shop/product/5003156_ea_000nw",
            "productImageURL": "https://a.fsimg.co.nz/product/retail/fan/image/master/5003156.png",
            "productDescription": "Buy 2 for $5.00.\n\n\nContains Caffeine.\n\nProduct of New Zealand",
            "volume": "350mL",
            "multipack": {
                "quantity": "1"
            }
        },
        "priceData": {
            "bestPrice": 2.5,
            "price": 2.0,
            "pricePerLitre": 5.714285714285714,
            "bestPricePerLitre": 7.142857142857143,
            "multiBuy": {
                "quantity": 2.0,
                "value": 5.0,
                "perUnit": 2.5
            }
        },
        "store": {
            "id": "3e66e1a7-bf5c-4f39-9638-c3f57e5c3889",
            "name": "New World Gate Pa"
        }
    },
    {
        "productData": {
            "name": "V Blue Guarana Energy Drink 4pk",
            "productId": "5210055_ea_000",
            "productShopPage": "https://www.newworld.co.nz/shop/product/5210055_ea_000nw",
            "productImageURL": "https://a.fsimg.co.nz/product/retail/fan/image/master/5210055.png",
            "productDescription": "Product of New Zealand",
            "volume": "275mL",
            "multipack": {
                "quantity": "4"
            }
        },
        "priceData": {
            "bestPrice": "9.19",
            "price": "9.19",
            "pricePerLitre": 8.4,
            "bestPricePerLitre": 8.4
        },
        "store": {
            "id": "3e66e1a7-bf5c-4f39-9638-c3f57e5c3889",
            "name": "New World Gate Pa"
        }
    },
    {
        "productData": {
            "name": "V Blue Guarana Energy Drink 350ml",
            "productId": "5007492_ea_000",
            "productShopPage": "https://www.newworld.co.nz/shop/product/5007492_ea_000nw",
            "productImageURL": "https://a.fsimg.co.nz/product/retail/fan/image/master/5007492.png",
            "productDescription": "Buy 2 for $5.00.\n\n\nContains Caffeine, Wheat Derivatives.\n\nProduct of New Zealand",
            "volume": "350mL",
            "multipack": {
                "quantity": "1"
            }
        },
        "priceData": {
            "bestPrice": 2.5,
            "price": 2.0,
            "pricePerLitre": 5.714285714285714,
            "bestPricePerLitre": 7.142857142857143,
            "multiBuy": {
                "quantity": 2.0,
                "value": 5.0,
                "perUnit": 2.5
            }
        },
        "store": {
            "id": "3e66e1a7-bf5c-4f39-9638-c3f57e5c3889",
            "name": "New World Gate Pa"
        }
    },
    {
        "productData": {
            "name": "V Blue Energy Drink 500ml",
            "productId": "5020662_ea_000",
            "productShopPage": "https://www.newworld.co.nz/shop/product/5020662_ea_000nw",
            "productImageURL": "https://a.fsimg.co.nz/product/retail/fan/image/master/5020662.png",
            "productDescription": "Buy 2 for $5.00.\n\n\n\n\nProduct of New Zealand",
            "volume": "500mL",
            "multipack": {
                "quantity": "1"
            }
        },
        "priceData": {
            "bestPrice": 2.5,
            "price": 2.0,
            "pricePerLitre": 4.0,
            "bestPricePerLitre": 5.0,
            "multiBuy": {
                "quantity": 2.0,
                "value": 5.0,
                "perUnit": 2.5
            }
        },
        "store": {
            "id": "3e66e1a7-bf5c-4f39-9638-c3f57e5c3889",
            "name": "New World Gate Pa"
        }
    },
    {
        "productData": {
            "name": "V Blue Guarana Energy Drink 500ml",
            "productId": "5007494_ea_000",
            "productShopPage": "https://www.newworld.co.nz/shop/product/5007494_ea_000nw",
            "productImageURL": "https://a.fsimg.co.nz/product/retail/fan/image/master/5007494.png",
            "productDescription": "Contains Wheat Derivatives, Caffeine.\n\nProduct of New Zealand",
            "volume": "500mL",
            "multipack": {
                "quantity": "1"
            }
        },
        "priceData": {
            "bestPrice": "3.49",
            "price": "3.49",
            "pricePerLitre": 7.0,
            "bestPricePerLitre": 7.0
        },
        "store": {
            "id": "3e66e1a7-bf5c-4f39-9638-c3f57e5c3889",
            "name": "New World Gate Pa"
        }
    },
    {
        "productData": {
            "name": "Red Bull Energy Drink 473ml",
            "productId": "5005255_ea_000",
            "productShopPage": "https://www.newworld.co.nz/shop/product/5005255_ea_000nw",
            "productImageURL": "https://a.fsimg.co.nz/product/retail/fan/image/master/5005255.png",
            "productDescription": "Red Bull Energy Drink's special formula contains ingredients of high quality: Caffeine, Taurine, B-Group Vitamins, Sugars, Alpine Water.One 250ml can of Red Bull Energy Drinks contains 80 mg of caffeine, about the same amount as in a cup of home-brewed coffee.The amount of sugars in a can of Red Bull Energy Drink is comparable to the level of sugars in an equivalent amount of apple or orange juice – 11 g per 100ml.Red Bull cans are made of 100% recyclable aluminium.Red Bull Energy Drink 473ml canVitalizes Body and Mind.®RED BULL GIVES YOU WINGSInspired by functional drinks from the Far East, Dietrich Mateschitz founded Red Bull in the mid-1980s. He developed a new product and a unique marketing concept and launched Red Bull Energy Drink on April 1, 1987 in Austria. A brand new product category - Energy Drinks - was born.\n\nProduct of Imported",
            "volume": "473mL",
            "multipack": {
                "quantity": "1"
            }
        },
        "priceData": {
            "bestPrice": "3.59",
            "price": "3.59",
            "pricePerLitre": 7.6,
            "bestPricePerLitre": 7.6
        },
        "store": {
            "id": "3e66e1a7-bf5c-4f39-9638-c3f57e5c3889",
            "name": "New World Gate Pa"
        }
    },
    {
        "productData": {
            "name": "V Original Guarana Energy Drink 250ml",
            "productId": "5003151_ea_000",
            "productShopPage": "https://www.newworld.co.nz/shop/product/5003151_ea_000nw",
            "productImageURL": "https://a.fsimg.co.nz/product/retail/fan/image/master/5003151.png",
            "productDescription": "Contains Caffeine.\n\nProduct of New Zealand",
            "volume": "250mL",
            "multipack": {
                "quantity": "1"
            }
        },
        "priceData": {
            "bestPrice": "1.99",
            "price": "1.99",
            "pricePerLitre": 8.0,
            "bestPricePerLitre": 8.0
        },
        "store": {
            "id": "3e66e1a7-bf5c-4f39-9638-c3f57e5c3889",
            "name": "New World Gate Pa"
        }
    },
    {
        "productData": {
            "name": "Red Bull Energy Drink 250ml Cans 4pk",
            "productId": "5001443_ea_000",
            "productShopPage": "https://www.newworld.co.nz/shop/product/5001443_ea_000nw",
            "productImageURL": "https://a.fsimg.co.nz/product/retail/fan/image/master/5001443.png",
            "productDescription": "Red Bull Energy Drink's special formula contains ingredients of high quality: Caffeine, Taurine, B-Group Vitamins, Sugars, Alpine Water.One 250ml can of Red Bull Energy Drinks contains 80 mg of caffeine, about the same amount as in a cup of home-brewed coffee.The amount of sugars in a can of Red Bull Energy Drink is comparable to the level of sugars in an equivalent amount of apple or orange juice – 11 g per 100ml.Red Bull cans are made of 100% recyclable aluminium.Pack of four 250ml Red Bull Energy Drink cansVitalizes Body and Mind.®RED BULL GIVES YOU WINGSInspired by functional drinks from the Far East, Dietrich Mateschitz founded Red Bull in the mid-1980s. He developed a new product and a unique marketing concept and launched Red Bull Energy Drink on April 1, 1987 in Austria. A brand new product category - Energy Drinks - was born.",
            "volume": "250mL",
            "multipack": {
                "quantity": "4"
            }
        },
        "priceData": {
            "bestPrice": "8.29",
            "price": "8.29",
            "pricePerLitre": 8.299999999999999,
            "bestPricePerLitre": 8.299999999999999
        },
        "store": {
            "id": "3e66e1a7-bf5c-4f39-9638-c3f57e5c3889",
            "name": "New World Gate Pa"
        }
    },
    {
        "productData": {
            "name": "V Green Guarana Energy Drink 710ml",
            "productId": "5030250_ea_000",
            "productShopPage": "https://www.newworld.co.nz/shop/product/5030250_ea_000nw",
            "productImageURL": "https://a.fsimg.co.nz/product/retail/fan/image/master/5030250.png",
            "productDescription": "Contains Wheat Derivatives\n\nProduct of Imported",
            "volume": "250mL",
            "multipack": {
                "quantity": "3"
            }
        },
        "priceData": {
            "bestPrice": "3.49",
            "price": "3.49",
            "pricePerLitre": 4.9,
            "bestPricePerLitre": 4.9
        },
        "store": {
            "id": "3e66e1a7-bf5c-4f39-9638-c3f57e5c3889",
            "name": "New World Gate Pa"
        }
    },
    {
        "productData": {
            "name": "Lucozade Orange Energy Drink 380ml",
            "productId": "5009239_ea_000",
            "productShopPage": "https://www.newworld.co.nz/shop/product/5009239_ea_000nw",
            "productImageURL": "https://a.fsimg.co.nz/product/retail/fan/image/master/5009239.png",
            "productDescription": "Powered by Glucose.\n\nProduct of New Zealand",
            "volume": "380mL",
            "multipack": {
                "quantity": "1"
            }
        },
        "priceData": {
            "bestPrice": "2.69",
            "price": "2.69",
            "pricePerLitre": 7.08,
            "bestPricePerLitre": 7.08
        },
        "store": {
            "id": "3e66e1a7-bf5c-4f39-9638-c3f57e5c3889",
            "name": "New World Gate Pa"
        }
    },
    {
        "productData": {
            "name": "V Pure Natural Energy Drink Glass Bottle 330ml",
            "productId": "5237753_ea_000",
            "productShopPage": "https://www.newworld.co.nz/shop/product/5237753_ea_000nw",
            "productImageURL": "https://a.fsimg.co.nz/product/retail/fan/image/master/5237753.png",
            "productDescription": "Buy 2 for $5.00.\n\n\nNothing artificial\n\nProduct of New Zealand",
            "volume": "330mL",
            "multipack": {
                "quantity": "1"
            }
        },
        "priceData": {
            "bestPrice": 2.5,
            "price": 2.0,
            "pricePerLitre": 6.0606060606060606,
            "bestPricePerLitre": 7.575757575757575,
            "multiBuy": {
                "quantity": 2.0,
                "value": 5.0,
                "perUnit": 2.5
            }
        },
        "store": {
            "id": "3e66e1a7-bf5c-4f39-9638-c3f57e5c3889",
            "name": "New World Gate Pa"
        }
    },
    {
        "productData": {
            "name": "Rockstar Watermelon Freeze Energy Drink 500ml",
            "productId": "5257298_ea_000",
            "productShopPage": "https://www.newworld.co.nz/shop/product/5257298_ea_000nw",
            "productImageURL": "https://a.fsimg.co.nz/product/retail/fan/image/master/5257298.png",
            "productDescription": "Buy 3 for $5.00.\n\n\n\n\nProduct of New Zealand",
            "volume": "500mL",
            "multipack": {
                "quantity": "1"
            }
        },
        "priceData": {
            "bestPrice": 1.6666666666666667,
            "price": 1.0,
            "pricePerLitre": 2.0,
            "bestPricePerLitre": 3.3333333333333335,
            "multiBuy": {
                "quantity": 3.0,
                "value": 5.0,
                "perUnit": 1.6666666666666667
            }
        },
        "store": {
            "id": "3e66e1a7-bf5c-4f39-9638-c3f57e5c3889",
            "name": "New World Gate Pa"
        }
    },
    {
        "productData": {
            "name": "V Pure Natural Energy Drink Can 250ml",
            "productId": "5237735_ea_000",
            "productShopPage": "https://www.newworld.co.nz/shop/product/5237735_ea_000nw",
            "productImageURL": "https://a.fsimg.co.nz/product/retail/fan/image/master/5237735.png",
            "productDescription": "6 natural ingredients; Nothing artificial; Apple juice - Apple and lemon juice is reconstituted; Lemon juice - Apple and lemon juice is reconstituted\n\nProduct of New Zealand",
            "volume": "250mL",
            "multipack": {
                "quantity": "1"
            }
        },
        "priceData": {
            "bestPrice": "1.99",
            "price": "1.99",
            "pricePerLitre": 8.0,
            "bestPricePerLitre": 8.0
        },
        "store": {
            "id": "3e66e1a7-bf5c-4f39-9638-c3f57e5c3889",
            "name": "New World Gate Pa"
        }
    },
    {
        "productData": {
            "name": "Rockstar Original Energy Drink 500ml",
            "productId": "5215383_ea_000",
            "productShopPage": "https://www.newworld.co.nz/shop/product/5215383_ea_000nw",
            "productImageURL": "https://a.fsimg.co.nz/product/retail/fan/image/master/5215383.png",
            "productDescription": "Buy 3 for $5.00.\n\n\nCaffeine; B vitamins; Vitamin C; Taurine; Ginseng\n\nProduct of New Zealand",
            "volume": "500mL",
            "multipack": {
                "quantity": "1"
            }
        },
        "priceData": {
            "bestPrice": 1.6666666666666667,
            "price": 1.0,
            "pricePerLitre": 2.0,
            "bestPricePerLitre": 3.3333333333333335,
            "multiBuy": {
                "quantity": 3.0,
                "value": 5.0,
                "perUnit": 1.6666666666666667
            }
        },
        "store": {
            "id": "3e66e1a7-bf5c-4f39-9638-c3f57e5c3889",
            "name": "New World Gate Pa"
        }
    },
    {
        "productData": {
            "name": "V Raspberry Lemonade Can 500ml",
            "productId": "5264523_ea_000",
            "productShopPage": "https://www.newworld.co.nz/shop/product/5264523_ea_000nw",
            "productImageURL": "https://a.fsimg.co.nz/product/retail/fan/image/master/5264523.png",
            "productDescription": "Product of New Zealand",
            "volume": "500mL",
            "multipack": {
                "quantity": "1"
            }
        },
        "priceData": {
            "bestPrice": "3.49",
            "price": "3.49",
            "pricePerLitre": 7.0,
            "bestPricePerLitre": 7.0
        },
        "store": {
            "id": "3e66e1a7-bf5c-4f39-9638-c3f57e5c3889",
            "name": "New World Gate Pa"
        }
    },
    {
        "productData": {
            "name": "V Blue Guarana Energy Drink 6pk",
            "productId": "5272988_ea_000",
            "productShopPage": "https://www.newworld.co.nz/shop/product/5272988_ea_000nw",
            "productImageURL": "https://a.fsimg.co.nz/product/retail/fan/image/master/5272988.png",
            "productDescription": "Product of New Zealand",
            "volume": "330mL",
            "multipack": {
                "quantity": "6"
            }
        },
        "priceData": {
            "bestPrice": "9.99",
            "price": "9.99",
            "pricePerLitre": 5.045454545454546,
            "bestPricePerLitre": 5.045454545454546
        },
        "store": {
            "id": "3e66e1a7-bf5c-4f39-9638-c3f57e5c3889",
            "name": "New World Gate Pa"
        }
    },
    {
        "productData": {
            "name": "Monster Zero Sugar Ultra Rosa Energy Drink 500ml",
            "productId": "5278094_ea_000",
            "productShopPage": "https://www.newworld.co.nz/shop/product/5278094_ea_000nw",
            "productImageURL": "https://a.fsimg.co.nz/product/retail/fan/image/master/5278094.png",
            "productDescription": "Product of Imported",
            "volume": "500mL",
            "multipack": {
                "quantity": "1"
            }
        },
        "priceData": {
            "bestPrice": "2.99",
            "price": "2.99",
            "pricePerLitre": 6.0,
            "bestPricePerLitre": 6.0
        },
        "store": {
            "id": "3e66e1a7-bf5c-4f39-9638-c3f57e5c3889",
            "name": "New World Gate Pa"
        }
    },
    {
        "productData": {
            "name": "Monster Ultra Zero Drink 500ml",
            "productId": "5090618_ea_000",
            "productShopPage": "https://www.newworld.co.nz/shop/product/5090618_ea_000nw",
            "productImageURL": "https://a.fsimg.co.nz/product/retail/fan/image/master/5090618.png",
            "productDescription": "A little less sweet, lighter-tasting, zero calories, but with a full load of our Monster energy blend. Sure, white is the new black. Monster Energy Zero Ultra. Unleash the Ultra Beast!\n\nProduct of Imported",
            "volume": "500mL",
            "multipack": {
                "quantity": "1"
            }
        },
        "priceData": {
            "bestPrice": "2.99",
            "price": "2.99",
            "pricePerLitre": 6.0,
            "bestPricePerLitre": 6.0
        },
        "store": {
            "id": "3e66e1a7-bf5c-4f39-9638-c3f57e5c3889",
            "name": "New World Gate Pa"
        }
    },
    {
        "productData": {
            "name": "Monster Super Fuel Zero Sugar Energy Drink 550ml",
            "productId": "5284331_ea_000",
            "productShopPage": "https://www.newworld.co.nz/shop/product/5284331_ea_000nw",
            "productImageURL": "https://a.fsimg.co.nz/product/retail/fan/image/master/5284331.png",
            "productDescription": "Product of Imported",
            "volume": "550mL",
            "multipack": {
                "quantity": "1"
            }
        },
        "priceData": {
            "bestPrice": "3.49",
            "price": "3.49",
            "pricePerLitre": 6.345454545454546,
            "bestPricePerLitre": 6.345454545454546
        },
        "store": {
            "id": "3e66e1a7-bf5c-4f39-9638-c3f57e5c3889",
            "name": "New World Gate Pa"
        }
    },
    {
        "productData": {
            "name": "Mother Energy Drink Can 500ml",
            "productId": "5011153_ea_000",
            "productShopPage": "https://www.newworld.co.nz/shop/product/5011153_ea_000nw",
            "productImageURL": "https://a.fsimg.co.nz/product/retail/fan/image/master/5011153.png",
            "productDescription": "Contains Caffeine.\n\nProduct of New Zealand",
            "volume": "500mL",
            "multipack": {
                "quantity": "1"
            }
        },
        "priceData": {
            "bestPrice": "1.89",
            "price": "1.89",
            "pricePerLitre": 3.8,
            "bestPricePerLitre": 3.8
        },
        "store": {
            "id": "3e66e1a7-bf5c-4f39-9638-c3f57e5c3889",
            "name": "New World Gate Pa"
        }
    },
    {
        "productData": {
            "name": "Monster Super Fuel Purple Passion Energy Drink 550ml",
            "productId": "5284332_ea_000",
            "productShopPage": "https://www.newworld.co.nz/shop/product/5284332_ea_000nw",
            "productImageURL": "https://a.fsimg.co.nz/product/retail/fan/image/master/5284332.png",
            "productDescription": "Product of Imported",
            "volume": "550mL",
            "multipack": {
                "quantity": "1"
            }
        },
        "priceData": {
            "bestPrice": "3.49",
            "price": "3.49",
            "pricePerLitre": 6.345454545454546,
            "bestPricePerLitre": 6.345454545454546
        },
        "store": {
            "id": "3e66e1a7-bf5c-4f39-9638-c3f57e5c3889",
            "name": "New World Gate Pa"
        }
    },
    {
        "productData": {
            "name": "Monster Pipeline Punch Energy Drink 500ml",
            "productId": "5242373_ea_000",
            "productShopPage": "https://www.newworld.co.nz/shop/product/5242373_ea_000nw",
            "productImageURL": "https://a.fsimg.co.nz/product/retail/fan/image/master/5242373.png",
            "productDescription": "Product of Imported",
            "volume": "500mL",
            "multipack": {
                "quantity": "1"
            }
        },
        "priceData": {
            "bestPrice": "2.99",
            "price": "2.99",
            "pricePerLitre": 6.0,
            "bestPricePerLitre": 6.0
        },
        "store": {
            "id": "3e66e1a7-bf5c-4f39-9638-c3f57e5c3889",
            "name": "New World Gate Pa"
        }
    },
    {
        "productData": {
            "name": "Monster Energy Drink 500ml",
            "productId": "5007647_ea_000",
            "productShopPage": "https://www.newworld.co.nz/shop/product/5007647_ea_000nw",
            "productImageURL": "https://a.fsimg.co.nz/product/retail/fan/image/master/5007647.png",
            "productDescription": "Contains Caffeine.\n\nProduct of Imported",
            "volume": "500mL",
            "multipack": {
                "quantity": "1"
            }
        },
        "priceData": {
            "bestPrice": "2.99",
            "price": "2.99",
            "pricePerLitre": 6.0,
            "bestPricePerLitre": 6.0
        },
        "store": {
            "id": "3e66e1a7-bf5c-4f39-9638-c3f57e5c3889",
            "name": "New World Gate Pa"
        }
    },
    {
        "productData": {
            "name": "Monster Ultra Zero Drink 4pk",
            "productId": "5213974_ea_000",
            "productShopPage": "https://www.newworld.co.nz/shop/product/5213974_ea_000nw",
            "productImageURL": "https://a.fsimg.co.nz/product/retail/fan/image/master/5213974.png",
            "productDescription": "Product of Imported",
            "volume": "500mL",
            "multipack": {
                "quantity": "4"
            }
        },
        "priceData": {
            "bestPrice": "11.99",
            "price": "11.99",
            "pricePerLitre": 6.0,
            "bestPricePerLitre": 6.0
        },
        "store": {
            "id": "3e66e1a7-bf5c-4f39-9638-c3f57e5c3889",
            "name": "New World Gate Pa"
        }
    },
    {
        "productData": {
            "name": "V Sugarfree Guarana Energy Drink 500ml",
            "productId": "5007644_ea_000",
            "productShopPage": "https://www.newworld.co.nz/shop/product/5007644_ea_000nw",
            "productImageURL": "https://a.fsimg.co.nz/product/retail/fan/image/master/5007644.png",
            "productDescription": "Sugar Free.\n\nProduct of New Zealand",
            "volume": "500mL",
            "multipack": {
                "quantity": "1"
            }
        },
        "priceData": {
            "bestPrice": "3.49",
            "price": "3.49",
            "pricePerLitre": 7.0,
            "bestPricePerLitre": 7.0
        },
        "store": {
            "id": "3e66e1a7-bf5c-4f39-9638-c3f57e5c3889",
            "name": "New World Gate Pa"
        }
    },
    {
        "productData": {
            "name": "V Original Guarana Energy Drink 500ml",
            "productId": "5004703_ea_000",
            "productShopPage": "https://www.newworld.co.nz/shop/product/5004703_ea_000nw",
            "productImageURL": "https://a.fsimg.co.nz/product/retail/fan/image/master/5004703.png",
            "productDescription": "Contains Caffeine.\n\nProduct of New Zealand",
            "volume": "500mL",
            "multipack": {
                "quantity": "1"
            }
        },
        "priceData": {
            "bestPrice": "3.49",
            "price": "3.49",
            "pricePerLitre": 7.0,
            "bestPricePerLitre": 7.0
        },
        "store": {
            "id": "3e66e1a7-bf5c-4f39-9638-c3f57e5c3889",
            "name": "New World Gate Pa"
        }
    },
    {
        "productData": {
            "name": "V Green Guarana Energy Drink Cans 10pk",
            "productId": "5210061_ea_000",
            "productShopPage": "https://www.newworld.co.nz/shop/product/5210061_ea_000nw",
            "productImageURL": "https://a.fsimg.co.nz/product/retail/fan/image/master/5210061.png",
            "productDescription": "Product of New Zealand",
            "volume": "200mL",
            "multipack": {
                "quantity": "10"
            }
        },
        "priceData": {
            "bestPrice": "15.29",
            "price": "15.29",
            "pricePerLitre": 7.6,
            "bestPricePerLitre": 7.6
        },
        "store": {
            "id": "3e66e1a7-bf5c-4f39-9638-c3f57e5c3889",
            "name": "New World Gate Pa"
        }
    },
    {
        "productData": {
            "name": "V Original Guarana Energy Drink 500ml",
            "productId": "5007441_ea_000",
            "productShopPage": "https://www.newworld.co.nz/shop/product/5007441_ea_000nw",
            "productImageURL": "https://a.fsimg.co.nz/product/retail/fan/image/master/5007441.png",
            "productDescription": "Buy 2 for $5.00.\n\n\nContains Wheat Derivatives, Caffeine.\n\nProduct of New Zealand",
            "volume": "500mL",
            "multipack": {
                "quantity": "1"
            }
        },
        "priceData": {
            "bestPrice": 2.5,
            "price": 2.0,
            "pricePerLitre": 4.0,
            "bestPricePerLitre": 5.0,
            "multiBuy": {
                "quantity": 2.0,
                "value": 5.0,
                "perUnit": 2.5
            }
        },
        "store": {
            "id": "3e66e1a7-bf5c-4f39-9638-c3f57e5c3889",
            "name": "New World Gate Pa"
        }
    },
    {
        "productData": {
            "name": "V Blue Guarana Energy Drink 10pk",
            "productId": "5290181_ea_000",
            "productShopPage": "https://www.newworld.co.nz/shop/product/5290181_ea_000nw",
            "productImageURL": "https://a.fsimg.co.nz/product/retail/fan/image/master/5290181.png",
            "productDescription": "Product of New Zealand",
            "volume": "250mL",
            "multipack": {
                "quantity": "10"
            }
        },
        "priceData": {
            "bestPrice": "17.99",
            "price": "17.99",
            "pricePerLitre": 7.2,
            "bestPricePerLitre": 7.2
        },
        "store": {
            "id": "b42476bd-bded-4c80-827e-e1d587096f54",
            "name": "New World Ngaruawahia"
        }
    },
    {
        "productData": {
            "name": "V Blue Guarana Energy Drink 250ml",
            "productId": "5007495_ea_000",
            "productShopPage": "https://www.newworld.co.nz/shop/product/5007495_ea_000nw",
            "productImageURL": "https://a.fsimg.co.nz/product/retail/fan/image/master/5007495.png",
            "productDescription": "Contains Caffeine, Wheat Derivatives.\n\nProduct of New Zealand",
            "volume": "250mL",
            "multipack": {
                "quantity": "1"
            }
        },
        "priceData": {
            "bestPrice": "1.99",
            "price": "1.99",
            "pricePerLitre": 8.0,
            "bestPricePerLitre": 8.0
        },
        "store": {
            "id": "b42476bd-bded-4c80-827e-e1d587096f54",
            "name": "New World Ngaruawahia"
        }
    },
    {
        "productData": {
            "name": "V Sugarfree Blue Guarana Energy Drink 4pk",
            "productId": "5289891_ea_000",
            "productShopPage": "https://www.newworld.co.nz/shop/product/5289891_ea_000nw",
            "productImageURL": "https://a.fsimg.co.nz/product/retail/fan/image/master/5289891.png",
            "productDescription": "Limit 12 assorted.\n\n\n\n\nProduct of New Zealand",
            "volume": "250mL",
            "multipack": {
                "quantity": "4"
            }
        },
        "priceData": {
            "bestPrice": "5.99",
            "price": "5.99",
            "pricePerLitre": 5.99,
            "bestPricePerLitre": 5.99
        },
        "store": {
            "id": "b42476bd-bded-4c80-827e-e1d587096f54",
            "name": "New World Ngaruawahia"
        }
    },
    {
        "productData": {
            "name": "V Sugarfree Guarana Energy Drink 250ml",
            "productId": "5001639_ea_000",
            "productShopPage": "https://www.newworld.co.nz/shop/product/5001639_ea_000nw",
            "productImageURL": "https://a.fsimg.co.nz/product/retail/fan/image/master/5001639.png",
            "productDescription": "Sugar Free. Contains Caffeine.\n\nProduct of New Zealand",
            "volume": "250mL",
            "multipack": {
                "quantity": "1"
            }
        },
        "priceData": {
            "bestPrice": "1.99",
            "price": "1.99",
            "pricePerLitre": 8.0,
            "bestPricePerLitre": 8.0
        },
        "store": {
            "id": "b42476bd-bded-4c80-827e-e1d587096f54",
            "name": "New World Ngaruawahia"
        }
    },
    {
        "productData": {
            "name": "V Sugarfree Guarana Energy Drink 10pk",
            "productId": "5289890_ea_000",
            "productShopPage": "https://www.newworld.co.nz/shop/product/5289890_ea_000nw",
            "productImageURL": "https://a.fsimg.co.nz/product/retail/fan/image/master/5289890.png",
            "productDescription": "Product of New Zealand",
            "volume": "",
            "multipack": {
                "quantity": ""
            }
        },
        "priceData": {
            "bestPrice": "17.99",
            "price": "17.99",
            "pricePerLitre": 72.0,
            "bestPricePerLitre": 72.0
        },
        "store": {
            "id": "b42476bd-bded-4c80-827e-e1d587096f54",
            "name": "New World Ngaruawahia"
        }
    },
    {
        "productData": {
            "name": "V Green Guarana Energy Drink 6pk",
            "productId": "5272987_ea_000",
            "productShopPage": "https://www.newworld.co.nz/shop/product/5272987_ea_000nw",
            "productImageURL": "https://a.fsimg.co.nz/product/retail/fan/image/master/5272987.png",
            "productDescription": "Product of New Zealand",
            "volume": "330mL",
            "multipack": {
                "quantity": "6"
            }
        },
        "priceData": {
            "bestPrice": "11.99",
            "price": "11.99",
            "pricePerLitre": 6.05,
            "bestPricePerLitre": 6.05
        },
        "store": {
            "id": "b42476bd-bded-4c80-827e-e1d587096f54",
            "name": "New World Ngaruawahia"
        }
    },
    {
        "productData": {
            "name": "Live Plus Ascend Energy Drink 250ml",
            "productId": "5236675_ea_000",
            "productShopPage": "https://www.newworld.co.nz/shop/product/5236675_ea_000nw",
            "productImageURL": "https://a.fsimg.co.nz/product/retail/fan/image/master/5236675.png",
            "productDescription": "Limit 12 assorted.\n\n\n\n\nProduct of New Zealand",
            "volume": "",
            "multipack": {
                "quantity": ""
            }
        },
        "priceData": {
            "bestPrice": "0.99",
            "price": "0.99"
        },
        "store": {
            "id": "b42476bd-bded-4c80-827e-e1d587096f54",
            "name": "New World Ngaruawahia"
        }
    },
    {
        "productData": {
            "name": "Monster Energy Drink 550ml",
            "productId": "5007646_ea_000",
            "productShopPage": "https://www.newworld.co.nz/shop/product/5007646_ea_000nw",
            "productImageURL": "https://a.fsimg.co.nz/product/retail/fan/image/master/5007646.png",
            "productDescription": "Contains Caffeine.\n\nProduct of Imported",
            "volume": "550mL",
            "multipack": {
                "quantity": "1"
            }
        },
        "priceData": {
            "bestPrice": "3.69",
            "price": "3.69",
            "pricePerLitre": 6.7,
            "bestPricePerLitre": 6.7
        },
        "store": {
            "id": "b42476bd-bded-4c80-827e-e1d587096f54",
            "name": "New World Ngaruawahia"
        }
    },
    {
        "productData": {
            "name": "Live Plus Tart Apple Energy Drink 250ml",
            "productId": "5236676_ea_000",
            "productShopPage": "https://www.newworld.co.nz/shop/product/5236676_ea_000nw",
            "productImageURL": "https://a.fsimg.co.nz/product/retail/fan/image/master/5236676.png",
            "productDescription": "Limit 12 assorted.\n\n\n\n\nProduct of New Zealand",
            "volume": "250mL",
            "multipack": {
                "quantity": "1"
            }
        },
        "priceData": {
            "bestPrice": "0.99",
            "price": "0.99",
            "pricePerLitre": 3.96,
            "bestPricePerLitre": 3.96
        },
        "store": {
            "id": "b42476bd-bded-4c80-827e-e1d587096f54",
            "name": "New World Ngaruawahia"
        }
    },
    {
        "productData": {
            "name": "Live Plus Persist Energy Drink 250ml",
            "productId": "5236678_ea_000",
            "productShopPage": "https://www.newworld.co.nz/shop/product/5236678_ea_000nw",
            "productImageURL": "https://a.fsimg.co.nz/product/retail/fan/image/master/5236678.png",
            "productDescription": "Limit 12 assorted.\n\n\n\n\nProduct of New Zealand",
            "volume": "",
            "multipack": {
                "quantity": ""
            }
        },
        "priceData": {
            "bestPrice": "0.99",
            "price": "0.99"
        },
        "store": {
            "id": "b42476bd-bded-4c80-827e-e1d587096f54",
            "name": "New World Ngaruawahia"
        }
    },
    {
        "productData": {
            "name": "V Green Guarana Energy Drink 10pk",
            "productId": "5289889_ea_000",
            "productShopPage": "https://www.newworld.co.nz/shop/product/5289889_ea_000nw",
            "productImageURL": "https://a.fsimg.co.nz/product/retail/fan/image/master/5289889.png",
            "productDescription": "Product of New Zealand",
            "volume": "250mL",
            "multipack": {
                "quantity": "10"
            }
        },
        "priceData": {
            "bestPrice": "17.99",
            "price": "17.99",
            "pricePerLitre": 7.2,
            "bestPricePerLitre": 7.2
        },
        "store": {
            "id": "b42476bd-bded-4c80-827e-e1d587096f54",
            "name": "New World Ngaruawahia"
        }
    },
    {
        "productData": {
            "name": "V Sugarfree Blue Guarana Energy Drink 500ml",
            "productId": "5283362_ea_000",
            "productShopPage": "https://www.newworld.co.nz/shop/product/5283362_ea_000nw",
            "productImageURL": "https://a.fsimg.co.nz/product/retail/fan/image/master/5283362.png",
            "productDescription": "Sugar free\n\nProduct of New Zealand",
            "volume": "500mL",
            "multipack": {
                "quantity": "1"
            }
        },
        "priceData": {
            "bestPrice": "3.49",
            "price": "3.49",
            "pricePerLitre": 7.0,
            "bestPricePerLitre": 7.0
        },
        "store": {
            "id": "b42476bd-bded-4c80-827e-e1d587096f54",
            "name": "New World Ngaruawahia"
        }
    },
    {
        "productData": {
            "name": "V Original Guarana Energy Drink 350ml",
            "productId": "5003156_ea_000",
            "productShopPage": "https://www.newworld.co.nz/shop/product/5003156_ea_000nw",
            "productImageURL": "https://a.fsimg.co.nz/product/retail/fan/image/master/5003156.png",
            "productDescription": "Buy 2 for $5.00.\n\n\nContains Caffeine.\n\nProduct of New Zealand",
            "volume": "350mL",
            "multipack": {
                "quantity": "1"
            }
        },
        "priceData": {
            "bestPrice": 2.5,
            "price": 2.0,
            "pricePerLitre": 5.714285714285714,
            "bestPricePerLitre": 7.142857142857143,
            "multiBuy": {
                "quantity": 2.0,
                "value": 5.0,
                "perUnit": 2.5
            }
        },
        "store": {
            "id": "b42476bd-bded-4c80-827e-e1d587096f54",
            "name": "New World Ngaruawahia"
        }
    },
    {
        "productData": {
            "name": "V Blue Guarana Energy Drink 4pk",
            "productId": "5210055_ea_000",
            "productShopPage": "https://www.newworld.co.nz/shop/product/5210055_ea_000nw",
            "productImageURL": "https://a.fsimg.co.nz/product/retail/fan/image/master/5210055.png",
            "productDescription": "Product of New Zealand",
            "volume": "275mL",
            "multipack": {
                "quantity": "4"
            }
        },
        "priceData": {
            "bestPrice": "9.59",
            "price": "9.59",
            "pricePerLitre": 8.7,
            "bestPricePerLitre": 8.7
        },
        "store": {
            "id": "b42476bd-bded-4c80-827e-e1d587096f54",
            "name": "New World Ngaruawahia"
        }
    },
    {
        "productData": {
            "name": "V Blue Guarana Energy Drink 350ml",
            "productId": "5007492_ea_000",
            "productShopPage": "https://www.newworld.co.nz/shop/product/5007492_ea_000nw",
            "productImageURL": "https://a.fsimg.co.nz/product/retail/fan/image/master/5007492.png",
            "productDescription": "Buy 2 for $5.00.\n\n\nContains Caffeine, Wheat Derivatives.\n\nProduct of New Zealand",
            "volume": "350mL",
            "multipack": {
                "quantity": "1"
            }
        },
        "priceData": {
            "bestPrice": 2.5,
            "price": 2.0,
            "pricePerLitre": 5.714285714285714,
            "bestPricePerLitre": 7.142857142857143,
            "multiBuy": {
                "quantity": 2.0,
                "value": 5.0,
                "perUnit": 2.5
            }
        },
        "store": {
            "id": "b42476bd-bded-4c80-827e-e1d587096f54",
            "name": "New World Ngaruawahia"
        }
    },
    {
        "productData": {
            "name": "V Blue Energy Drink 500ml",
            "productId": "5020662_ea_000",
            "productShopPage": "https://www.newworld.co.nz/shop/product/5020662_ea_000nw",
            "productImageURL": "https://a.fsimg.co.nz/product/retail/fan/image/master/5020662.png",
            "productDescription": "Buy 2 for $5.00.\n\n\n\n\nProduct of New Zealand",
            "volume": "500mL",
            "multipack": {
                "quantity": "1"
            }
        },
        "priceData": {
            "bestPrice": 2.5,
            "price": 2.0,
            "pricePerLitre": 4.0,
            "bestPricePerLitre": 5.0,
            "multiBuy": {
                "quantity": 2.0,
                "value": 5.0,
                "perUnit": 2.5
            }
        },
        "store": {
            "id": "b42476bd-bded-4c80-827e-e1d587096f54",
            "name": "New World Ngaruawahia"
        }
    },
    {
        "productData": {
            "name": "V Blue Guarana Energy Drink 500ml",
            "productId": "5007494_ea_000",
            "productShopPage": "https://www.newworld.co.nz/shop/product/5007494_ea_000nw",
            "productImageURL": "https://a.fsimg.co.nz/product/retail/fan/image/master/5007494.png",
            "productDescription": "Contains Wheat Derivatives, Caffeine.\n\nProduct of New Zealand",
            "volume": "500mL",
            "multipack": {
                "quantity": "1"
            }
        },
        "priceData": {
            "bestPrice": "3.49",
            "price": "3.49",
            "pricePerLitre": 7.0,
            "bestPricePerLitre": 7.0
        },
        "store": {
            "id": "b42476bd-bded-4c80-827e-e1d587096f54",
            "name": "New World Ngaruawahia"
        }
    },
    {
        "productData": {
            "name": "Red Bull Energy Drink 473ml",
            "productId": "5005255_ea_000",
            "productShopPage": "https://www.newworld.co.nz/shop/product/5005255_ea_000nw",
            "productImageURL": "https://a.fsimg.co.nz/product/retail/fan/image/master/5005255.png",
            "productDescription": "Red Bull Energy Drink's special formula contains ingredients of high quality: Caffeine, Taurine, B-Group Vitamins, Sugars, Alpine Water.One 250ml can of Red Bull Energy Drinks contains 80 mg of caffeine, about the same amount as in a cup of home-brewed coffee.The amount of sugars in a can of Red Bull Energy Drink is comparable to the level of sugars in an equivalent amount of apple or orange juice – 11 g per 100ml.Red Bull cans are made of 100% recyclable aluminium.Red Bull Energy Drink 473ml canVitalizes Body and Mind.®RED BULL GIVES YOU WINGSInspired by functional drinks from the Far East, Dietrich Mateschitz founded Red Bull in the mid-1980s. He developed a new product and a unique marketing concept and launched Red Bull Energy Drink on April 1, 1987 in Austria. A brand new product category - Energy Drinks - was born.\n\nProduct of Imported",
            "volume": "473mL",
            "multipack": {
                "quantity": "1"
            }
        },
        "priceData": {
            "bestPrice": "3.79",
            "price": "3.79",
            "pricePerLitre": 8.0,
            "bestPricePerLitre": 8.0
        },
        "store": {
            "id": "b42476bd-bded-4c80-827e-e1d587096f54",
            "name": "New World Ngaruawahia"
        }
    },
    {
        "productData": {
            "name": "V Original Guarana Energy Drink 250ml",
            "productId": "5003151_ea_000",
            "productShopPage": "https://www.newworld.co.nz/shop/product/5003151_ea_000nw",
            "productImageURL": "https://a.fsimg.co.nz/product/retail/fan/image/master/5003151.png",
            "productDescription": "Contains Caffeine.\n\nProduct of New Zealand",
            "volume": "250mL",
            "multipack": {
                "quantity": "1"
            }
        },
        "priceData": {
            "bestPrice": "1.99",
            "price": "1.99",
            "pricePerLitre": 8.0,
            "bestPricePerLitre": 8.0
        },
        "store": {
            "id": "b42476bd-bded-4c80-827e-e1d587096f54",
            "name": "New World Ngaruawahia"
        }
    },
    {
        "productData": {
            "name": "Lucozade Orange Energy Drink 380ml",
            "productId": "5009239_ea_000",
            "productShopPage": "https://www.newworld.co.nz/shop/product/5009239_ea_000nw",
            "productImageURL": "https://a.fsimg.co.nz/product/retail/fan/image/master/5009239.png",
            "productDescription": "Powered by Glucose.\n\nProduct of New Zealand",
            "volume": "380mL",
            "multipack": {
                "quantity": "1"
            }
        },
        "priceData": {
            "bestPrice": "2.69",
            "price": "2.69",
            "pricePerLitre": 7.08,
            "bestPricePerLitre": 7.08
        },
        "store": {
            "id": "b42476bd-bded-4c80-827e-e1d587096f54",
            "name": "New World Ngaruawahia"
        }
    },
    {
        "productData": {
            "name": "Rockstar Watermelon Freeze Energy Drink 500ml",
            "productId": "5257298_ea_000",
            "productShopPage": "https://www.newworld.co.nz/shop/product/5257298_ea_000nw",
            "productImageURL": "https://a.fsimg.co.nz/product/retail/fan/image/master/5257298.png",
            "productDescription": "Buy 3 for $5.00.\n\n\n\n\nProduct of New Zealand",
            "volume": "500mL",
            "multipack": {
                "quantity": "1"
            }
        },
        "priceData": {
            "bestPrice": 1.6666666666666667,
            "price": 1.0,
            "pricePerLitre": 2.0,
            "bestPricePerLitre": 3.3333333333333335,
            "multiBuy": {
                "quantity": 3.0,
                "value": 5.0,
                "perUnit": 1.6666666666666667
            }
        },
        "store": {
            "id": "b42476bd-bded-4c80-827e-e1d587096f54",
            "name": "New World Ngaruawahia"
        }
    },
    {
        "productData": {
            "name": "V Pure Natural Energy Drink Can 250ml",
            "productId": "5237735_ea_000",
            "productShopPage": "https://www.newworld.co.nz/shop/product/5237735_ea_000nw",
            "productImageURL": "https://a.fsimg.co.nz/product/retail/fan/image/master/5237735.png",
            "productDescription": "6 natural ingredients; Nothing artificial; Apple juice - Apple and lemon juice is reconstituted; Lemon juice - Apple and lemon juice is reconstituted\n\nProduct of New Zealand",
            "volume": "250mL",
            "multipack": {
                "quantity": "1"
            }
        },
        "priceData": {
            "bestPrice": "1.99",
            "price": "1.99",
            "pricePerLitre": 8.0,
            "bestPricePerLitre": 8.0
        },
        "store": {
            "id": "b42476bd-bded-4c80-827e-e1d587096f54",
            "name": "New World Ngaruawahia"
        }
    },
    {
        "productData": {
            "name": "Rockstar Original Energy Drink 500ml",
            "productId": "5215383_ea_000",
            "productShopPage": "https://www.newworld.co.nz/shop/product/5215383_ea_000nw",
            "productImageURL": "https://a.fsimg.co.nz/product/retail/fan/image/master/5215383.png",
            "productDescription": "Buy 3 for $5.00.\n\n\nCaffeine; B vitamins; Vitamin C; Taurine; Ginseng\n\nProduct of New Zealand",
            "volume": "500mL",
            "multipack": {
                "quantity": "1"
            }
        },
        "priceData": {
            "bestPrice": 1.6666666666666667,
            "price": 1.0,
            "pricePerLitre": 2.0,
            "bestPricePerLitre": 3.3333333333333335,
            "multiBuy": {
                "quantity": 3.0,
                "value": 5.0,
                "perUnit": 1.6666666666666667
            }
        },
        "store": {
            "id": "b42476bd-bded-4c80-827e-e1d587096f54",
            "name": "New World Ngaruawahia"
        }
    },
    {
        "productData": {
            "name": "V Raspberry Lemonade Guarana Energy Drink 4pk",
            "productId": "5289907_ea_000",
            "productShopPage": "https://www.newworld.co.nz/shop/product/5289907_ea_000nw",
            "productImageURL": "https://a.fsimg.co.nz/product/retail/fan/image/master/5289907.png",
            "productDescription": "Limit 12 assorted.\n\n\n\n\nProduct of New Zealand",
            "volume": "250mL",
            "multipack": {
                "quantity": "4"
            }
        },
        "priceData": {
            "bestPrice": "5.99",
            "price": "5.99",
            "pricePerLitre": 5.99,
            "bestPricePerLitre": 5.99
        },
        "store": {
            "id": "b42476bd-bded-4c80-827e-e1d587096f54",
            "name": "New World Ngaruawahia"
        }
    },
    {
        "productData": {
            "name": "V Raspberry Lemonade Can 500ml",
            "productId": "5264523_ea_000",
            "productShopPage": "https://www.newworld.co.nz/shop/product/5264523_ea_000nw",
            "productImageURL": "https://a.fsimg.co.nz/product/retail/fan/image/master/5264523.png",
            "productDescription": "Product of New Zealand",
            "volume": "500mL",
            "multipack": {
                "quantity": "1"
            }
        },
        "priceData": {
            "bestPrice": "3.49",
            "price": "3.49",
            "pricePerLitre": 7.0,
            "bestPricePerLitre": 7.0
        },
        "store": {
            "id": "b42476bd-bded-4c80-827e-e1d587096f54",
            "name": "New World Ngaruawahia"
        }
    },
    {
        "productData": {
            "name": "V Blue Guarana Energy Drink 6pk",
            "productId": "5272988_ea_000",
            "productShopPage": "https://www.newworld.co.nz/shop/product/5272988_ea_000nw",
            "productImageURL": "https://a.fsimg.co.nz/product/retail/fan/image/master/5272988.png",
            "productDescription": "Product of New Zealand",
            "volume": "330mL",
            "multipack": {
                "quantity": "6"
            }
        },
        "priceData": {
            "bestPrice": "11.99",
            "price": "11.99",
            "pricePerLitre": 6.05,
            "bestPricePerLitre": 6.05
        },
        "store": {
            "id": "b42476bd-bded-4c80-827e-e1d587096f54",
            "name": "New World Ngaruawahia"
        }
    },
    {
        "productData": {
            "name": "V Blue Can 4pk",
            "productId": "5030249_ea_000",
            "productShopPage": "https://www.newworld.co.nz/shop/product/5030249_ea_000nw",
            "productImageURL": "https://a.fsimg.co.nz/product/retail/fan/image/master/5030249.png",
            "productDescription": "Limit 12 assorted.\n\n\nContains Wheat Derivatives, Caffeine.\n\nProduct of New Zealand",
            "volume": "250mL",
            "multipack": {
                "quantity": "4"
            }
        },
        "priceData": {
            "bestPrice": "5.99",
            "price": "5.99",
            "pricePerLitre": 5.99,
            "bestPricePerLitre": 5.99
        },
        "store": {
            "id": "b42476bd-bded-4c80-827e-e1d587096f54",
            "name": "New World Ngaruawahia"
        }
    },
    {
        "productData": {
            "name": "V Energy Drink Sugarfree Cans 4pk",
            "productId": "5004117_ea_000",
            "productShopPage": "https://www.newworld.co.nz/shop/product/5004117_ea_000nw",
            "productImageURL": "https://a.fsimg.co.nz/product/retail/fan/image/master/5004117.png",
            "productDescription": "Limit 12 assorted.\n\n\nSugar Free. Contains Caffeine.\n\nProduct of New Zealand",
            "volume": "250mL",
            "multipack": {
                "quantity": "4"
            }
        },
        "priceData": {
            "bestPrice": "5.99",
            "price": "5.99",
            "pricePerLitre": 5.99,
            "bestPricePerLitre": 5.99
        },
        "store": {
            "id": "b42476bd-bded-4c80-827e-e1d587096f54",
            "name": "New World Ngaruawahia"
        }
    },
    {
        "productData": {
            "name": "Monster Mango Loco Energy Drink 500ml",
            "productId": "5242374_ea_000",
            "productShopPage": "https://www.newworld.co.nz/shop/product/5242374_ea_000nw",
            "productImageURL": "https://a.fsimg.co.nz/product/retail/fan/image/master/5242374.png",
            "productDescription": "Product of Imported",
            "volume": "500mL",
            "multipack": {
                "quantity": "1"
            }
        },
        "priceData": {
            "bestPrice": "2.99",
            "price": "2.99",
            "pricePerLitre": 6.0,
            "bestPricePerLitre": 6.0
        },
        "store": {
            "id": "b42476bd-bded-4c80-827e-e1d587096f54",
            "name": "New World Ngaruawahia"
        }
    },
    {
        "productData": {
            "name": "Monster Zero Sugar Ultra Rosa Energy Drink 500ml",
            "productId": "5278094_ea_000",
            "productShopPage": "https://www.newworld.co.nz/shop/product/5278094_ea_000nw",
            "productImageURL": "https://a.fsimg.co.nz/product/retail/fan/image/master/5278094.png",
            "productDescription": "Product of Imported",
            "volume": "500mL",
            "multipack": {
                "quantity": "1"
            }
        },
        "priceData": {
            "bestPrice": "2.99",
            "price": "2.99",
            "pricePerLitre": 6.0,
            "bestPricePerLitre": 6.0
        },
        "store": {
            "id": "b42476bd-bded-4c80-827e-e1d587096f54",
            "name": "New World Ngaruawahia"
        }
    },
    {
        "productData": {
            "name": "Monster Mule Energy Drink 500ml",
            "productId": "5269459_ea_000",
            "productShopPage": "https://www.newworld.co.nz/shop/product/5269459_ea_000nw",
            "productImageURL": "https://a.fsimg.co.nz/product/retail/fan/image/master/5269459.png",
            "productDescription": "Product of Imported",
            "volume": "500mL",
            "multipack": {
                "quantity": "1"
            }
        },
        "priceData": {
            "bestPrice": "2.99",
            "price": "2.99",
            "pricePerLitre": 6.0,
            "bestPricePerLitre": 6.0
        },
        "store": {
            "id": "b42476bd-bded-4c80-827e-e1d587096f54",
            "name": "New World Ngaruawahia"
        }
    },
    {
        "productData": {
            "name": "V Energy Drink Green Cans 4pk",
            "productId": "5002893_ea_000",
            "productShopPage": "https://www.newworld.co.nz/shop/product/5002893_ea_000nw",
            "productImageURL": "https://a.fsimg.co.nz/product/retail/fan/image/master/5002893.png",
            "productDescription": "Limit 12 assorted.\n\n\nContains Caffeine.\n\nProduct of New Zealand",
            "volume": "250mL",
            "multipack": {
                "quantity": "4"
            }
        },
        "priceData": {
            "bestPrice": "5.99",
            "price": "5.99",
            "pricePerLitre": 5.99,
            "bestPricePerLitre": 5.99
        },
        "store": {
            "id": "b42476bd-bded-4c80-827e-e1d587096f54",
            "name": "New World Ngaruawahia"
        }
    },
    {
        "productData": {
            "name": "Monster Ultra Zero Drink 500ml",
            "productId": "5090618_ea_000",
            "productShopPage": "https://www.newworld.co.nz/shop/product/5090618_ea_000nw",
            "productImageURL": "https://a.fsimg.co.nz/product/retail/fan/image/master/5090618.png",
            "productDescription": "A little less sweet, lighter-tasting, zero calories, but with a full load of our Monster energy blend. Sure, white is the new black. Monster Energy Zero Ultra. Unleash the Ultra Beast!\n\nProduct of Imported",
            "volume": "500mL",
            "multipack": {
                "quantity": "1"
            }
        },
        "priceData": {
            "bestPrice": "2.99",
            "price": "2.99",
            "pricePerLitre": 6.0,
            "bestPricePerLitre": 6.0
        },
        "store": {
            "id": "b42476bd-bded-4c80-827e-e1d587096f54",
            "name": "New World Ngaruawahia"
        }
    },
    {
        "productData": {
            "name": "Monster Super Fuel Zero Sugar Energy Drink 550ml",
            "productId": "5284331_ea_000",
            "productShopPage": "https://www.newworld.co.nz/shop/product/5284331_ea_000nw",
            "productImageURL": "https://a.fsimg.co.nz/product/retail/fan/image/master/5284331.png",
            "productDescription": "Product of Imported",
            "volume": "550mL",
            "multipack": {
                "quantity": "1"
            }
        },
        "priceData": {
            "bestPrice": "3.49",
            "price": "3.49",
            "pricePerLitre": 6.345454545454546,
            "bestPricePerLitre": 6.345454545454546
        },
        "store": {
            "id": "b42476bd-bded-4c80-827e-e1d587096f54",
            "name": "New World Ngaruawahia"
        }
    },
    {
        "productData": {
            "name": "Mother Energy Drink Can 500ml",
            "productId": "5011153_ea_000",
            "productShopPage": "https://www.newworld.co.nz/shop/product/5011153_ea_000nw",
            "productImageURL": "https://a.fsimg.co.nz/product/retail/fan/image/master/5011153.png",
            "productDescription": "Contains Caffeine.\n\nProduct of New Zealand",
            "volume": "500mL",
            "multipack": {
                "quantity": "1"
            }
        },
        "priceData": {
            "bestPrice": "1.99",
            "price": "1.99",
            "pricePerLitre": 4.0,
            "bestPricePerLitre": 4.0
        },
        "store": {
            "id": "b42476bd-bded-4c80-827e-e1d587096f54",
            "name": "New World Ngaruawahia"
        }
    },
    {
        "productData": {
            "name": "Monster Super Fuel Purple Passion Energy Drink 550ml",
            "productId": "5284332_ea_000",
            "productShopPage": "https://www.newworld.co.nz/shop/product/5284332_ea_000nw",
            "productImageURL": "https://a.fsimg.co.nz/product/retail/fan/image/master/5284332.png",
            "productDescription": "Product of Imported",
            "volume": "550mL",
            "multipack": {
                "quantity": "1"
            }
        },
        "priceData": {
            "bestPrice": "3.49",
            "price": "3.49",
            "pricePerLitre": 6.345454545454546,
            "bestPricePerLitre": 6.345454545454546
        },
        "store": {
            "id": "b42476bd-bded-4c80-827e-e1d587096f54",
            "name": "New World Ngaruawahia"
        }
    },
    {
        "productData": {
            "name": "Mother Energy Drink Can 6pk",
            "productId": "5009490_ea_000",
            "productShopPage": "https://www.newworld.co.nz/shop/product/5009490_ea_000nw",
            "productImageURL": "https://a.fsimg.co.nz/product/retail/fan/image/master/5009490.png",
            "productDescription": "Contains Caffeine.\n\nProduct of New Zealand",
            "volume": "250mL",
            "multipack": {
                "quantity": "6"
            }
        },
        "priceData": {
            "bestPrice": "7.49",
            "price": "7.49",
            "pricePerLitre": 5.0,
            "bestPricePerLitre": 5.0
        },
        "store": {
            "id": "b42476bd-bded-4c80-827e-e1d587096f54",
            "name": "New World Ngaruawahia"
        }
    },
    {
        "productData": {
            "name": "Monster Energy Drink 500ml",
            "productId": "5007647_ea_000",
            "productShopPage": "https://www.newworld.co.nz/shop/product/5007647_ea_000nw",
            "productImageURL": "https://a.fsimg.co.nz/product/retail/fan/image/master/5007647.png",
            "productDescription": "Contains Caffeine.\n\nProduct of Imported",
            "volume": "500mL",
            "multipack": {
                "quantity": "1"
            }
        },
        "priceData": {
            "bestPrice": "2.99",
            "price": "2.99",
            "pricePerLitre": 6.0,
            "bestPricePerLitre": 6.0
        },
        "store": {
            "id": "b42476bd-bded-4c80-827e-e1d587096f54",
            "name": "New World Ngaruawahia"
        }
    },
    {
        "productData": {
            "name": "V Sugarfree Guarana Energy Drink 500ml",
            "productId": "5007644_ea_000",
            "productShopPage": "https://www.newworld.co.nz/shop/product/5007644_ea_000nw",
            "productImageURL": "https://a.fsimg.co.nz/product/retail/fan/image/master/5007644.png",
            "productDescription": "Sugar Free.\n\nProduct of New Zealand",
            "volume": "500mL",
            "multipack": {
                "quantity": "1"
            }
        },
        "priceData": {
            "bestPrice": "3.49",
            "price": "3.49",
            "pricePerLitre": 7.0,
            "bestPricePerLitre": 7.0
        },
        "store": {
            "id": "b42476bd-bded-4c80-827e-e1d587096f54",
            "name": "New World Ngaruawahia"
        }
    },
    {
        "productData": {
            "name": "V Original Guarana Energy Drink 500ml",
            "productId": "5004703_ea_000",
            "productShopPage": "https://www.newworld.co.nz/shop/product/5004703_ea_000nw",
            "productImageURL": "https://a.fsimg.co.nz/product/retail/fan/image/master/5004703.png",
            "productDescription": "Contains Caffeine.\n\nProduct of New Zealand",
            "volume": "500mL",
            "multipack": {
                "quantity": "1"
            }
        },
        "priceData": {
            "bestPrice": "3.49",
            "price": "3.49",
            "pricePerLitre": 7.0,
            "bestPricePerLitre": 7.0
        },
        "store": {
            "id": "b42476bd-bded-4c80-827e-e1d587096f54",
            "name": "New World Ngaruawahia"
        }
    },
    {
        "productData": {
            "name": "V Green Guarana Energy Drink Cans 10pk",
            "productId": "5210061_ea_000",
            "productShopPage": "https://www.newworld.co.nz/shop/product/5210061_ea_000nw",
            "productImageURL": "https://a.fsimg.co.nz/product/retail/fan/image/master/5210061.png",
            "productDescription": "Product of New Zealand",
            "volume": "200mL",
            "multipack": {
                "quantity": "10"
            }
        },
        "priceData": {
            "bestPrice": "15.89",
            "price": "15.89",
            "pricePerLitre": 7.9,
            "bestPricePerLitre": 7.9
        },
        "store": {
            "id": "b42476bd-bded-4c80-827e-e1d587096f54",
            "name": "New World Ngaruawahia"
        }
    },
    {
        "productData": {
            "name": "V Original Guarana Energy Drink 500ml",
            "productId": "5007441_ea_000",
            "productShopPage": "https://www.newworld.co.nz/shop/product/5007441_ea_000nw",
            "productImageURL": "https://a.fsimg.co.nz/product/retail/fan/image/master/5007441.png",
            "productDescription": "Buy 2 for $5.00.\n\n\nContains Wheat Derivatives, Caffeine.\n\nProduct of New Zealand",
            "volume": "500mL",
            "multipack": {
                "quantity": "1"
            }
        },
        "priceData": {
            "bestPrice": 2.5,
            "price": 2.0,
            "pricePerLitre": 4.0,
            "bestPricePerLitre": 5.0,
            "multiBuy": {
                "quantity": 2.0,
                "value": 5.0,
                "perUnit": 2.5
            }
        },
        "store": {
            "id": "b42476bd-bded-4c80-827e-e1d587096f54",
            "name": "New World Ngaruawahia"
        }
    },
    {
        "productData": {
            "name": "V Blue Guarana Energy Drink 10pk",
            "productId": "5290181_ea_000",
            "productShopPage": "https://www.newworld.co.nz/shop/product/5290181_ea_000nw",
            "productImageURL": "https://a.fsimg.co.nz/product/retail/fan/image/master/5290181.png",
            "productDescription": "Product of New Zealand",
            "volume": "250mL",
            "multipack": {
                "quantity": "10"
            }
        },
        "priceData": {
            "bestPrice": "17.99",
            "price": "17.99",
            "pricePerLitre": 7.2,
            "bestPricePerLitre": 7.2
        },
        "store": {
            "id": "4ff026b8-a60d-4383-8f0c-6c85f5623afa",
            "name": "New World Milford"
        }
    },
    {
        "productData": {
            "name": "V Blue Guarana Energy Drink 250ml",
            "productId": "5007495_ea_000",
            "productShopPage": "https://www.newworld.co.nz/shop/product/5007495_ea_000nw",
            "productImageURL": "https://a.fsimg.co.nz/product/retail/fan/image/master/5007495.png",
            "productDescription": "Contains Caffeine, Wheat Derivatives.\n\nProduct of New Zealand",
            "volume": "250mL",
            "multipack": {
                "quantity": "1"
            }
        },
        "priceData": {
            "bestPrice": "1.99",
            "price": "1.99",
            "pricePerLitre": 8.0,
            "bestPricePerLitre": 8.0
        },
        "store": {
            "id": "4ff026b8-a60d-4383-8f0c-6c85f5623afa",
            "name": "New World Milford"
        }
    },
    {
        "productData": {
            "name": "V Sugarfree Blue Guarana Energy Drink 4pk",
            "productId": "5289891_ea_000",
            "productShopPage": "https://www.newworld.co.nz/shop/product/5289891_ea_000nw",
            "productImageURL": "https://a.fsimg.co.nz/product/retail/fan/image/master/5289891.png",
            "productDescription": "Limit 12 assorted.\n\n\n\n\nProduct of New Zealand",
            "volume": "250mL",
            "multipack": {
                "quantity": "4"
            }
        },
        "priceData": {
            "bestPrice": "5.99",
            "price": "5.99",
            "pricePerLitre": 5.99,
            "bestPricePerLitre": 5.99
        },
        "store": {
            "id": "4ff026b8-a60d-4383-8f0c-6c85f5623afa",
            "name": "New World Milford"
        }
    },
    {
        "productData": {
            "name": "V Sugarfree Guarana Energy Drink 250ml",
            "productId": "5001639_ea_000",
            "productShopPage": "https://www.newworld.co.nz/shop/product/5001639_ea_000nw",
            "productImageURL": "https://a.fsimg.co.nz/product/retail/fan/image/master/5001639.png",
            "productDescription": "Sugar Free. Contains Caffeine.\n\nProduct of New Zealand",
            "volume": "250mL",
            "multipack": {
                "quantity": "1"
            }
        },
        "priceData": {
            "bestPrice": "1.99",
            "price": "1.99",
            "pricePerLitre": 8.0,
            "bestPricePerLitre": 8.0
        },
        "store": {
            "id": "4ff026b8-a60d-4383-8f0c-6c85f5623afa",
            "name": "New World Milford"
        }
    },
    {
        "productData": {
            "name": "V Sugarfree Guarana Energy Drink 10pk",
            "productId": "5289890_ea_000",
            "productShopPage": "https://www.newworld.co.nz/shop/product/5289890_ea_000nw",
            "productImageURL": "https://a.fsimg.co.nz/product/retail/fan/image/master/5289890.png",
            "productDescription": "Product of New Zealand",
            "volume": "",
            "multipack": {
                "quantity": ""
            }
        },
        "priceData": {
            "bestPrice": "17.99",
            "price": "17.99",
            "pricePerLitre": 72.0,
            "bestPricePerLitre": 72.0
        },
        "store": {
            "id": "4ff026b8-a60d-4383-8f0c-6c85f5623afa",
            "name": "New World Milford"
        }
    },
    {
        "productData": {
            "name": "Live Plus Tart Apple Energy Drink 250ml",
            "productId": "5236676_ea_000",
            "productShopPage": "https://www.newworld.co.nz/shop/product/5236676_ea_000nw",
            "productImageURL": "https://a.fsimg.co.nz/product/retail/fan/image/master/5236676.png",
            "productDescription": "Limit 12 assorted.\n\n\n\n\nProduct of New Zealand",
            "volume": "250mL",
            "multipack": {
                "quantity": "1"
            }
        },
        "priceData": {
            "bestPrice": "0.99",
            "price": "0.99",
            "pricePerLitre": 3.96,
            "bestPricePerLitre": 3.96
        },
        "store": {
            "id": "4ff026b8-a60d-4383-8f0c-6c85f5623afa",
            "name": "New World Milford"
        }
    },
    {
        "productData": {
            "name": "Live Plus Persist Energy Drink 250ml",
            "productId": "5236678_ea_000",
            "productShopPage": "https://www.newworld.co.nz/shop/product/5236678_ea_000nw",
            "productImageURL": "https://a.fsimg.co.nz/product/retail/fan/image/master/5236678.png",
            "productDescription": "Limit 12 assorted.\n\n\n\n\nProduct of New Zealand",
            "volume": "",
            "multipack": {
                "quantity": ""
            }
        },
        "priceData": {
            "bestPrice": "0.99",
            "price": "0.99"
        },
        "store": {
            "id": "4ff026b8-a60d-4383-8f0c-6c85f5623afa",
            "name": "New World Milford"
        }
    },
    {
        "productData": {
            "name": "V Green Guarana Energy Drink 10pk",
            "productId": "5289889_ea_000",
            "productShopPage": "https://www.newworld.co.nz/shop/product/5289889_ea_000nw",
            "productImageURL": "https://a.fsimg.co.nz/product/retail/fan/image/master/5289889.png",
            "productDescription": "Product of New Zealand",
            "volume": "250mL",
            "multipack": {
                "quantity": "10"
            }
        },
        "priceData": {
            "bestPrice": "17.99",
            "price": "17.99",
            "pricePerLitre": 7.2,
            "bestPricePerLitre": 7.2
        },
        "store": {
            "id": "4ff026b8-a60d-4383-8f0c-6c85f5623afa",
            "name": "New World Milford"
        }
    },
    {
        "productData": {
            "name": "V Sugarfree Blue Guarana Energy Drink 500ml",
            "productId": "5283362_ea_000",
            "productShopPage": "https://www.newworld.co.nz/shop/product/5283362_ea_000nw",
            "productImageURL": "https://a.fsimg.co.nz/product/retail/fan/image/master/5283362.png",
            "productDescription": "Sugar free\n\nProduct of New Zealand",
            "volume": "500mL",
            "multipack": {
                "quantity": "1"
            }
        },
        "priceData": {
            "bestPrice": "3.49",
            "price": "3.49",
            "pricePerLitre": 7.0,
            "bestPricePerLitre": 7.0
        },
        "store": {
            "id": "4ff026b8-a60d-4383-8f0c-6c85f5623afa",
            "name": "New World Milford"
        }
    },
    {
        "productData": {
            "name": "V Original Guarana Energy Drink 350ml",
            "productId": "5003156_ea_000",
            "productShopPage": "https://www.newworld.co.nz/shop/product/5003156_ea_000nw",
            "productImageURL": "https://a.fsimg.co.nz/product/retail/fan/image/master/5003156.png",
            "productDescription": "Buy 2 for $5.00.\n\n\nContains Caffeine.\n\nProduct of New Zealand",
            "volume": "350mL",
            "multipack": {
                "quantity": "1"
            }
        },
        "priceData": {
            "bestPrice": 2.5,
            "price": 2.0,
            "pricePerLitre": 5.714285714285714,
            "bestPricePerLitre": 7.142857142857143,
            "multiBuy": {
                "quantity": 2.0,
                "value": 5.0,
                "perUnit": 2.5
            }
        },
        "store": {
            "id": "4ff026b8-a60d-4383-8f0c-6c85f5623afa",
            "name": "New World Milford"
        }
    },
    {
        "productData": {
            "name": "V Blue Guarana Energy Drink 4pk",
            "productId": "5210055_ea_000",
            "productShopPage": "https://www.newworld.co.nz/shop/product/5210055_ea_000nw",
            "productImageURL": "https://a.fsimg.co.nz/product/retail/fan/image/master/5210055.png",
            "productDescription": "Product of New Zealand",
            "volume": "275mL",
            "multipack": {
                "quantity": "4"
            }
        },
        "priceData": {
            "bestPrice": "9.19",
            "price": "9.19",
            "pricePerLitre": 8.4,
            "bestPricePerLitre": 8.4
        },
        "store": {
            "id": "4ff026b8-a60d-4383-8f0c-6c85f5623afa",
            "name": "New World Milford"
        }
    },
    {
        "productData": {
            "name": "V Blue Guarana Energy Drink 350ml",
            "productId": "5007492_ea_000",
            "productShopPage": "https://www.newworld.co.nz/shop/product/5007492_ea_000nw",
            "productImageURL": "https://a.fsimg.co.nz/product/retail/fan/image/master/5007492.png",
            "productDescription": "Buy 2 for $5.00.\n\n\nContains Caffeine, Wheat Derivatives.\n\nProduct of New Zealand",
            "volume": "350mL",
            "multipack": {
                "quantity": "1"
            }
        },
        "priceData": {
            "bestPrice": 2.5,
            "price": 2.0,
            "pricePerLitre": 5.714285714285714,
            "bestPricePerLitre": 7.142857142857143,
            "multiBuy": {
                "quantity": 2.0,
                "value": 5.0,
                "perUnit": 2.5
            }
        },
        "store": {
            "id": "4ff026b8-a60d-4383-8f0c-6c85f5623afa",
            "name": "New World Milford"
        }
    },
    {
        "productData": {
            "name": "V Blue Energy Drink 500ml",
            "productId": "5020662_ea_000",
            "productShopPage": "https://www.newworld.co.nz/shop/product/5020662_ea_000nw",
            "productImageURL": "https://a.fsimg.co.nz/product/retail/fan/image/master/5020662.png",
            "productDescription": "Buy 2 for $5.00.\n\n\n\n\nProduct of New Zealand",
            "volume": "500mL",
            "multipack": {
                "quantity": "1"
            }
        },
        "priceData": {
            "bestPrice": 2.5,
            "price": 2.0,
            "pricePerLitre": 4.0,
            "bestPricePerLitre": 5.0,
            "multiBuy": {
                "quantity": 2.0,
                "value": 5.0,
                "perUnit": 2.5
            }
        },
        "store": {
            "id": "4ff026b8-a60d-4383-8f0c-6c85f5623afa",
            "name": "New World Milford"
        }
    },
    {
        "productData": {
            "name": "V Blue Guarana Energy Drink 500ml",
            "productId": "5007494_ea_000",
            "productShopPage": "https://www.newworld.co.nz/shop/product/5007494_ea_000nw",
            "productImageURL": "https://a.fsimg.co.nz/product/retail/fan/image/master/5007494.png",
            "productDescription": "Contains Wheat Derivatives, Caffeine.\n\nProduct of New Zealand",
            "volume": "500mL",
            "multipack": {
                "quantity": "1"
            }
        },
        "priceData": {
            "bestPrice": "3.49",
            "price": "3.49",
            "pricePerLitre": 7.0,
            "bestPricePerLitre": 7.0
        },
        "store": {
            "id": "4ff026b8-a60d-4383-8f0c-6c85f5623afa",
            "name": "New World Milford"
        }
    },
    {
        "productData": {
            "name": "Red Bull Energy Drink 473ml",
            "productId": "5005255_ea_000",
            "productShopPage": "https://www.newworld.co.nz/shop/product/5005255_ea_000nw",
            "productImageURL": "https://a.fsimg.co.nz/product/retail/fan/image/master/5005255.png",
            "productDescription": "Red Bull Energy Drink's special formula contains ingredients of high quality: Caffeine, Taurine, B-Group Vitamins, Sugars, Alpine Water.One 250ml can of Red Bull Energy Drinks contains 80 mg of caffeine, about the same amount as in a cup of home-brewed coffee.The amount of sugars in a can of Red Bull Energy Drink is comparable to the level of sugars in an equivalent amount of apple or orange juice – 11 g per 100ml.Red Bull cans are made of 100% recyclable aluminium.Red Bull Energy Drink 473ml canVitalizes Body and Mind.®RED BULL GIVES YOU WINGSInspired by functional drinks from the Far East, Dietrich Mateschitz founded Red Bull in the mid-1980s. He developed a new product and a unique marketing concept and launched Red Bull Energy Drink on April 1, 1987 in Austria. A brand new product category - Energy Drinks - was born.\n\nProduct of Imported",
            "volume": "473mL",
            "multipack": {
                "quantity": "1"
            }
        },
        "priceData": {
            "bestPrice": "3.59",
            "price": "3.59",
            "pricePerLitre": 7.6,
            "bestPricePerLitre": 7.6
        },
        "store": {
            "id": "4ff026b8-a60d-4383-8f0c-6c85f5623afa",
            "name": "New World Milford"
        }
    },
    {
        "productData": {
            "name": "V Original Guarana Energy Drink 250ml",
            "productId": "5003151_ea_000",
            "productShopPage": "https://www.newworld.co.nz/shop/product/5003151_ea_000nw",
            "productImageURL": "https://a.fsimg.co.nz/product/retail/fan/image/master/5003151.png",
            "productDescription": "Contains Caffeine.\n\nProduct of New Zealand",
            "volume": "250mL",
            "multipack": {
                "quantity": "1"
            }
        },
        "priceData": {
            "bestPrice": "1.99",
            "price": "1.99",
            "pricePerLitre": 8.0,
            "bestPricePerLitre": 8.0
        },
        "store": {
            "id": "4ff026b8-a60d-4383-8f0c-6c85f5623afa",
            "name": "New World Milford"
        }
    },
    {
        "productData": {
            "name": "Red Bull Energy Drink 250ml Cans 4pk",
            "productId": "5001443_ea_000",
            "productShopPage": "https://www.newworld.co.nz/shop/product/5001443_ea_000nw",
            "productImageURL": "https://a.fsimg.co.nz/product/retail/fan/image/master/5001443.png",
            "productDescription": "Red Bull Energy Drink's special formula contains ingredients of high quality: Caffeine, Taurine, B-Group Vitamins, Sugars, Alpine Water.One 250ml can of Red Bull Energy Drinks contains 80 mg of caffeine, about the same amount as in a cup of home-brewed coffee.The amount of sugars in a can of Red Bull Energy Drink is comparable to the level of sugars in an equivalent amount of apple or orange juice – 11 g per 100ml.Red Bull cans are made of 100% recyclable aluminium.Pack of four 250ml Red Bull Energy Drink cansVitalizes Body and Mind.®RED BULL GIVES YOU WINGSInspired by functional drinks from the Far East, Dietrich Mateschitz founded Red Bull in the mid-1980s. He developed a new product and a unique marketing concept and launched Red Bull Energy Drink on April 1, 1987 in Austria. A brand new product category - Energy Drinks - was born.",
            "volume": "250mL",
            "multipack": {
                "quantity": "4"
            }
        },
        "priceData": {
            "bestPrice": "8.29",
            "price": "8.29",
            "pricePerLitre": 8.299999999999999,
            "bestPricePerLitre": 8.299999999999999
        },
        "store": {
            "id": "4ff026b8-a60d-4383-8f0c-6c85f5623afa",
            "name": "New World Milford"
        }
    },
    {
        "productData": {
            "name": "Lucozade Orange Energy Drink 380ml",
            "productId": "5009239_ea_000",
            "productShopPage": "https://www.newworld.co.nz/shop/product/5009239_ea_000nw",
            "productImageURL": "https://a.fsimg.co.nz/product/retail/fan/image/master/5009239.png",
            "productDescription": "Powered by Glucose.\n\nProduct of New Zealand",
            "volume": "380mL",
            "multipack": {
                "quantity": "1"
            }
        },
        "priceData": {
            "bestPrice": "2.69",
            "price": "2.69",
            "pricePerLitre": 7.08,
            "bestPricePerLitre": 7.08
        },
        "store": {
            "id": "4ff026b8-a60d-4383-8f0c-6c85f5623afa",
            "name": "New World Milford"
        }
    },
    {
        "productData": {
            "name": "V Pure Natural Energy Drink Glass Bottle 330ml",
            "productId": "5237753_ea_000",
            "productShopPage": "https://www.newworld.co.nz/shop/product/5237753_ea_000nw",
            "productImageURL": "https://a.fsimg.co.nz/product/retail/fan/image/master/5237753.png",
            "productDescription": "Buy 2 for $5.00.\n\n\nNothing artificial\n\nProduct of New Zealand",
            "volume": "330mL",
            "multipack": {
                "quantity": "1"
            }
        },
        "priceData": {
            "bestPrice": 2.5,
            "price": 2.0,
            "pricePerLitre": 6.0606060606060606,
            "bestPricePerLitre": 7.575757575757575,
            "multiBuy": {
                "quantity": 2.0,
                "value": 5.0,
                "perUnit": 2.5
            }
        },
        "store": {
            "id": "4ff026b8-a60d-4383-8f0c-6c85f5623afa",
            "name": "New World Milford"
        }
    },
    {
        "productData": {
            "name": "Lucozade Original Energy Drink 380ml",
            "productId": "5009240_ea_000",
            "productShopPage": "https://www.newworld.co.nz/shop/product/5009240_ea_000nw",
            "productImageURL": "https://a.fsimg.co.nz/product/retail/fan/image/master/5009240.png",
            "productDescription": "Energy from Glucose.\n\nProduct of New Zealand",
            "volume": "380mL",
            "multipack": {
                "quantity": "1"
            }
        },
        "priceData": {
            "bestPrice": "2.69",
            "price": "2.69",
            "pricePerLitre": 7.08,
            "bestPricePerLitre": 7.08
        },
        "store": {
            "id": "4ff026b8-a60d-4383-8f0c-6c85f5623afa",
            "name": "New World Milford"
        }
    },
    {
        "productData": {
            "name": "V Pure Natural Energy Drink Can 250ml",
            "productId": "5237735_ea_000",
            "productShopPage": "https://www.newworld.co.nz/shop/product/5237735_ea_000nw",
            "productImageURL": "https://a.fsimg.co.nz/product/retail/fan/image/master/5237735.png",
            "productDescription": "6 natural ingredients; Nothing artificial; Apple juice - Apple and lemon juice is reconstituted; Lemon juice - Apple and lemon juice is reconstituted\n\nProduct of New Zealand",
            "volume": "250mL",
            "multipack": {
                "quantity": "1"
            }
        },
        "priceData": {
            "bestPrice": "1.99",
            "price": "1.99",
            "pricePerLitre": 8.0,
            "bestPricePerLitre": 8.0
        },
        "store": {
            "id": "4ff026b8-a60d-4383-8f0c-6c85f5623afa",
            "name": "New World Milford"
        }
    },
    {
        "productData": {
            "name": "V Berry Twist Sugar Free Can 500ml",
            "productId": "5254654_ea_000",
            "productShopPage": "https://www.newworld.co.nz/shop/product/5254654_ea_000nw",
            "productImageURL": "https://a.fsimg.co.nz/product/retail/fan/image/master/5254654.png",
            "productDescription": "Sugarfree\n\nProduct of New Zealand",
            "volume": "500mL",
            "multipack": {
                "quantity": "1"
            }
        },
        "priceData": {
            "bestPrice": "3.49",
            "price": "3.49",
            "pricePerLitre": 7.0,
            "bestPricePerLitre": 7.0
        },
        "store": {
            "id": "4ff026b8-a60d-4383-8f0c-6c85f5623afa",
            "name": "New World Milford"
        }
    },
    {
        "productData": {
            "name": "V Raspberry Lemonade Guarana Energy Drink 4pk",
            "productId": "5289907_ea_000",
            "productShopPage": "https://www.newworld.co.nz/shop/product/5289907_ea_000nw",
            "productImageURL": "https://a.fsimg.co.nz/product/retail/fan/image/master/5289907.png",
            "productDescription": "Limit 12 assorted.\n\n\n\n\nProduct of New Zealand",
            "volume": "250mL",
            "multipack": {
                "quantity": "4"
            }
        },
        "priceData": {
            "bestPrice": "5.99",
            "price": "5.99",
            "pricePerLitre": 5.99,
            "bestPricePerLitre": 5.99
        },
        "store": {
            "id": "4ff026b8-a60d-4383-8f0c-6c85f5623afa",
            "name": "New World Milford"
        }
    },
    {
        "productData": {
            "name": "V Raspberry Lemonade Can 500ml",
            "productId": "5264523_ea_000",
            "productShopPage": "https://www.newworld.co.nz/shop/product/5264523_ea_000nw",
            "productImageURL": "https://a.fsimg.co.nz/product/retail/fan/image/master/5264523.png",
            "productDescription": "Product of New Zealand",
            "volume": "500mL",
            "multipack": {
                "quantity": "1"
            }
        },
        "priceData": {
            "bestPrice": "3.49",
            "price": "3.49",
            "pricePerLitre": 7.0,
            "bestPricePerLitre": 7.0
        },
        "store": {
            "id": "4ff026b8-a60d-4383-8f0c-6c85f5623afa",
            "name": "New World Milford"
        }
    },
    {
        "productData": {
            "name": "V Blue Can 4pk",
            "productId": "5030249_ea_000",
            "productShopPage": "https://www.newworld.co.nz/shop/product/5030249_ea_000nw",
            "productImageURL": "https://a.fsimg.co.nz/product/retail/fan/image/master/5030249.png",
            "productDescription": "Limit 12 assorted.\n\n\nContains Wheat Derivatives, Caffeine.\n\nProduct of New Zealand",
            "volume": "250mL",
            "multipack": {
                "quantity": "4"
            }
        },
        "priceData": {
            "bestPrice": "5.99",
            "price": "5.99",
            "pricePerLitre": 5.99,
            "bestPricePerLitre": 5.99
        },
        "store": {
            "id": "4ff026b8-a60d-4383-8f0c-6c85f5623afa",
            "name": "New World Milford"
        }
    },
    {
        "productData": {
            "name": "V Energy Drink Sugarfree Cans 4pk",
            "productId": "5004117_ea_000",
            "productShopPage": "https://www.newworld.co.nz/shop/product/5004117_ea_000nw",
            "productImageURL": "https://a.fsimg.co.nz/product/retail/fan/image/master/5004117.png",
            "productDescription": "Limit 12 assorted.\n\n\nSugar Free. Contains Caffeine.\n\nProduct of New Zealand",
            "volume": "250mL",
            "multipack": {
                "quantity": "4"
            }
        },
        "priceData": {
            "bestPrice": "5.99",
            "price": "5.99",
            "pricePerLitre": 5.99,
            "bestPricePerLitre": 5.99
        },
        "store": {
            "id": "4ff026b8-a60d-4383-8f0c-6c85f5623afa",
            "name": "New World Milford"
        }
    },
    {
        "productData": {
            "name": "V Energy Drink Green Cans 4pk",
            "productId": "5002893_ea_000",
            "productShopPage": "https://www.newworld.co.nz/shop/product/5002893_ea_000nw",
            "productImageURL": "https://a.fsimg.co.nz/product/retail/fan/image/master/5002893.png",
            "productDescription": "Limit 12 assorted.\n\n\nContains Caffeine.\n\nProduct of New Zealand",
            "volume": "250mL",
            "multipack": {
                "quantity": "4"
            }
        },
        "priceData": {
            "bestPrice": "5.99",
            "price": "5.99",
            "pricePerLitre": 5.99,
            "bestPricePerLitre": 5.99
        },
        "store": {
            "id": "4ff026b8-a60d-4383-8f0c-6c85f5623afa",
            "name": "New World Milford"
        }
    },
    {
        "productData": {
            "name": "Monster Ultra Zero Drink 500ml",
            "productId": "5090618_ea_000",
            "productShopPage": "https://www.newworld.co.nz/shop/product/5090618_ea_000nw",
            "productImageURL": "https://a.fsimg.co.nz/product/retail/fan/image/master/5090618.png",
            "productDescription": "A little less sweet, lighter-tasting, zero calories, but with a full load of our Monster energy blend. Sure, white is the new black. Monster Energy Zero Ultra. Unleash the Ultra Beast!\n\nProduct of Imported",
            "volume": "500mL",
            "multipack": {
                "quantity": "1"
            }
        },
        "priceData": {
            "bestPrice": "2.99",
            "price": "2.99",
            "pricePerLitre": 6.0,
            "bestPricePerLitre": 6.0
        },
        "store": {
            "id": "4ff026b8-a60d-4383-8f0c-6c85f5623afa",
            "name": "New World Milford"
        }
    },
    {
        "productData": {
            "name": "Monster Super Fuel Zero Sugar Energy Drink 550ml",
            "productId": "5284331_ea_000",
            "productShopPage": "https://www.newworld.co.nz/shop/product/5284331_ea_000nw",
            "productImageURL": "https://a.fsimg.co.nz/product/retail/fan/image/master/5284331.png",
            "productDescription": "Product of Imported",
            "volume": "550mL",
            "multipack": {
                "quantity": "1"
            }
        },
        "priceData": {
            "bestPrice": "3.49",
            "price": "3.49",
            "pricePerLitre": 6.345454545454546,
            "bestPricePerLitre": 6.345454545454546
        },
        "store": {
            "id": "4ff026b8-a60d-4383-8f0c-6c85f5623afa",
            "name": "New World Milford"
        }
    },
    {
        "productData": {
            "name": "Monster Energy Drink 500ml",
            "productId": "5007647_ea_000",
            "productShopPage": "https://www.newworld.co.nz/shop/product/5007647_ea_000nw",
            "productImageURL": "https://a.fsimg.co.nz/product/retail/fan/image/master/5007647.png",
            "productDescription": "Contains Caffeine.\n\nProduct of Imported",
            "volume": "500mL",
            "multipack": {
                "quantity": "1"
            }
        },
        "priceData": {
            "bestPrice": "2.99",
            "price": "2.99",
            "pricePerLitre": 6.0,
            "bestPricePerLitre": 6.0
        },
        "store": {
            "id": "4ff026b8-a60d-4383-8f0c-6c85f5623afa",
            "name": "New World Milford"
        }
    },
    {
        "productData": {
            "name": "V Sugarfree Guarana Energy Drink 4pk",
            "productId": "5210130_ea_000",
            "productShopPage": "https://www.newworld.co.nz/shop/product/5210130_ea_000nw",
            "productImageURL": "https://a.fsimg.co.nz/product/retail/fan/image/master/5210130.png",
            "productDescription": "Sugarfree\n\nProduct of New Zealand",
            "volume": "275mL",
            "multipack": {
                "quantity": "4"
            }
        },
        "priceData": {
            "bestPrice": "9.19",
            "price": "9.19",
            "pricePerLitre": 8.4,
            "bestPricePerLitre": 8.4
        },
        "store": {
            "id": "4ff026b8-a60d-4383-8f0c-6c85f5623afa",
            "name": "New World Milford"
        }
    },
    {
        "productData": {
            "name": "V Sugarfree Guarana Energy Drink 500ml",
            "productId": "5007644_ea_000",
            "productShopPage": "https://www.newworld.co.nz/shop/product/5007644_ea_000nw",
            "productImageURL": "https://a.fsimg.co.nz/product/retail/fan/image/master/5007644.png",
            "productDescription": "Sugar Free.\n\nProduct of New Zealand",
            "volume": "500mL",
            "multipack": {
                "quantity": "1"
            }
        },
        "priceData": {
            "bestPrice": "3.49",
            "price": "3.49",
            "pricePerLitre": 7.0,
            "bestPricePerLitre": 7.0
        },
        "store": {
            "id": "4ff026b8-a60d-4383-8f0c-6c85f5623afa",
            "name": "New World Milford"
        }
    },
    {
        "productData": {
            "name": "V Original Guarana Energy Drink 500ml",
            "productId": "5004703_ea_000",
            "productShopPage": "https://www.newworld.co.nz/shop/product/5004703_ea_000nw",
            "productImageURL": "https://a.fsimg.co.nz/product/retail/fan/image/master/5004703.png",
            "productDescription": "Contains Caffeine.\n\nProduct of New Zealand",
            "volume": "500mL",
            "multipack": {
                "quantity": "1"
            }
        },
        "priceData": {
            "bestPrice": "3.49",
            "price": "3.49",
            "pricePerLitre": 7.0,
            "bestPricePerLitre": 7.0
        },
        "store": {
            "id": "4ff026b8-a60d-4383-8f0c-6c85f5623afa",
            "name": "New World Milford"
        }
    },
    {
        "productData": {
            "name": "V Original Guarana Energy Drink 500ml",
            "productId": "5007441_ea_000",
            "productShopPage": "https://www.newworld.co.nz/shop/product/5007441_ea_000nw",
            "productImageURL": "https://a.fsimg.co.nz/product/retail/fan/image/master/5007441.png",
            "productDescription": "Buy 2 for $5.00.\n\n\nContains Wheat Derivatives, Caffeine.\n\nProduct of New Zealand",
            "volume": "500mL",
            "multipack": {
                "quantity": "1"
            }
        },
        "priceData": {
            "bestPrice": 2.5,
            "price": 2.0,
            "pricePerLitre": 4.0,
            "bestPricePerLitre": 5.0,
            "multiBuy": {
                "quantity": 2.0,
                "value": 5.0,
                "perUnit": 2.5
            }
        },
        "store": {
            "id": "4ff026b8-a60d-4383-8f0c-6c85f5623afa",
            "name": "New World Milford"
        }
    },
    {
        "productData": {
            "name": "V Blue Guarana Energy Drink 10pk",
            "productId": "5290181_ea_000",
            "productShopPage": "https://www.newworld.co.nz/shop/product/5290181_ea_000nw",
            "productImageURL": "https://a.fsimg.co.nz/product/retail/fan/image/master/5290181.png",
            "productDescription": "Product of New Zealand",
            "volume": "250mL",
            "multipack": {
                "quantity": "10"
            }
        },
        "priceData": {
            "bestPrice": "17.99",
            "price": "17.99",
            "pricePerLitre": 7.2,
            "bestPricePerLitre": 7.2
        },
        "store": {
            "id": "ad3ea12c-d9c1-4640-908c-feb9d3c79c11",
            "name": "New World Inglewood"
        }
    },
    {
        "productData": {
            "name": "V Blue Guarana Energy Drink 250ml",
            "productId": "5007495_ea_000",
            "productShopPage": "https://www.newworld.co.nz/shop/product/5007495_ea_000nw",
            "productImageURL": "https://a.fsimg.co.nz/product/retail/fan/image/master/5007495.png",
            "productDescription": "Contains Caffeine, Wheat Derivatives.\n\nProduct of New Zealand",
            "volume": "250mL",
            "multipack": {
                "quantity": "1"
            }
        },
        "priceData": {
            "bestPrice": "1.99",
            "price": "1.99",
            "pricePerLitre": 8.0,
            "bestPricePerLitre": 8.0
        },
        "store": {
            "id": "ad3ea12c-d9c1-4640-908c-feb9d3c79c11",
            "name": "New World Inglewood"
        }
    },
    {
        "productData": {
            "name": "V Sugarfree Blue Guarana Energy Drink 4pk",
            "productId": "5289891_ea_000",
            "productShopPage": "https://www.newworld.co.nz/shop/product/5289891_ea_000nw",
            "productImageURL": "https://a.fsimg.co.nz/product/retail/fan/image/master/5289891.png",
            "productDescription": "Limit 12 assorted.\n\n\n\n\nProduct of New Zealand",
            "volume": "250mL",
            "multipack": {
                "quantity": "4"
            }
        },
        "priceData": {
            "bestPrice": "5.99",
            "price": "5.99",
            "pricePerLitre": 5.99,
            "bestPricePerLitre": 5.99
        },
        "store": {
            "id": "ad3ea12c-d9c1-4640-908c-feb9d3c79c11",
            "name": "New World Inglewood"
        }
    },
    {
        "productData": {
            "name": "V Sugarfree Guarana Energy Drink 250ml",
            "productId": "5001639_ea_000",
            "productShopPage": "https://www.newworld.co.nz/shop/product/5001639_ea_000nw",
            "productImageURL": "https://a.fsimg.co.nz/product/retail/fan/image/master/5001639.png",
            "productDescription": "Sugar Free. Contains Caffeine.\n\nProduct of New Zealand",
            "volume": "250mL",
            "multipack": {
                "quantity": "1"
            }
        },
        "priceData": {
            "bestPrice": "1.99",
            "price": "1.99",
            "pricePerLitre": 8.0,
            "bestPricePerLitre": 8.0
        },
        "store": {
            "id": "ad3ea12c-d9c1-4640-908c-feb9d3c79c11",
            "name": "New World Inglewood"
        }
    },
    {
        "productData": {
            "name": "V Sugarfree Guarana Energy Drink 10pk",
            "productId": "5289890_ea_000",
            "productShopPage": "https://www.newworld.co.nz/shop/product/5289890_ea_000nw",
            "productImageURL": "https://a.fsimg.co.nz/product/retail/fan/image/master/5289890.png",
            "productDescription": "Product of New Zealand",
            "volume": "",
            "multipack": {
                "quantity": ""
            }
        },
        "priceData": {
            "bestPrice": "17.99",
            "price": "17.99",
            "pricePerLitre": 72.0,
            "bestPricePerLitre": 72.0
        },
        "store": {
            "id": "ad3ea12c-d9c1-4640-908c-feb9d3c79c11",
            "name": "New World Inglewood"
        }
    },
    {
        "productData": {
            "name": "V Green Guarana Energy Drink 6pk",
            "productId": "5272987_ea_000",
            "productShopPage": "https://www.newworld.co.nz/shop/product/5272987_ea_000nw",
            "productImageURL": "https://a.fsimg.co.nz/product/retail/fan/image/master/5272987.png",
            "productDescription": "Product of New Zealand",
            "volume": "330mL",
            "multipack": {
                "quantity": "6"
            }
        },
        "priceData": {
            "bestPrice": "11.99",
            "price": "11.99",
            "pricePerLitre": 6.05,
            "bestPricePerLitre": 6.05
        },
        "store": {
            "id": "ad3ea12c-d9c1-4640-908c-feb9d3c79c11",
            "name": "New World Inglewood"
        }
    },
    {
        "productData": {
            "name": "Live Plus Persist Energy Drink 250ml",
            "productId": "5236678_ea_000",
            "productShopPage": "https://www.newworld.co.nz/shop/product/5236678_ea_000nw",
            "productImageURL": "https://a.fsimg.co.nz/product/retail/fan/image/master/5236678.png",
            "productDescription": "Limit 12 assorted.\n\n\n\n\nProduct of New Zealand",
            "volume": "",
            "multipack": {
                "quantity": ""
            }
        },
        "priceData": {
            "bestPrice": "0.99",
            "price": "0.99"
        },
        "store": {
            "id": "ad3ea12c-d9c1-4640-908c-feb9d3c79c11",
            "name": "New World Inglewood"
        }
    },
    {
        "productData": {
            "name": "V Green Guarana Energy Drink 10pk",
            "productId": "5289889_ea_000",
            "productShopPage": "https://www.newworld.co.nz/shop/product/5289889_ea_000nw",
            "productImageURL": "https://a.fsimg.co.nz/product/retail/fan/image/master/5289889.png",
            "productDescription": "Product of New Zealand",
            "volume": "250mL",
            "multipack": {
                "quantity": "10"
            }
        },
        "priceData": {
            "bestPrice": "17.99",
            "price": "17.99",
            "pricePerLitre": 7.2,
            "bestPricePerLitre": 7.2
        },
        "store": {
            "id": "ad3ea12c-d9c1-4640-908c-feb9d3c79c11",
            "name": "New World Inglewood"
        }
    },
    {
        "productData": {
            "name": "V Original Guarana Energy Drink 350ml",
            "productId": "5003156_ea_000",
            "productShopPage": "https://www.newworld.co.nz/shop/product/5003156_ea_000nw",
            "productImageURL": "https://a.fsimg.co.nz/product/retail/fan/image/master/5003156.png",
            "productDescription": "Buy 2 for $5.00.\n\n\nContains Caffeine.\n\nProduct of New Zealand",
            "volume": "350mL",
            "multipack": {
                "quantity": "1"
            }
        },
        "priceData": {
            "bestPrice": 2.5,
            "price": 2.0,
            "pricePerLitre": 5.714285714285714,
            "bestPricePerLitre": 7.142857142857143,
            "multiBuy": {
                "quantity": 2.0,
                "value": 5.0,
                "perUnit": 2.5
            }
        },
        "store": {
            "id": "ad3ea12c-d9c1-4640-908c-feb9d3c79c11",
            "name": "New World Inglewood"
        }
    },
    {
        "productData": {
            "name": "V Blue Guarana Energy Drink 350ml",
            "productId": "5007492_ea_000",
            "productShopPage": "https://www.newworld.co.nz/shop/product/5007492_ea_000nw",
            "productImageURL": "https://a.fsimg.co.nz/product/retail/fan/image/master/5007492.png",
            "productDescription": "Buy 2 for $5.00.\n\n\nContains Caffeine, Wheat Derivatives.\n\nProduct of New Zealand",
            "volume": "350mL",
            "multipack": {
                "quantity": "1"
            }
        },
        "priceData": {
            "bestPrice": 2.5,
            "price": 2.0,
            "pricePerLitre": 5.714285714285714,
            "bestPricePerLitre": 7.142857142857143,
            "multiBuy": {
                "quantity": 2.0,
                "value": 5.0,
                "perUnit": 2.5
            }
        },
        "store": {
            "id": "ad3ea12c-d9c1-4640-908c-feb9d3c79c11",
            "name": "New World Inglewood"
        }
    },
    {
        "productData": {
            "name": "V Blue Energy Drink 500ml",
            "productId": "5020662_ea_000",
            "productShopPage": "https://www.newworld.co.nz/shop/product/5020662_ea_000nw",
            "productImageURL": "https://a.fsimg.co.nz/product/retail/fan/image/master/5020662.png",
            "productDescription": "Buy 2 for $5.00.\n\n\n\n\nProduct of New Zealand",
            "volume": "500mL",
            "multipack": {
                "quantity": "1"
            }
        },
        "priceData": {
            "bestPrice": 2.5,
            "price": 2.0,
            "pricePerLitre": 4.0,
            "bestPricePerLitre": 5.0,
            "multiBuy": {
                "quantity": 2.0,
                "value": 5.0,
                "perUnit": 2.5
            }
        },
        "store": {
            "id": "ad3ea12c-d9c1-4640-908c-feb9d3c79c11",
            "name": "New World Inglewood"
        }
    },
    {
        "productData": {
            "name": "V Blue Guarana Energy Drink 500ml",
            "productId": "5007494_ea_000",
            "productShopPage": "https://www.newworld.co.nz/shop/product/5007494_ea_000nw",
            "productImageURL": "https://a.fsimg.co.nz/product/retail/fan/image/master/5007494.png",
            "productDescription": "Contains Wheat Derivatives, Caffeine.\n\nProduct of New Zealand",
            "volume": "500mL",
            "multipack": {
                "quantity": "1"
            }
        },
        "priceData": {
            "bestPrice": "3.49",
            "price": "3.49",
            "pricePerLitre": 7.0,
            "bestPricePerLitre": 7.0
        },
        "store": {
            "id": "ad3ea12c-d9c1-4640-908c-feb9d3c79c11",
            "name": "New World Inglewood"
        }
    },
    {
        "productData": {
            "name": "Red Bull Energy Drink 473ml",
            "productId": "5005255_ea_000",
            "productShopPage": "https://www.newworld.co.nz/shop/product/5005255_ea_000nw",
            "productImageURL": "https://a.fsimg.co.nz/product/retail/fan/image/master/5005255.png",
            "productDescription": "Red Bull Energy Drink's special formula contains ingredients of high quality: Caffeine, Taurine, B-Group Vitamins, Sugars, Alpine Water.One 250ml can of Red Bull Energy Drinks contains 80 mg of caffeine, about the same amount as in a cup of home-brewed coffee.The amount of sugars in a can of Red Bull Energy Drink is comparable to the level of sugars in an equivalent amount of apple or orange juice – 11 g per 100ml.Red Bull cans are made of 100% recyclable aluminium.Red Bull Energy Drink 473ml canVitalizes Body and Mind.®RED BULL GIVES YOU WINGSInspired by functional drinks from the Far East, Dietrich Mateschitz founded Red Bull in the mid-1980s. He developed a new product and a unique marketing concept and launched Red Bull Energy Drink on April 1, 1987 in Austria. A brand new product category - Energy Drinks - was born.\n\nProduct of Imported",
            "volume": "473mL",
            "multipack": {
                "quantity": "1"
            }
        },
        "priceData": {
            "bestPrice": "3.59",
            "price": "3.59",
            "pricePerLitre": 7.6,
            "bestPricePerLitre": 7.6
        },
        "store": {
            "id": "ad3ea12c-d9c1-4640-908c-feb9d3c79c11",
            "name": "New World Inglewood"
        }
    },
    {
        "productData": {
            "name": "V Original Guarana Energy Drink 250ml",
            "productId": "5003151_ea_000",
            "productShopPage": "https://www.newworld.co.nz/shop/product/5003151_ea_000nw",
            "productImageURL": "https://a.fsimg.co.nz/product/retail/fan/image/master/5003151.png",
            "productDescription": "Contains Caffeine.\n\nProduct of New Zealand",
            "volume": "250mL",
            "multipack": {
                "quantity": "1"
            }
        },
        "priceData": {
            "bestPrice": "1.99",
            "price": "1.99",
            "pricePerLitre": 8.0,
            "bestPricePerLitre": 8.0
        },
        "store": {
            "id": "ad3ea12c-d9c1-4640-908c-feb9d3c79c11",
            "name": "New World Inglewood"
        }
    },
    {
        "productData": {
            "name": "Red Bull Energy Drink 250ml Cans 4pk",
            "productId": "5001443_ea_000",
            "productShopPage": "https://www.newworld.co.nz/shop/product/5001443_ea_000nw",
            "productImageURL": "https://a.fsimg.co.nz/product/retail/fan/image/master/5001443.png",
            "productDescription": "Red Bull Energy Drink's special formula contains ingredients of high quality: Caffeine, Taurine, B-Group Vitamins, Sugars, Alpine Water.One 250ml can of Red Bull Energy Drinks contains 80 mg of caffeine, about the same amount as in a cup of home-brewed coffee.The amount of sugars in a can of Red Bull Energy Drink is comparable to the level of sugars in an equivalent amount of apple or orange juice – 11 g per 100ml.Red Bull cans are made of 100% recyclable aluminium.Pack of four 250ml Red Bull Energy Drink cansVitalizes Body and Mind.®RED BULL GIVES YOU WINGSInspired by functional drinks from the Far East, Dietrich Mateschitz founded Red Bull in the mid-1980s. He developed a new product and a unique marketing concept and launched Red Bull Energy Drink on April 1, 1987 in Austria. A brand new product category - Energy Drinks - was born.",
            "volume": "250mL",
            "multipack": {
                "quantity": "4"
            }
        },
        "priceData": {
            "bestPrice": "8.29",
            "price": "8.29",
            "pricePerLitre": 8.299999999999999,
            "bestPricePerLitre": 8.299999999999999
        },
        "store": {
            "id": "ad3ea12c-d9c1-4640-908c-feb9d3c79c11",
            "name": "New World Inglewood"
        }
    },
    {
        "productData": {
            "name": "Lucozade Orange Energy Drink 380ml",
            "productId": "5009239_ea_000",
            "productShopPage": "https://www.newworld.co.nz/shop/product/5009239_ea_000nw",
            "productImageURL": "https://a.fsimg.co.nz/product/retail/fan/image/master/5009239.png",
            "productDescription": "Powered by Glucose.\n\nProduct of New Zealand",
            "volume": "380mL",
            "multipack": {
                "quantity": "1"
            }
        },
        "priceData": {
            "bestPrice": "2.69",
            "price": "2.69",
            "pricePerLitre": 7.08,
            "bestPricePerLitre": 7.08
        },
        "store": {
            "id": "ad3ea12c-d9c1-4640-908c-feb9d3c79c11",
            "name": "New World Inglewood"
        }
    },
    {
        "productData": {
            "name": "Rockstar Watermelon Freeze Energy Drink 500ml",
            "productId": "5257298_ea_000",
            "productShopPage": "https://www.newworld.co.nz/shop/product/5257298_ea_000nw",
            "productImageURL": "https://a.fsimg.co.nz/product/retail/fan/image/master/5257298.png",
            "productDescription": "Buy 3 for $5.00.\n\n\n\n\nProduct of New Zealand",
            "volume": "500mL",
            "multipack": {
                "quantity": "1"
            }
        },
        "priceData": {
            "bestPrice": 1.6666666666666667,
            "price": 1.0,
            "pricePerLitre": 2.0,
            "bestPricePerLitre": 3.3333333333333335,
            "multiBuy": {
                "quantity": 3.0,
                "value": 5.0,
                "perUnit": 1.6666666666666667
            }
        },
        "store": {
            "id": "ad3ea12c-d9c1-4640-908c-feb9d3c79c11",
            "name": "New World Inglewood"
        }
    },
    {
        "productData": {
            "name": "V Raspberry Lemonade Guarana Energy Drink 4pk",
            "productId": "5289907_ea_000",
            "productShopPage": "https://www.newworld.co.nz/shop/product/5289907_ea_000nw",
            "productImageURL": "https://a.fsimg.co.nz/product/retail/fan/image/master/5289907.png",
            "productDescription": "Limit 12 assorted.\n\n\n\n\nProduct of New Zealand",
            "volume": "250mL",
            "multipack": {
                "quantity": "4"
            }
        },
        "priceData": {
            "bestPrice": "5.99",
            "price": "5.99",
            "pricePerLitre": 5.99,
            "bestPricePerLitre": 5.99
        },
        "store": {
            "id": "ad3ea12c-d9c1-4640-908c-feb9d3c79c11",
            "name": "New World Inglewood"
        }
    },
    {
        "productData": {
            "name": "V Blue Can 4pk",
            "productId": "5030249_ea_000",
            "productShopPage": "https://www.newworld.co.nz/shop/product/5030249_ea_000nw",
            "productImageURL": "https://a.fsimg.co.nz/product/retail/fan/image/master/5030249.png",
            "productDescription": "Limit 12 assorted.\n\n\nContains Wheat Derivatives, Caffeine.\n\nProduct of New Zealand",
            "volume": "250mL",
            "multipack": {
                "quantity": "4"
            }
        },
        "priceData": {
            "bestPrice": "5.99",
            "price": "5.99",
            "pricePerLitre": 5.99,
            "bestPricePerLitre": 5.99
        },
        "store": {
            "id": "ad3ea12c-d9c1-4640-908c-feb9d3c79c11",
            "name": "New World Inglewood"
        }
    },
    {
        "productData": {
            "name": "V Energy Drink Sugarfree Cans 4pk",
            "productId": "5004117_ea_000",
            "productShopPage": "https://www.newworld.co.nz/shop/product/5004117_ea_000nw",
            "productImageURL": "https://a.fsimg.co.nz/product/retail/fan/image/master/5004117.png",
            "productDescription": "Limit 12 assorted.\n\n\nSugar Free. Contains Caffeine.\n\nProduct of New Zealand",
            "volume": "250mL",
            "multipack": {
                "quantity": "4"
            }
        },
        "priceData": {
            "bestPrice": "5.99",
            "price": "5.99",
            "pricePerLitre": 5.99,
            "bestPricePerLitre": 5.99
        },
        "store": {
            "id": "ad3ea12c-d9c1-4640-908c-feb9d3c79c11",
            "name": "New World Inglewood"
        }
    },
    {
        "productData": {
            "name": "Monster Mango Loco Energy Drink 500ml",
            "productId": "5242374_ea_000",
            "productShopPage": "https://www.newworld.co.nz/shop/product/5242374_ea_000nw",
            "productImageURL": "https://a.fsimg.co.nz/product/retail/fan/image/master/5242374.png",
            "productDescription": "Product of Imported",
            "volume": "500mL",
            "multipack": {
                "quantity": "1"
            }
        },
        "priceData": {
            "bestPrice": "2.99",
            "price": "2.99",
            "pricePerLitre": 6.0,
            "bestPricePerLitre": 6.0
        },
        "store": {
            "id": "ad3ea12c-d9c1-4640-908c-feb9d3c79c11",
            "name": "New World Inglewood"
        }
    },
    {
        "productData": {
            "name": "Monster Zero Sugar Ultra Rosa Energy Drink 500ml",
            "productId": "5278094_ea_000",
            "productShopPage": "https://www.newworld.co.nz/shop/product/5278094_ea_000nw",
            "productImageURL": "https://a.fsimg.co.nz/product/retail/fan/image/master/5278094.png",
            "productDescription": "Product of Imported",
            "volume": "500mL",
            "multipack": {
                "quantity": "1"
            }
        },
        "priceData": {
            "bestPrice": "2.99",
            "price": "2.99",
            "pricePerLitre": 6.0,
            "bestPricePerLitre": 6.0
        },
        "store": {
            "id": "ad3ea12c-d9c1-4640-908c-feb9d3c79c11",
            "name": "New World Inglewood"
        }
    },
    {
        "productData": {
            "name": "Monster Mule Energy Drink 500ml",
            "productId": "5269459_ea_000",
            "productShopPage": "https://www.newworld.co.nz/shop/product/5269459_ea_000nw",
            "productImageURL": "https://a.fsimg.co.nz/product/retail/fan/image/master/5269459.png",
            "productDescription": "Product of Imported",
            "volume": "500mL",
            "multipack": {
                "quantity": "1"
            }
        },
        "priceData": {
            "bestPrice": "2.99",
            "price": "2.99",
            "pricePerLitre": 6.0,
            "bestPricePerLitre": 6.0
        },
        "store": {
            "id": "ad3ea12c-d9c1-4640-908c-feb9d3c79c11",
            "name": "New World Inglewood"
        }
    },
    {
        "productData": {
            "name": "V Energy Drink Green Cans 4pk",
            "productId": "5002893_ea_000",
            "productShopPage": "https://www.newworld.co.nz/shop/product/5002893_ea_000nw",
            "productImageURL": "https://a.fsimg.co.nz/product/retail/fan/image/master/5002893.png",
            "productDescription": "Limit 12 assorted.\n\n\nContains Caffeine.\n\nProduct of New Zealand",
            "volume": "250mL",
            "multipack": {
                "quantity": "4"
            }
        },
        "priceData": {
            "bestPrice": "5.99",
            "price": "5.99",
            "pricePerLitre": 5.99,
            "bestPricePerLitre": 5.99
        },
        "store": {
            "id": "ad3ea12c-d9c1-4640-908c-feb9d3c79c11",
            "name": "New World Inglewood"
        }
    },
    {
        "productData": {
            "name": "Mother Energy Drink Can 500ml",
            "productId": "5011153_ea_000",
            "productShopPage": "https://www.newworld.co.nz/shop/product/5011153_ea_000nw",
            "productImageURL": "https://a.fsimg.co.nz/product/retail/fan/image/master/5011153.png",
            "productDescription": "Contains Caffeine.\n\nProduct of New Zealand",
            "volume": "500mL",
            "multipack": {
                "quantity": "1"
            }
        },
        "priceData": {
            "bestPrice": "1.99",
            "price": "1.99",
            "pricePerLitre": 4.0,
            "bestPricePerLitre": 4.0
        },
        "store": {
            "id": "ad3ea12c-d9c1-4640-908c-feb9d3c79c11",
            "name": "New World Inglewood"
        }
    },
    {
        "productData": {
            "name": "Monster Energy Drink 500ml",
            "productId": "5007647_ea_000",
            "productShopPage": "https://www.newworld.co.nz/shop/product/5007647_ea_000nw",
            "productImageURL": "https://a.fsimg.co.nz/product/retail/fan/image/master/5007647.png",
            "productDescription": "Contains Caffeine.\n\nProduct of Imported",
            "volume": "500mL",
            "multipack": {
                "quantity": "1"
            }
        },
        "priceData": {
            "bestPrice": "2.99",
            "price": "2.99",
            "pricePerLitre": 6.0,
            "bestPricePerLitre": 6.0
        },
        "store": {
            "id": "ad3ea12c-d9c1-4640-908c-feb9d3c79c11",
            "name": "New World Inglewood"
        }
    },
    {
        "productData": {
            "name": "V Sugarfree Guarana Energy Drink 500ml",
            "productId": "5007644_ea_000",
            "productShopPage": "https://www.newworld.co.nz/shop/product/5007644_ea_000nw",
            "productImageURL": "https://a.fsimg.co.nz/product/retail/fan/image/master/5007644.png",
            "productDescription": "Sugar Free.\n\nProduct of New Zealand",
            "volume": "500mL",
            "multipack": {
                "quantity": "1"
            }
        },
        "priceData": {
            "bestPrice": "3.49",
            "price": "3.49",
            "pricePerLitre": 7.0,
            "bestPricePerLitre": 7.0
        },
        "store": {
            "id": "ad3ea12c-d9c1-4640-908c-feb9d3c79c11",
            "name": "New World Inglewood"
        }
    },
    {
        "productData": {
            "name": "V Original Guarana Energy Drink 500ml",
            "productId": "5004703_ea_000",
            "productShopPage": "https://www.newworld.co.nz/shop/product/5004703_ea_000nw",
            "productImageURL": "https://a.fsimg.co.nz/product/retail/fan/image/master/5004703.png",
            "productDescription": "Contains Caffeine.\n\nProduct of New Zealand",
            "volume": "500mL",
            "multipack": {
                "quantity": "1"
            }
        },
        "priceData": {
            "bestPrice": "3.49",
            "price": "3.49",
            "pricePerLitre": 7.0,
            "bestPricePerLitre": 7.0
        },
        "store": {
            "id": "ad3ea12c-d9c1-4640-908c-feb9d3c79c11",
            "name": "New World Inglewood"
        }
    },
    {
        "productData": {
            "name": "V Original Guarana Energy Drink 500ml",
            "productId": "5007441_ea_000",
            "productShopPage": "https://www.newworld.co.nz/shop/product/5007441_ea_000nw",
            "productImageURL": "https://a.fsimg.co.nz/product/retail/fan/image/master/5007441.png",
            "productDescription": "Buy 2 for $5.00.\n\n\nContains Wheat Derivatives, Caffeine.\n\nProduct of New Zealand",
            "volume": "500mL",
            "multipack": {
                "quantity": "1"
            }
        },
        "priceData": {
            "bestPrice": 2.5,
            "price": 2.0,
            "pricePerLitre": 4.0,
            "bestPricePerLitre": 5.0,
            "multiBuy": {
                "quantity": 2.0,
                "value": 5.0,
                "perUnit": 2.5
            }
        },
        "store": {
            "id": "ad3ea12c-d9c1-4640-908c-feb9d3c79c11",
            "name": "New World Inglewood"
        }
    },
    {
        "productData": {
            "name": "V Blue Guarana Energy Drink 10pk",
            "productId": "5290181_ea_000",
            "productShopPage": "https://www.newworld.co.nz/shop/product/5290181_ea_000nw",
            "productImageURL": "https://a.fsimg.co.nz/product/retail/fan/image/master/5290181.png",
            "productDescription": "Product of New Zealand",
            "volume": "250mL",
            "multipack": {
                "quantity": "10"
            }
        },
        "priceData": {
            "bestPrice": "17.99",
            "price": "17.99",
            "pricePerLitre": 7.2,
            "bestPricePerLitre": 7.2
        },
        "store": {
            "id": "177c82e0-7343-434c-8b98-9c20e72561c2",
            "name": "New World Hillcrest"
        }
    },
    {
        "productData": {
            "name": "V Blue Guarana Energy Drink 250ml",
            "productId": "5007495_ea_000",
            "productShopPage": "https://www.newworld.co.nz/shop/product/5007495_ea_000nw",
            "productImageURL": "https://a.fsimg.co.nz/product/retail/fan/image/master/5007495.png",
            "productDescription": "Contains Caffeine, Wheat Derivatives.\n\nProduct of New Zealand",
            "volume": "250mL",
            "multipack": {
                "quantity": "1"
            }
        },
        "priceData": {
            "bestPrice": "1.99",
            "price": "1.99",
            "pricePerLitre": 8.0,
            "bestPricePerLitre": 8.0
        },
        "store": {
            "id": "177c82e0-7343-434c-8b98-9c20e72561c2",
            "name": "New World Hillcrest"
        }
    },
    {
        "productData": {
            "name": "V Sugarfree Blue Guarana Energy Drink 4pk",
            "productId": "5289891_ea_000",
            "productShopPage": "https://www.newworld.co.nz/shop/product/5289891_ea_000nw",
            "productImageURL": "https://a.fsimg.co.nz/product/retail/fan/image/master/5289891.png",
            "productDescription": "Limit 12 assorted.\n\n\n\n\nProduct of New Zealand",
            "volume": "250mL",
            "multipack": {
                "quantity": "4"
            }
        },
        "priceData": {
            "bestPrice": "5.99",
            "price": "5.99",
            "pricePerLitre": 5.99,
            "bestPricePerLitre": 5.99
        },
        "store": {
            "id": "177c82e0-7343-434c-8b98-9c20e72561c2",
            "name": "New World Hillcrest"
        }
    },
    {
        "productData": {
            "name": "V Sugarfree Guarana Energy Drink 250ml",
            "productId": "5001639_ea_000",
            "productShopPage": "https://www.newworld.co.nz/shop/product/5001639_ea_000nw",
            "productImageURL": "https://a.fsimg.co.nz/product/retail/fan/image/master/5001639.png",
            "productDescription": "Sugar Free. Contains Caffeine.\n\nProduct of New Zealand",
            "volume": "250mL",
            "multipack": {
                "quantity": "1"
            }
        },
        "priceData": {
            "bestPrice": "1.99",
            "price": "1.99",
            "pricePerLitre": 8.0,
            "bestPricePerLitre": 8.0
        },
        "store": {
            "id": "177c82e0-7343-434c-8b98-9c20e72561c2",
            "name": "New World Hillcrest"
        }
    },
    {
        "productData": {
            "name": "V Sugarfree Guarana Energy Drink 10pk",
            "productId": "5289890_ea_000",
            "productShopPage": "https://www.newworld.co.nz/shop/product/5289890_ea_000nw",
            "productImageURL": "https://a.fsimg.co.nz/product/retail/fan/image/master/5289890.png",
            "productDescription": "Product of New Zealand",
            "volume": "",
            "multipack": {
                "quantity": ""
            }
        },
        "priceData": {
            "bestPrice": "17.99",
            "price": "17.99",
            "pricePerLitre": 72.0,
            "bestPricePerLitre": 72.0
        },
        "store": {
            "id": "177c82e0-7343-434c-8b98-9c20e72561c2",
            "name": "New World Hillcrest"
        }
    },
    {
        "productData": {
            "name": "Live Plus Tart Apple Energy Drink 250ml",
            "productId": "5236676_ea_000",
            "productShopPage": "https://www.newworld.co.nz/shop/product/5236676_ea_000nw",
            "productImageURL": "https://a.fsimg.co.nz/product/retail/fan/image/master/5236676.png",
            "productDescription": "Limit 12 assorted.\n\n\n\n\nProduct of New Zealand",
            "volume": "250mL",
            "multipack": {
                "quantity": "1"
            }
        },
        "priceData": {
            "bestPrice": "0.99",
            "price": "0.99",
            "pricePerLitre": 3.96,
            "bestPricePerLitre": 3.96
        },
        "store": {
            "id": "177c82e0-7343-434c-8b98-9c20e72561c2",
            "name": "New World Hillcrest"
        }
    },
    {
        "productData": {
            "name": "Live Plus Persist Energy Drink 250ml",
            "productId": "5236678_ea_000",
            "productShopPage": "https://www.newworld.co.nz/shop/product/5236678_ea_000nw",
            "productImageURL": "https://a.fsimg.co.nz/product/retail/fan/image/master/5236678.png",
            "productDescription": "Limit 12 assorted.\n\n\n\n\nProduct of New Zealand",
            "volume": "",
            "multipack": {
                "quantity": ""
            }
        },
        "priceData": {
            "bestPrice": "0.99",
            "price": "0.99"
        },
        "store": {
            "id": "177c82e0-7343-434c-8b98-9c20e72561c2",
            "name": "New World Hillcrest"
        }
    },
    {
        "productData": {
            "name": "V Green Guarana Energy Drink 10pk",
            "productId": "5289889_ea_000",
            "productShopPage": "https://www.newworld.co.nz/shop/product/5289889_ea_000nw",
            "productImageURL": "https://a.fsimg.co.nz/product/retail/fan/image/master/5289889.png",
            "productDescription": "Product of New Zealand",
            "volume": "250mL",
            "multipack": {
                "quantity": "10"
            }
        },
        "priceData": {
            "bestPrice": "17.99",
            "price": "17.99",
            "pricePerLitre": 7.2,
            "bestPricePerLitre": 7.2
        },
        "store": {
            "id": "177c82e0-7343-434c-8b98-9c20e72561c2",
            "name": "New World Hillcrest"
        }
    },
    {
        "productData": {
            "name": "V Sugarfree Blue Guarana Energy Drink 500ml",
            "productId": "5283362_ea_000",
            "productShopPage": "https://www.newworld.co.nz/shop/product/5283362_ea_000nw",
            "productImageURL": "https://a.fsimg.co.nz/product/retail/fan/image/master/5283362.png",
            "productDescription": "Sugar free\n\nProduct of New Zealand",
            "volume": "500mL",
            "multipack": {
                "quantity": "1"
            }
        },
        "priceData": {
            "bestPrice": "3.49",
            "price": "3.49",
            "pricePerLitre": 7.0,
            "bestPricePerLitre": 7.0
        },
        "store": {
            "id": "177c82e0-7343-434c-8b98-9c20e72561c2",
            "name": "New World Hillcrest"
        }
    },
    {
        "productData": {
            "name": "V Original Guarana Energy Drink 350ml",
            "productId": "5003156_ea_000",
            "productShopPage": "https://www.newworld.co.nz/shop/product/5003156_ea_000nw",
            "productImageURL": "https://a.fsimg.co.nz/product/retail/fan/image/master/5003156.png",
            "productDescription": "Buy 2 for $5.00.\n\n\nContains Caffeine.\n\nProduct of New Zealand",
            "volume": "350mL",
            "multipack": {
                "quantity": "1"
            }
        },
        "priceData": {
            "bestPrice": 2.5,
            "price": 2.0,
            "pricePerLitre": 5.714285714285714,
            "bestPricePerLitre": 7.142857142857143,
            "multiBuy": {
                "quantity": 2.0,
                "value": 5.0,
                "perUnit": 2.5
            }
        },
        "store": {
            "id": "177c82e0-7343-434c-8b98-9c20e72561c2",
            "name": "New World Hillcrest"
        }
    },
    {
        "productData": {
            "name": "V Blue Guarana Energy Drink 350ml",
            "productId": "5007492_ea_000",
            "productShopPage": "https://www.newworld.co.nz/shop/product/5007492_ea_000nw",
            "productImageURL": "https://a.fsimg.co.nz/product/retail/fan/image/master/5007492.png",
            "productDescription": "Buy 2 for $5.00.\n\n\nContains Caffeine, Wheat Derivatives.\n\nProduct of New Zealand",
            "volume": "350mL",
            "multipack": {
                "quantity": "1"
            }
        },
        "priceData": {
            "bestPrice": 2.5,
            "price": 2.0,
            "pricePerLitre": 5.714285714285714,
            "bestPricePerLitre": 7.142857142857143,
            "multiBuy": {
                "quantity": 2.0,
                "value": 5.0,
                "perUnit": 2.5
            }
        },
        "store": {
            "id": "177c82e0-7343-434c-8b98-9c20e72561c2",
            "name": "New World Hillcrest"
        }
    },
    {
        "productData": {
            "name": "V Blue Energy Drink 500ml",
            "productId": "5020662_ea_000",
            "productShopPage": "https://www.newworld.co.nz/shop/product/5020662_ea_000nw",
            "productImageURL": "https://a.fsimg.co.nz/product/retail/fan/image/master/5020662.png",
            "productDescription": "Buy 2 for $5.00.\n\n\n\n\nProduct of New Zealand",
            "volume": "500mL",
            "multipack": {
                "quantity": "1"
            }
        },
        "priceData": {
            "bestPrice": 2.5,
            "price": 2.0,
            "pricePerLitre": 4.0,
            "bestPricePerLitre": 5.0,
            "multiBuy": {
                "quantity": 2.0,
                "value": 5.0,
                "perUnit": 2.5
            }
        },
        "store": {
            "id": "177c82e0-7343-434c-8b98-9c20e72561c2",
            "name": "New World Hillcrest"
        }
    },
    {
        "productData": {
            "name": "V Blue Guarana Energy Drink 500ml",
            "productId": "5007494_ea_000",
            "productShopPage": "https://www.newworld.co.nz/shop/product/5007494_ea_000nw",
            "productImageURL": "https://a.fsimg.co.nz/product/retail/fan/image/master/5007494.png",
            "productDescription": "Contains Wheat Derivatives, Caffeine.\n\nProduct of New Zealand",
            "volume": "500mL",
            "multipack": {
                "quantity": "1"
            }
        },
        "priceData": {
            "bestPrice": "3.49",
            "price": "3.49",
            "pricePerLitre": 7.0,
            "bestPricePerLitre": 7.0
        },
        "store": {
            "id": "177c82e0-7343-434c-8b98-9c20e72561c2",
            "name": "New World Hillcrest"
        }
    },
    {
        "productData": {
            "name": "Red Bull Energy Drink 473ml",
            "productId": "5005255_ea_000",
            "productShopPage": "https://www.newworld.co.nz/shop/product/5005255_ea_000nw",
            "productImageURL": "https://a.fsimg.co.nz/product/retail/fan/image/master/5005255.png",
            "productDescription": "Red Bull Energy Drink's special formula contains ingredients of high quality: Caffeine, Taurine, B-Group Vitamins, Sugars, Alpine Water.One 250ml can of Red Bull Energy Drinks contains 80 mg of caffeine, about the same amount as in a cup of home-brewed coffee.The amount of sugars in a can of Red Bull Energy Drink is comparable to the level of sugars in an equivalent amount of apple or orange juice – 11 g per 100ml.Red Bull cans are made of 100% recyclable aluminium.Red Bull Energy Drink 473ml canVitalizes Body and Mind.®RED BULL GIVES YOU WINGSInspired by functional drinks from the Far East, Dietrich Mateschitz founded Red Bull in the mid-1980s. He developed a new product and a unique marketing concept and launched Red Bull Energy Drink on April 1, 1987 in Austria. A brand new product category - Energy Drinks - was born.\n\nProduct of Imported",
            "volume": "473mL",
            "multipack": {
                "quantity": "1"
            }
        },
        "priceData": {
            "bestPrice": "3.59",
            "price": "3.59",
            "pricePerLitre": 7.6,
            "bestPricePerLitre": 7.6
        },
        "store": {
            "id": "177c82e0-7343-434c-8b98-9c20e72561c2",
            "name": "New World Hillcrest"
        }
    },
    {
        "productData": {
            "name": "V Original Guarana Energy Drink 250ml",
            "productId": "5003151_ea_000",
            "productShopPage": "https://www.newworld.co.nz/shop/product/5003151_ea_000nw",
            "productImageURL": "https://a.fsimg.co.nz/product/retail/fan/image/master/5003151.png",
            "productDescription": "Contains Caffeine.\n\nProduct of New Zealand",
            "volume": "250mL",
            "multipack": {
                "quantity": "1"
            }
        },
        "priceData": {
            "bestPrice": "1.99",
            "price": "1.99",
            "pricePerLitre": 8.0,
            "bestPricePerLitre": 8.0
        },
        "store": {
            "id": "177c82e0-7343-434c-8b98-9c20e72561c2",
            "name": "New World Hillcrest"
        }
    },
    {
        "productData": {
            "name": "Red Bull Energy Drink 250ml Cans 4pk",
            "productId": "5001443_ea_000",
            "productShopPage": "https://www.newworld.co.nz/shop/product/5001443_ea_000nw",
            "productImageURL": "https://a.fsimg.co.nz/product/retail/fan/image/master/5001443.png",
            "productDescription": "Red Bull Energy Drink's special formula contains ingredients of high quality: Caffeine, Taurine, B-Group Vitamins, Sugars, Alpine Water.One 250ml can of Red Bull Energy Drinks contains 80 mg of caffeine, about the same amount as in a cup of home-brewed coffee.The amount of sugars in a can of Red Bull Energy Drink is comparable to the level of sugars in an equivalent amount of apple or orange juice – 11 g per 100ml.Red Bull cans are made of 100% recyclable aluminium.Pack of four 250ml Red Bull Energy Drink cansVitalizes Body and Mind.®RED BULL GIVES YOU WINGSInspired by functional drinks from the Far East, Dietrich Mateschitz founded Red Bull in the mid-1980s. He developed a new product and a unique marketing concept and launched Red Bull Energy Drink on April 1, 1987 in Austria. A brand new product category - Energy Drinks - was born.",
            "volume": "250mL",
            "multipack": {
                "quantity": "4"
            }
        },
        "priceData": {
            "bestPrice": "8.29",
            "price": "8.29",
            "pricePerLitre": 8.299999999999999,
            "bestPricePerLitre": 8.299999999999999
        },
        "store": {
            "id": "177c82e0-7343-434c-8b98-9c20e72561c2",
            "name": "New World Hillcrest"
        }
    },
    {
        "productData": {
            "name": "Lucozade Orange Energy Drink 380ml",
            "productId": "5009239_ea_000",
            "productShopPage": "https://www.newworld.co.nz/shop/product/5009239_ea_000nw",
            "productImageURL": "https://a.fsimg.co.nz/product/retail/fan/image/master/5009239.png",
            "productDescription": "Powered by Glucose.\n\nProduct of New Zealand",
            "volume": "380mL",
            "multipack": {
                "quantity": "1"
            }
        },
        "priceData": {
            "bestPrice": "2.69",
            "price": "2.69",
            "pricePerLitre": 7.08,
            "bestPricePerLitre": 7.08
        },
        "store": {
            "id": "177c82e0-7343-434c-8b98-9c20e72561c2",
            "name": "New World Hillcrest"
        }
    },
    {
        "productData": {
            "name": "V Pure Natural Energy Drink Glass Bottle 330ml",
            "productId": "5237753_ea_000",
            "productShopPage": "https://www.newworld.co.nz/shop/product/5237753_ea_000nw",
            "productImageURL": "https://a.fsimg.co.nz/product/retail/fan/image/master/5237753.png",
            "productDescription": "Buy 2 for $5.00.\n\n\nNothing artificial\n\nProduct of New Zealand",
            "volume": "330mL",
            "multipack": {
                "quantity": "1"
            }
        },
        "priceData": {
            "bestPrice": 2.5,
            "price": 2.0,
            "pricePerLitre": 6.0606060606060606,
            "bestPricePerLitre": 7.575757575757575,
            "multiBuy": {
                "quantity": 2.0,
                "value": 5.0,
                "perUnit": 2.5
            }
        },
        "store": {
            "id": "177c82e0-7343-434c-8b98-9c20e72561c2",
            "name": "New World Hillcrest"
        }
    },
    {
        "productData": {
            "name": "Lucozade Original Energy Drink 380ml",
            "productId": "5009240_ea_000",
            "productShopPage": "https://www.newworld.co.nz/shop/product/5009240_ea_000nw",
            "productImageURL": "https://a.fsimg.co.nz/product/retail/fan/image/master/5009240.png",
            "productDescription": "Energy from Glucose.\n\nProduct of New Zealand",
            "volume": "380mL",
            "multipack": {
                "quantity": "1"
            }
        },
        "priceData": {
            "bestPrice": "2.69",
            "price": "2.69",
            "pricePerLitre": 7.08,
            "bestPricePerLitre": 7.08
        },
        "store": {
            "id": "177c82e0-7343-434c-8b98-9c20e72561c2",
            "name": "New World Hillcrest"
        }
    },
    {
        "productData": {
            "name": "Rockstar Watermelon Freeze Energy Drink 500ml",
            "productId": "5257298_ea_000",
            "productShopPage": "https://www.newworld.co.nz/shop/product/5257298_ea_000nw",
            "productImageURL": "https://a.fsimg.co.nz/product/retail/fan/image/master/5257298.png",
            "productDescription": "Buy 3 for $5.00.\n\n\n\n\nProduct of New Zealand",
            "volume": "500mL",
            "multipack": {
                "quantity": "1"
            }
        },
        "priceData": {
            "bestPrice": 1.6666666666666667,
            "price": 1.0,
            "pricePerLitre": 2.0,
            "bestPricePerLitre": 3.3333333333333335,
            "multiBuy": {
                "quantity": 3.0,
                "value": 5.0,
                "perUnit": 1.6666666666666667
            }
        },
        "store": {
            "id": "177c82e0-7343-434c-8b98-9c20e72561c2",
            "name": "New World Hillcrest"
        }
    },
    {
        "productData": {
            "name": "V Raspberry Lemonade Can 500ml",
            "productId": "5264523_ea_000",
            "productShopPage": "https://www.newworld.co.nz/shop/product/5264523_ea_000nw",
            "productImageURL": "https://a.fsimg.co.nz/product/retail/fan/image/master/5264523.png",
            "productDescription": "Product of New Zealand",
            "volume": "500mL",
            "multipack": {
                "quantity": "1"
            }
        },
        "priceData": {
            "bestPrice": "3.49",
            "price": "3.49",
            "pricePerLitre": 7.0,
            "bestPricePerLitre": 7.0
        },
        "store": {
            "id": "177c82e0-7343-434c-8b98-9c20e72561c2",
            "name": "New World Hillcrest"
        }
    },
    {
        "productData": {
            "name": "V Blue Can 4pk",
            "productId": "5030249_ea_000",
            "productShopPage": "https://www.newworld.co.nz/shop/product/5030249_ea_000nw",
            "productImageURL": "https://a.fsimg.co.nz/product/retail/fan/image/master/5030249.png",
            "productDescription": "Limit 12 assorted.\n\n\nContains Wheat Derivatives, Caffeine.\n\nProduct of New Zealand",
            "volume": "250mL",
            "multipack": {
                "quantity": "4"
            }
        },
        "priceData": {
            "bestPrice": "5.99",
            "price": "5.99",
            "pricePerLitre": 5.99,
            "bestPricePerLitre": 5.99
        },
        "store": {
            "id": "177c82e0-7343-434c-8b98-9c20e72561c2",
            "name": "New World Hillcrest"
        }
    },
    {
        "productData": {
            "name": "V Energy Drink Sugarfree Cans 4pk",
            "productId": "5004117_ea_000",
            "productShopPage": "https://www.newworld.co.nz/shop/product/5004117_ea_000nw",
            "productImageURL": "https://a.fsimg.co.nz/product/retail/fan/image/master/5004117.png",
            "productDescription": "Limit 12 assorted.\n\n\nSugar Free. Contains Caffeine.\n\nProduct of New Zealand",
            "volume": "250mL",
            "multipack": {
                "quantity": "4"
            }
        },
        "priceData": {
            "bestPrice": "5.99",
            "price": "5.99",
            "pricePerLitre": 5.99,
            "bestPricePerLitre": 5.99
        },
        "store": {
            "id": "177c82e0-7343-434c-8b98-9c20e72561c2",
            "name": "New World Hillcrest"
        }
    },
    {
        "productData": {
            "name": "Monster Zero Sugar Ultra Rosa Energy Drink 500ml",
            "productId": "5278094_ea_000",
            "productShopPage": "https://www.newworld.co.nz/shop/product/5278094_ea_000nw",
            "productImageURL": "https://a.fsimg.co.nz/product/retail/fan/image/master/5278094.png",
            "productDescription": "Product of Imported",
            "volume": "500mL",
            "multipack": {
                "quantity": "1"
            }
        },
        "priceData": {
            "bestPrice": "2.99",
            "price": "2.99",
            "pricePerLitre": 6.0,
            "bestPricePerLitre": 6.0
        },
        "store": {
            "id": "177c82e0-7343-434c-8b98-9c20e72561c2",
            "name": "New World Hillcrest"
        }
    },
    {
        "productData": {
            "name": "Monster Mule Energy Drink 500ml",
            "productId": "5269459_ea_000",
            "productShopPage": "https://www.newworld.co.nz/shop/product/5269459_ea_000nw",
            "productImageURL": "https://a.fsimg.co.nz/product/retail/fan/image/master/5269459.png",
            "productDescription": "Product of Imported",
            "volume": "500mL",
            "multipack": {
                "quantity": "1"
            }
        },
        "priceData": {
            "bestPrice": "2.99",
            "price": "2.99",
            "pricePerLitre": 6.0,
            "bestPricePerLitre": 6.0
        },
        "store": {
            "id": "177c82e0-7343-434c-8b98-9c20e72561c2",
            "name": "New World Hillcrest"
        }
    },
    {
        "productData": {
            "name": "Monster Ultra Paradise Energy Drink 500ml",
            "productId": "5261257_ea_000",
            "productShopPage": "https://www.newworld.co.nz/shop/product/5261257_ea_000nw",
            "productImageURL": "https://a.fsimg.co.nz/product/retail/fan/image/master/5261257.png",
            "productDescription": "Product of Imported",
            "volume": "500mL",
            "multipack": {
                "quantity": "1"
            }
        },
        "priceData": {
            "bestPrice": "2.99",
            "price": "2.99",
            "pricePerLitre": 6.0,
            "bestPricePerLitre": 6.0
        },
        "store": {
            "id": "177c82e0-7343-434c-8b98-9c20e72561c2",
            "name": "New World Hillcrest"
        }
    },
    {
        "productData": {
            "name": "V Energy Drink Green Cans 4pk",
            "productId": "5002893_ea_000",
            "productShopPage": "https://www.newworld.co.nz/shop/product/5002893_ea_000nw",
            "productImageURL": "https://a.fsimg.co.nz/product/retail/fan/image/master/5002893.png",
            "productDescription": "Limit 12 assorted.\n\n\nContains Caffeine.\n\nProduct of New Zealand",
            "volume": "250mL",
            "multipack": {
                "quantity": "4"
            }
        },
        "priceData": {
            "bestPrice": "5.99",
            "price": "5.99",
            "pricePerLitre": 5.99,
            "bestPricePerLitre": 5.99
        },
        "store": {
            "id": "177c82e0-7343-434c-8b98-9c20e72561c2",
            "name": "New World Hillcrest"
        }
    },
    {
        "productData": {
            "name": "Monster Ultra Zero Drink 500ml",
            "productId": "5090618_ea_000",
            "productShopPage": "https://www.newworld.co.nz/shop/product/5090618_ea_000nw",
            "productImageURL": "https://a.fsimg.co.nz/product/retail/fan/image/master/5090618.png",
            "productDescription": "A little less sweet, lighter-tasting, zero calories, but with a full load of our Monster energy blend. Sure, white is the new black. Monster Energy Zero Ultra. Unleash the Ultra Beast!\n\nProduct of Imported",
            "volume": "500mL",
            "multipack": {
                "quantity": "1"
            }
        },
        "priceData": {
            "bestPrice": "2.99",
            "price": "2.99",
            "pricePerLitre": 6.0,
            "bestPricePerLitre": 6.0
        },
        "store": {
            "id": "177c82e0-7343-434c-8b98-9c20e72561c2",
            "name": "New World Hillcrest"
        }
    },
    {
        "productData": {
            "name": "Monster Super Fuel Zero Sugar Energy Drink 550ml",
            "productId": "5284331_ea_000",
            "productShopPage": "https://www.newworld.co.nz/shop/product/5284331_ea_000nw",
            "productImageURL": "https://a.fsimg.co.nz/product/retail/fan/image/master/5284331.png",
            "productDescription": "Product of Imported",
            "volume": "550mL",
            "multipack": {
                "quantity": "1"
            }
        },
        "priceData": {
            "bestPrice": "3.49",
            "price": "3.49",
            "pricePerLitre": 6.345454545454546,
            "bestPricePerLitre": 6.345454545454546
        },
        "store": {
            "id": "177c82e0-7343-434c-8b98-9c20e72561c2",
            "name": "New World Hillcrest"
        }
    },
    {
        "productData": {
            "name": "Mother Energy Drink Can 500ml",
            "productId": "5011153_ea_000",
            "productShopPage": "https://www.newworld.co.nz/shop/product/5011153_ea_000nw",
            "productImageURL": "https://a.fsimg.co.nz/product/retail/fan/image/master/5011153.png",
            "productDescription": "Contains Caffeine.\n\nProduct of New Zealand",
            "volume": "500mL",
            "multipack": {
                "quantity": "1"
            }
        },
        "priceData": {
            "bestPrice": "1.99",
            "price": "1.99",
            "pricePerLitre": 4.0,
            "bestPricePerLitre": 4.0
        },
        "store": {
            "id": "177c82e0-7343-434c-8b98-9c20e72561c2",
            "name": "New World Hillcrest"
        }
    },
    {
        "productData": {
            "name": "Monster Super Fuel Purple Passion Energy Drink 550ml",
            "productId": "5284332_ea_000",
            "productShopPage": "https://www.newworld.co.nz/shop/product/5284332_ea_000nw",
            "productImageURL": "https://a.fsimg.co.nz/product/retail/fan/image/master/5284332.png",
            "productDescription": "Product of Imported",
            "volume": "550mL",
            "multipack": {
                "quantity": "1"
            }
        },
        "priceData": {
            "bestPrice": "3.49",
            "price": "3.49",
            "pricePerLitre": 6.345454545454546,
            "bestPricePerLitre": 6.345454545454546
        },
        "store": {
            "id": "177c82e0-7343-434c-8b98-9c20e72561c2",
            "name": "New World Hillcrest"
        }
    },
    {
        "productData": {
            "name": "Mother Energy Drink Can 6pk",
            "productId": "5009490_ea_000",
            "productShopPage": "https://www.newworld.co.nz/shop/product/5009490_ea_000nw",
            "productImageURL": "https://a.fsimg.co.nz/product/retail/fan/image/master/5009490.png",
            "productDescription": "Contains Caffeine.\n\nProduct of New Zealand",
            "volume": "250mL",
            "multipack": {
                "quantity": "6"
            }
        },
        "priceData": {
            "bestPrice": "7.49",
            "price": "7.49",
            "pricePerLitre": 5.0,
            "bestPricePerLitre": 5.0
        },
        "store": {
            "id": "177c82e0-7343-434c-8b98-9c20e72561c2",
            "name": "New World Hillcrest"
        }
    },
    {
        "productData": {
            "name": "Monster Pipeline Punch Energy Drink 500ml",
            "productId": "5242373_ea_000",
            "productShopPage": "https://www.newworld.co.nz/shop/product/5242373_ea_000nw",
            "productImageURL": "https://a.fsimg.co.nz/product/retail/fan/image/master/5242373.png",
            "productDescription": "Product of Imported",
            "volume": "500mL",
            "multipack": {
                "quantity": "1"
            }
        },
        "priceData": {
            "bestPrice": "2.99",
            "price": "2.99",
            "pricePerLitre": 6.0,
            "bestPricePerLitre": 6.0
        },
        "store": {
            "id": "177c82e0-7343-434c-8b98-9c20e72561c2",
            "name": "New World Hillcrest"
        }
    },
    {
        "productData": {
            "name": "Monster Energy Drink 500ml",
            "productId": "5007647_ea_000",
            "productShopPage": "https://www.newworld.co.nz/shop/product/5007647_ea_000nw",
            "productImageURL": "https://a.fsimg.co.nz/product/retail/fan/image/master/5007647.png",
            "productDescription": "Contains Caffeine.\n\nProduct of Imported",
            "volume": "500mL",
            "multipack": {
                "quantity": "1"
            }
        },
        "priceData": {
            "bestPrice": "2.99",
            "price": "2.99",
            "pricePerLitre": 6.0,
            "bestPricePerLitre": 6.0
        },
        "store": {
            "id": "177c82e0-7343-434c-8b98-9c20e72561c2",
            "name": "New World Hillcrest"
        }
    },
    {
        "productData": {
            "name": "V Sugarfree Guarana Energy Drink 500ml",
            "productId": "5007644_ea_000",
            "productShopPage": "https://www.newworld.co.nz/shop/product/5007644_ea_000nw",
            "productImageURL": "https://a.fsimg.co.nz/product/retail/fan/image/master/5007644.png",
            "productDescription": "Sugar Free.\n\nProduct of New Zealand",
            "volume": "500mL",
            "multipack": {
                "quantity": "1"
            }
        },
        "priceData": {
            "bestPrice": "3.49",
            "price": "3.49",
            "pricePerLitre": 7.0,
            "bestPricePerLitre": 7.0
        },
        "store": {
            "id": "177c82e0-7343-434c-8b98-9c20e72561c2",
            "name": "New World Hillcrest"
        }
    },
    {
        "productData": {
            "name": "V Original Guarana Energy Drink 500ml",
            "productId": "5004703_ea_000",
            "productShopPage": "https://www.newworld.co.nz/shop/product/5004703_ea_000nw",
            "productImageURL": "https://a.fsimg.co.nz/product/retail/fan/image/master/5004703.png",
            "productDescription": "Contains Caffeine.\n\nProduct of New Zealand",
            "volume": "500mL",
            "multipack": {
                "quantity": "1"
            }
        },
        "priceData": {
            "bestPrice": "3.49",
            "price": "3.49",
            "pricePerLitre": 7.0,
            "bestPricePerLitre": 7.0
        },
        "store": {
            "id": "177c82e0-7343-434c-8b98-9c20e72561c2",
            "name": "New World Hillcrest"
        }
    },
    {
        "productData": {
            "name": "V Original Guarana Energy Drink 500ml",
            "productId": "5007441_ea_000",
            "productShopPage": "https://www.newworld.co.nz/shop/product/5007441_ea_000nw",
            "productImageURL": "https://a.fsimg.co.nz/product/retail/fan/image/master/5007441.png",
            "productDescription": "Buy 2 for $5.00.\n\n\nContains Wheat Derivatives, Caffeine.\n\nProduct of New Zealand",
            "volume": "500mL",
            "multipack": {
                "quantity": "1"
            }
        },
        "priceData": {
            "bestPrice": 2.5,
            "price": 2.0,
            "pricePerLitre": 4.0,
            "bestPricePerLitre": 5.0,
            "multiBuy": {
                "quantity": 2.0,
                "value": 5.0,
                "perUnit": 2.5
            }
        },
        "store": {
            "id": "177c82e0-7343-434c-8b98-9c20e72561c2",
            "name": "New World Hillcrest"
        }
    },
    {
        "productData": {
            "name": "V Blue Guarana Energy Drink 10pk",
            "productId": "5290181_ea_000",
            "productShopPage": "https://www.newworld.co.nz/shop/product/5290181_ea_000nw",
            "productImageURL": "https://a.fsimg.co.nz/product/retail/fan/image/master/5290181.png",
            "productDescription": "Product of New Zealand",
            "volume": "250mL",
            "multipack": {
                "quantity": "10"
            }
        },
        "priceData": {
            "bestPrice": "17.99",
            "price": "17.99",
            "pricePerLitre": 7.2,
            "bestPricePerLitre": 7.2
        },
        "store": {
            "id": "6b9af900-3f25-4fdb-8418-b43a596aee48",
            "name": "New World Kaikohe"
        }
    },
    {
        "productData": {
            "name": "V Sugarfree Blue Guarana Energy Drink 4pk",
            "productId": "5289891_ea_000",
            "productShopPage": "https://www.newworld.co.nz/shop/product/5289891_ea_000nw",
            "productImageURL": "https://a.fsimg.co.nz/product/retail/fan/image/master/5289891.png",
            "productDescription": "Limit 12 assorted.\n\n\n\n\nProduct of New Zealand",
            "volume": "250mL",
            "multipack": {
                "quantity": "4"
            }
        },
        "priceData": {
            "bestPrice": "5.99",
            "price": "5.99",
            "pricePerLitre": 5.99,
            "bestPricePerLitre": 5.99
        },
        "store": {
            "id": "6b9af900-3f25-4fdb-8418-b43a596aee48",
            "name": "New World Kaikohe"
        }
    },
    {
        "productData": {
            "name": "V Sugarfree Guarana Energy Drink 10pk",
            "productId": "5289890_ea_000",
            "productShopPage": "https://www.newworld.co.nz/shop/product/5289890_ea_000nw",
            "productImageURL": "https://a.fsimg.co.nz/product/retail/fan/image/master/5289890.png",
            "productDescription": "Product of New Zealand",
            "volume": "",
            "multipack": {
                "quantity": ""
            }
        },
        "priceData": {
            "bestPrice": "17.99",
            "price": "17.99",
            "pricePerLitre": 72.0,
            "bestPricePerLitre": 72.0
        },
        "store": {
            "id": "6b9af900-3f25-4fdb-8418-b43a596aee48",
            "name": "New World Kaikohe"
        }
    },
    {
        "productData": {
            "name": "V Green Guarana Energy Drink 6pk",
            "productId": "5272987_ea_000",
            "productShopPage": "https://www.newworld.co.nz/shop/product/5272987_ea_000nw",
            "productImageURL": "https://a.fsimg.co.nz/product/retail/fan/image/master/5272987.png",
            "productDescription": "Product of New Zealand",
            "volume": "330mL",
            "multipack": {
                "quantity": "6"
            }
        },
        "priceData": {
            "bestPrice": "11.99",
            "price": "11.99",
            "pricePerLitre": 6.05,
            "bestPricePerLitre": 6.05
        },
        "store": {
            "id": "6b9af900-3f25-4fdb-8418-b43a596aee48",
            "name": "New World Kaikohe"
        }
    },
    {
        "productData": {
            "name": "Live Plus Ascend Energy Drink 250ml",
            "productId": "5236675_ea_000",
            "productShopPage": "https://www.newworld.co.nz/shop/product/5236675_ea_000nw",
            "productImageURL": "https://a.fsimg.co.nz/product/retail/fan/image/master/5236675.png",
            "productDescription": "Limit 12 assorted.\n\n\n\n\nProduct of New Zealand",
            "volume": "",
            "multipack": {
                "quantity": ""
            }
        },
        "priceData": {
            "bestPrice": "0.99",
            "price": "0.99"
        },
        "store": {
            "id": "6b9af900-3f25-4fdb-8418-b43a596aee48",
            "name": "New World Kaikohe"
        }
    },
    {
        "productData": {
            "name": "V Green Guarana Energy Drink 10pk",
            "productId": "5289889_ea_000",
            "productShopPage": "https://www.newworld.co.nz/shop/product/5289889_ea_000nw",
            "productImageURL": "https://a.fsimg.co.nz/product/retail/fan/image/master/5289889.png",
            "productDescription": "Product of New Zealand",
            "volume": "250mL",
            "multipack": {
                "quantity": "10"
            }
        },
        "priceData": {
            "bestPrice": "17.99",
            "price": "17.99",
            "pricePerLitre": 7.2,
            "bestPricePerLitre": 7.2
        },
        "store": {
            "id": "6b9af900-3f25-4fdb-8418-b43a596aee48",
            "name": "New World Kaikohe"
        }
    },
    {
        "productData": {
            "name": "V Sugarfree Blue Guarana Energy Drink 500ml",
            "productId": "5283362_ea_000",
            "productShopPage": "https://www.newworld.co.nz/shop/product/5283362_ea_000nw",
            "productImageURL": "https://a.fsimg.co.nz/product/retail/fan/image/master/5283362.png",
            "productDescription": "Sugar free\n\nProduct of New Zealand",
            "volume": "500mL",
            "multipack": {
                "quantity": "1"
            }
        },
        "priceData": {
            "bestPrice": "3.49",
            "price": "3.49",
            "pricePerLitre": 7.0,
            "bestPricePerLitre": 7.0
        },
        "store": {
            "id": "6b9af900-3f25-4fdb-8418-b43a596aee48",
            "name": "New World Kaikohe"
        }
    },
    {
        "productData": {
            "name": "V Original Guarana Energy Drink 350ml",
            "productId": "5003156_ea_000",
            "productShopPage": "https://www.newworld.co.nz/shop/product/5003156_ea_000nw",
            "productImageURL": "https://a.fsimg.co.nz/product/retail/fan/image/master/5003156.png",
            "productDescription": "Buy 2 for $5.00.\n\n\nContains Caffeine.\n\nProduct of New Zealand",
            "volume": "350mL",
            "multipack": {
                "quantity": "1"
            }
        },
        "priceData": {
            "bestPrice": 2.5,
            "price": 2.0,
            "pricePerLitre": 5.714285714285714,
            "bestPricePerLitre": 7.142857142857143,
            "multiBuy": {
                "quantity": 2.0,
                "value": 5.0,
                "perUnit": 2.5
            }
        },
        "store": {
            "id": "6b9af900-3f25-4fdb-8418-b43a596aee48",
            "name": "New World Kaikohe"
        }
    },
    {
        "productData": {
            "name": "V Blue Guarana Energy Drink 350ml",
            "productId": "5007492_ea_000",
            "productShopPage": "https://www.newworld.co.nz/shop/product/5007492_ea_000nw",
            "productImageURL": "https://a.fsimg.co.nz/product/retail/fan/image/master/5007492.png",
            "productDescription": "Buy 2 for $5.00.\n\n\nContains Caffeine, Wheat Derivatives.\n\nProduct of New Zealand",
            "volume": "350mL",
            "multipack": {
                "quantity": "1"
            }
        },
        "priceData": {
            "bestPrice": 2.5,
            "price": 2.0,
            "pricePerLitre": 5.714285714285714,
            "bestPricePerLitre": 7.142857142857143,
            "multiBuy": {
                "quantity": 2.0,
                "value": 5.0,
                "perUnit": 2.5
            }
        },
        "store": {
            "id": "6b9af900-3f25-4fdb-8418-b43a596aee48",
            "name": "New World Kaikohe"
        }
    },
    {
        "productData": {
            "name": "V Blue Energy Drink 500ml",
            "productId": "5020662_ea_000",
            "productShopPage": "https://www.newworld.co.nz/shop/product/5020662_ea_000nw",
            "productImageURL": "https://a.fsimg.co.nz/product/retail/fan/image/master/5020662.png",
            "productDescription": "Buy 2 for $5.00.\n\n\n\n\nProduct of New Zealand",
            "volume": "500mL",
            "multipack": {
                "quantity": "1"
            }
        },
        "priceData": {
            "bestPrice": 2.5,
            "price": 2.0,
            "pricePerLitre": 4.0,
            "bestPricePerLitre": 5.0,
            "multiBuy": {
                "quantity": 2.0,
                "value": 5.0,
                "perUnit": 2.5
            }
        },
        "store": {
            "id": "6b9af900-3f25-4fdb-8418-b43a596aee48",
            "name": "New World Kaikohe"
        }
    },
    {
        "productData": {
            "name": "V Blue Guarana Energy Drink 500ml",
            "productId": "5007494_ea_000",
            "productShopPage": "https://www.newworld.co.nz/shop/product/5007494_ea_000nw",
            "productImageURL": "https://a.fsimg.co.nz/product/retail/fan/image/master/5007494.png",
            "productDescription": "Contains Wheat Derivatives, Caffeine.\n\nProduct of New Zealand",
            "volume": "500mL",
            "multipack": {
                "quantity": "1"
            }
        },
        "priceData": {
            "bestPrice": "3.49",
            "price": "3.49",
            "pricePerLitre": 7.0,
            "bestPricePerLitre": 7.0
        },
        "store": {
            "id": "6b9af900-3f25-4fdb-8418-b43a596aee48",
            "name": "New World Kaikohe"
        }
    },
    {
        "productData": {
            "name": "Red Bull Energy Drink 473ml",
            "productId": "5005255_ea_000",
            "productShopPage": "https://www.newworld.co.nz/shop/product/5005255_ea_000nw",
            "productImageURL": "https://a.fsimg.co.nz/product/retail/fan/image/master/5005255.png",
            "productDescription": "Red Bull Energy Drink's special formula contains ingredients of high quality: Caffeine, Taurine, B-Group Vitamins, Sugars, Alpine Water.One 250ml can of Red Bull Energy Drinks contains 80 mg of caffeine, about the same amount as in a cup of home-brewed coffee.The amount of sugars in a can of Red Bull Energy Drink is comparable to the level of sugars in an equivalent amount of apple or orange juice – 11 g per 100ml.Red Bull cans are made of 100% recyclable aluminium.Red Bull Energy Drink 473ml canVitalizes Body and Mind.®RED BULL GIVES YOU WINGSInspired by functional drinks from the Far East, Dietrich Mateschitz founded Red Bull in the mid-1980s. He developed a new product and a unique marketing concept and launched Red Bull Energy Drink on April 1, 1987 in Austria. A brand new product category - Energy Drinks - was born.\n\nProduct of Imported",
            "volume": "473mL",
            "multipack": {
                "quantity": "1"
            }
        },
        "priceData": {
            "bestPrice": "3.59",
            "price": "3.59",
            "pricePerLitre": 7.6,
            "bestPricePerLitre": 7.6
        },
        "store": {
            "id": "6b9af900-3f25-4fdb-8418-b43a596aee48",
            "name": "New World Kaikohe"
        }
    },
    {
        "productData": {
            "name": "Red Bull Energy Drink 250ml Cans 4pk",
            "productId": "5001443_ea_000",
            "productShopPage": "https://www.newworld.co.nz/shop/product/5001443_ea_000nw",
            "productImageURL": "https://a.fsimg.co.nz/product/retail/fan/image/master/5001443.png",
            "productDescription": "Red Bull Energy Drink's special formula contains ingredients of high quality: Caffeine, Taurine, B-Group Vitamins, Sugars, Alpine Water.One 250ml can of Red Bull Energy Drinks contains 80 mg of caffeine, about the same amount as in a cup of home-brewed coffee.The amount of sugars in a can of Red Bull Energy Drink is comparable to the level of sugars in an equivalent amount of apple or orange juice – 11 g per 100ml.Red Bull cans are made of 100% recyclable aluminium.Pack of four 250ml Red Bull Energy Drink cansVitalizes Body and Mind.®RED BULL GIVES YOU WINGSInspired by functional drinks from the Far East, Dietrich Mateschitz founded Red Bull in the mid-1980s. He developed a new product and a unique marketing concept and launched Red Bull Energy Drink on April 1, 1987 in Austria. A brand new product category - Energy Drinks - was born.",
            "volume": "250mL",
            "multipack": {
                "quantity": "4"
            }
        },
        "priceData": {
            "bestPrice": "8.29",
            "price": "8.29",
            "pricePerLitre": 8.299999999999999,
            "bestPricePerLitre": 8.299999999999999
        },
        "store": {
            "id": "6b9af900-3f25-4fdb-8418-b43a596aee48",
            "name": "New World Kaikohe"
        }
    },
    {
        "productData": {
            "name": "V Pure Natural Energy Drink Glass Bottle 330ml",
            "productId": "5237753_ea_000",
            "productShopPage": "https://www.newworld.co.nz/shop/product/5237753_ea_000nw",
            "productImageURL": "https://a.fsimg.co.nz/product/retail/fan/image/master/5237753.png",
            "productDescription": "Buy 2 for $5.00.\n\n\nNothing artificial\n\nProduct of New Zealand",
            "volume": "330mL",
            "multipack": {
                "quantity": "1"
            }
        },
        "priceData": {
            "bestPrice": 2.5,
            "price": 2.0,
            "pricePerLitre": 6.0606060606060606,
            "bestPricePerLitre": 7.575757575757575,
            "multiBuy": {
                "quantity": 2.0,
                "value": 5.0,
                "perUnit": 2.5
            }
        },
        "store": {
            "id": "6b9af900-3f25-4fdb-8418-b43a596aee48",
            "name": "New World Kaikohe"
        }
    },
    {
        "productData": {
            "name": "Rockstar Watermelon Freeze Energy Drink 500ml",
            "productId": "5257298_ea_000",
            "productShopPage": "https://www.newworld.co.nz/shop/product/5257298_ea_000nw",
            "productImageURL": "https://a.fsimg.co.nz/product/retail/fan/image/master/5257298.png",
            "productDescription": "Buy 3 for $5.00.\n\n\n\n\nProduct of New Zealand",
            "volume": "500mL",
            "multipack": {
                "quantity": "1"
            }
        },
        "priceData": {
            "bestPrice": 1.6666666666666667,
            "price": 1.0,
            "pricePerLitre": 2.0,
            "bestPricePerLitre": 3.3333333333333335,
            "multiBuy": {
                "quantity": 3.0,
                "value": 5.0,
                "perUnit": 1.6666666666666667
            }
        },
        "store": {
            "id": "6b9af900-3f25-4fdb-8418-b43a596aee48",
            "name": "New World Kaikohe"
        }
    },
    {
        "productData": {
            "name": "Rockstar Original Energy Drink 500ml",
            "productId": "5215383_ea_000",
            "productShopPage": "https://www.newworld.co.nz/shop/product/5215383_ea_000nw",
            "productImageURL": "https://a.fsimg.co.nz/product/retail/fan/image/master/5215383.png",
            "productDescription": "Buy 3 for $5.00.\n\n\nCaffeine; B vitamins; Vitamin C; Taurine; Ginseng\n\nProduct of New Zealand",
            "volume": "500mL",
            "multipack": {
                "quantity": "1"
            }
        },
        "priceData": {
            "bestPrice": 1.6666666666666667,
            "price": 1.0,
            "pricePerLitre": 2.0,
            "bestPricePerLitre": 3.3333333333333335,
            "multiBuy": {
                "quantity": 3.0,
                "value": 5.0,
                "perUnit": 1.6666666666666667
            }
        },
        "store": {
            "id": "6b9af900-3f25-4fdb-8418-b43a596aee48",
            "name": "New World Kaikohe"
        }
    },
    {
        "productData": {
            "name": "V Berry Twist Sugar Free Can 500ml",
            "productId": "5254654_ea_000",
            "productShopPage": "https://www.newworld.co.nz/shop/product/5254654_ea_000nw",
            "productImageURL": "https://a.fsimg.co.nz/product/retail/fan/image/master/5254654.png",
            "productDescription": "Sugarfree\n\nProduct of New Zealand",
            "volume": "500mL",
            "multipack": {
                "quantity": "1"
            }
        },
        "priceData": {
            "bestPrice": "3.49",
            "price": "3.49",
            "pricePerLitre": 7.0,
            "bestPricePerLitre": 7.0
        },
        "store": {
            "id": "6b9af900-3f25-4fdb-8418-b43a596aee48",
            "name": "New World Kaikohe"
        }
    },
    {
        "productData": {
            "name": "V Raspberry Lemonade Can 500ml",
            "productId": "5264523_ea_000",
            "productShopPage": "https://www.newworld.co.nz/shop/product/5264523_ea_000nw",
            "productImageURL": "https://a.fsimg.co.nz/product/retail/fan/image/master/5264523.png",
            "productDescription": "Product of New Zealand",
            "volume": "500mL",
            "multipack": {
                "quantity": "1"
            }
        },
        "priceData": {
            "bestPrice": "3.49",
            "price": "3.49",
            "pricePerLitre": 7.0,
            "bestPricePerLitre": 7.0
        },
        "store": {
            "id": "6b9af900-3f25-4fdb-8418-b43a596aee48",
            "name": "New World Kaikohe"
        }
    },
    {
        "productData": {
            "name": "V Blue Guarana Energy Drink 6pk",
            "productId": "5272988_ea_000",
            "productShopPage": "https://www.newworld.co.nz/shop/product/5272988_ea_000nw",
            "productImageURL": "https://a.fsimg.co.nz/product/retail/fan/image/master/5272988.png",
            "productDescription": "Product of New Zealand",
            "volume": "330mL",
            "multipack": {
                "quantity": "6"
            }
        },
        "priceData": {
            "bestPrice": "11.99",
            "price": "11.99",
            "pricePerLitre": 6.05,
            "bestPricePerLitre": 6.05
        },
        "store": {
            "id": "6b9af900-3f25-4fdb-8418-b43a596aee48",
            "name": "New World Kaikohe"
        }
    },
    {
        "productData": {
            "name": "V Blue Can 4pk",
            "productId": "5030249_ea_000",
            "productShopPage": "https://www.newworld.co.nz/shop/product/5030249_ea_000nw",
            "productImageURL": "https://a.fsimg.co.nz/product/retail/fan/image/master/5030249.png",
            "productDescription": "Limit 12 assorted.\n\n\nContains Wheat Derivatives, Caffeine.\n\nProduct of New Zealand",
            "volume": "250mL",
            "multipack": {
                "quantity": "4"
            }
        },
        "priceData": {
            "bestPrice": "5.99",
            "price": "5.99",
            "pricePerLitre": 5.99,
            "bestPricePerLitre": 5.99
        },
        "store": {
            "id": "6b9af900-3f25-4fdb-8418-b43a596aee48",
            "name": "New World Kaikohe"
        }
    },
    {
        "productData": {
            "name": "V Energy Drink Sugarfree Cans 4pk",
            "productId": "5004117_ea_000",
            "productShopPage": "https://www.newworld.co.nz/shop/product/5004117_ea_000nw",
            "productImageURL": "https://a.fsimg.co.nz/product/retail/fan/image/master/5004117.png",
            "productDescription": "Limit 12 assorted.\n\n\nSugar Free. Contains Caffeine.\n\nProduct of New Zealand",
            "volume": "250mL",
            "multipack": {
                "quantity": "4"
            }
        },
        "priceData": {
            "bestPrice": "5.99",
            "price": "5.99",
            "pricePerLitre": 5.99,
            "bestPricePerLitre": 5.99
        },
        "store": {
            "id": "6b9af900-3f25-4fdb-8418-b43a596aee48",
            "name": "New World Kaikohe"
        }
    },
    {
        "productData": {
            "name": "V Energy Drink Green Cans 4pk",
            "productId": "5002893_ea_000",
            "productShopPage": "https://www.newworld.co.nz/shop/product/5002893_ea_000nw",
            "productImageURL": "https://a.fsimg.co.nz/product/retail/fan/image/master/5002893.png",
            "productDescription": "Limit 12 assorted.\n\n\nContains Caffeine.\n\nProduct of New Zealand",
            "volume": "250mL",
            "multipack": {
                "quantity": "4"
            }
        },
        "priceData": {
            "bestPrice": "5.99",
            "price": "5.99",
            "pricePerLitre": 5.99,
            "bestPricePerLitre": 5.99
        },
        "store": {
            "id": "6b9af900-3f25-4fdb-8418-b43a596aee48",
            "name": "New World Kaikohe"
        }
    },
    {
        "productData": {
            "name": "Monster Super Fuel Zero Sugar Energy Drink 550ml",
            "productId": "5284331_ea_000",
            "productShopPage": "https://www.newworld.co.nz/shop/product/5284331_ea_000nw",
            "productImageURL": "https://a.fsimg.co.nz/product/retail/fan/image/master/5284331.png",
            "productDescription": "Product of Imported",
            "volume": "550mL",
            "multipack": {
                "quantity": "1"
            }
        },
        "priceData": {
            "bestPrice": "3.49",
            "price": "3.49",
            "pricePerLitre": 6.345454545454546,
            "bestPricePerLitre": 6.345454545454546
        },
        "store": {
            "id": "6b9af900-3f25-4fdb-8418-b43a596aee48",
            "name": "New World Kaikohe"
        }
    },
    {
        "productData": {
            "name": "Mother Energy Drink Can 500ml",
            "productId": "5011153_ea_000",
            "productShopPage": "https://www.newworld.co.nz/shop/product/5011153_ea_000nw",
            "productImageURL": "https://a.fsimg.co.nz/product/retail/fan/image/master/5011153.png",
            "productDescription": "Contains Caffeine.\n\nProduct of New Zealand",
            "volume": "500mL",
            "multipack": {
                "quantity": "1"
            }
        },
        "priceData": {
            "bestPrice": "1.99",
            "price": "1.99",
            "pricePerLitre": 4.0,
            "bestPricePerLitre": 4.0
        },
        "store": {
            "id": "6b9af900-3f25-4fdb-8418-b43a596aee48",
            "name": "New World Kaikohe"
        }
    },
    {
        "productData": {
            "name": "Monster Super Fuel Purple Passion Energy Drink 550ml",
            "productId": "5284332_ea_000",
            "productShopPage": "https://www.newworld.co.nz/shop/product/5284332_ea_000nw",
            "productImageURL": "https://a.fsimg.co.nz/product/retail/fan/image/master/5284332.png",
            "productDescription": "Product of Imported",
            "volume": "550mL",
            "multipack": {
                "quantity": "1"
            }
        },
        "priceData": {
            "bestPrice": "3.49",
            "price": "3.49",
            "pricePerLitre": 6.345454545454546,
            "bestPricePerLitre": 6.345454545454546
        },
        "store": {
            "id": "6b9af900-3f25-4fdb-8418-b43a596aee48",
            "name": "New World Kaikohe"
        }
    },
    {
        "productData": {
            "name": "V Sugarfree Guarana Energy Drink 500ml",
            "productId": "5007644_ea_000",
            "productShopPage": "https://www.newworld.co.nz/shop/product/5007644_ea_000nw",
            "productImageURL": "https://a.fsimg.co.nz/product/retail/fan/image/master/5007644.png",
            "productDescription": "Sugar Free.\n\nProduct of New Zealand",
            "volume": "500mL",
            "multipack": {
                "quantity": "1"
            }
        },
        "priceData": {
            "bestPrice": "3.49",
            "price": "3.49",
            "pricePerLitre": 7.0,
            "bestPricePerLitre": 7.0
        },
        "store": {
            "id": "6b9af900-3f25-4fdb-8418-b43a596aee48",
            "name": "New World Kaikohe"
        }
    },
    {
        "productData": {
            "name": "V Original Guarana Energy Drink 500ml",
            "productId": "5004703_ea_000",
            "productShopPage": "https://www.newworld.co.nz/shop/product/5004703_ea_000nw",
            "productImageURL": "https://a.fsimg.co.nz/product/retail/fan/image/master/5004703.png",
            "productDescription": "Contains Caffeine.\n\nProduct of New Zealand",
            "volume": "500mL",
            "multipack": {
                "quantity": "1"
            }
        },
        "priceData": {
            "bestPrice": "3.49",
            "price": "3.49",
            "pricePerLitre": 7.0,
            "bestPricePerLitre": 7.0
        },
        "store": {
            "id": "6b9af900-3f25-4fdb-8418-b43a596aee48",
            "name": "New World Kaikohe"
        }
    },
    {
        "productData": {
            "name": "V Original Guarana Energy Drink 500ml",
            "productId": "5007441_ea_000",
            "productShopPage": "https://www.newworld.co.nz/shop/product/5007441_ea_000nw",
            "productImageURL": "https://a.fsimg.co.nz/product/retail/fan/image/master/5007441.png",
            "productDescription": "Buy 2 for $5.00.\n\n\nContains Wheat Derivatives, Caffeine.\n\nProduct of New Zealand",
            "volume": "500mL",
            "multipack": {
                "quantity": "1"
            }
        },
        "priceData": {
            "bestPrice": 2.5,
            "price": 2.0,
            "pricePerLitre": 4.0,
            "bestPricePerLitre": 5.0,
            "multiBuy": {
                "quantity": 2.0,
                "value": 5.0,
                "perUnit": 2.5
            }
        },
        "store": {
            "id": "6b9af900-3f25-4fdb-8418-b43a596aee48",
            "name": "New World Kaikohe"
        }
    },
    {
        "productData": {
            "name": "V Blue Guarana Energy Drink 250ml",
            "productId": "5007495_ea_000",
            "productShopPage": "https://www.newworld.co.nz/shop/product/5007495_ea_000nw",
            "productImageURL": "https://a.fsimg.co.nz/product/retail/fan/image/master/5007495.png",
            "productDescription": "Contains Caffeine, Wheat Derivatives.\n\nProduct of New Zealand",
            "volume": "250mL",
            "multipack": {
                "quantity": "1"
            }
        },
        "priceData": {
            "bestPrice": "1.99",
            "price": "1.99",
            "pricePerLitre": 8.0,
            "bestPricePerLitre": 8.0
        },
        "store": {
            "id": "83f2d5fc-132b-4603-aaaf-323e4a426fa0",
            "name": "New World Wairoa"
        }
    },
    {
        "productData": {
            "name": "Live Plus Tart Apple Energy Drink 250ml",
            "productId": "5236676_ea_000",
            "productShopPage": "https://www.newworld.co.nz/shop/product/5236676_ea_000nw",
            "productImageURL": "https://a.fsimg.co.nz/product/retail/fan/image/master/5236676.png",
            "productDescription": "Limit 12 assorted.\n\n\n\n\nProduct of New Zealand",
            "volume": "250mL",
            "multipack": {
                "quantity": "1"
            }
        },
        "priceData": {
            "bestPrice": "0.99",
            "price": "0.99",
            "pricePerLitre": 3.96,
            "bestPricePerLitre": 3.96
        },
        "store": {
            "id": "83f2d5fc-132b-4603-aaaf-323e4a426fa0",
            "name": "New World Wairoa"
        }
    },
    {
        "productData": {
            "name": "Live Plus Persist Energy Drink 250ml",
            "productId": "5236678_ea_000",
            "productShopPage": "https://www.newworld.co.nz/shop/product/5236678_ea_000nw",
            "productImageURL": "https://a.fsimg.co.nz/product/retail/fan/image/master/5236678.png",
            "productDescription": "Limit 12 assorted.\n\n\n\n\nProduct of New Zealand",
            "volume": "",
            "multipack": {
                "quantity": ""
            }
        },
        "priceData": {
            "bestPrice": "0.99",
            "price": "0.99"
        },
        "store": {
            "id": "83f2d5fc-132b-4603-aaaf-323e4a426fa0",
            "name": "New World Wairoa"
        }
    },
    {
        "productData": {
            "name": "V Sugarfree Blue Guarana Energy Drink 500ml",
            "productId": "5283362_ea_000",
            "productShopPage": "https://www.newworld.co.nz/shop/product/5283362_ea_000nw",
            "productImageURL": "https://a.fsimg.co.nz/product/retail/fan/image/master/5283362.png",
            "productDescription": "Sugar free\n\nProduct of New Zealand",
            "volume": "500mL",
            "multipack": {
                "quantity": "1"
            }
        },
        "priceData": {
            "bestPrice": "3.49",
            "price": "3.49",
            "pricePerLitre": 7.0,
            "bestPricePerLitre": 7.0
        },
        "store": {
            "id": "83f2d5fc-132b-4603-aaaf-323e4a426fa0",
            "name": "New World Wairoa"
        }
    },
    {
        "productData": {
            "name": "V Original Guarana Energy Drink 350ml",
            "productId": "5003156_ea_000",
            "productShopPage": "https://www.newworld.co.nz/shop/product/5003156_ea_000nw",
            "productImageURL": "https://a.fsimg.co.nz/product/retail/fan/image/master/5003156.png",
            "productDescription": "Buy 2 for $5.00.\n\n\nContains Caffeine.\n\nProduct of New Zealand",
            "volume": "350mL",
            "multipack": {
                "quantity": "1"
            }
        },
        "priceData": {
            "bestPrice": 2.5,
            "price": 2.0,
            "pricePerLitre": 5.714285714285714,
            "bestPricePerLitre": 7.142857142857143,
            "multiBuy": {
                "quantity": 2.0,
                "value": 5.0,
                "perUnit": 2.5
            }
        },
        "store": {
            "id": "83f2d5fc-132b-4603-aaaf-323e4a426fa0",
            "name": "New World Wairoa"
        }
    },
    {
        "productData": {
            "name": "V Blue Guarana Energy Drink 4pk",
            "productId": "5210055_ea_000",
            "productShopPage": "https://www.newworld.co.nz/shop/product/5210055_ea_000nw",
            "productImageURL": "https://a.fsimg.co.nz/product/retail/fan/image/master/5210055.png",
            "productDescription": "Product of New Zealand",
            "volume": "275mL",
            "multipack": {
                "quantity": "4"
            }
        },
        "priceData": {
            "bestPrice": "9.19",
            "price": "9.19",
            "pricePerLitre": 8.4,
            "bestPricePerLitre": 8.4
        },
        "store": {
            "id": "83f2d5fc-132b-4603-aaaf-323e4a426fa0",
            "name": "New World Wairoa"
        }
    },
    {
        "productData": {
            "name": "V Blue Guarana Energy Drink 350ml",
            "productId": "5007492_ea_000",
            "productShopPage": "https://www.newworld.co.nz/shop/product/5007492_ea_000nw",
            "productImageURL": "https://a.fsimg.co.nz/product/retail/fan/image/master/5007492.png",
            "productDescription": "Buy 2 for $5.00.\n\n\nContains Caffeine, Wheat Derivatives.\n\nProduct of New Zealand",
            "volume": "350mL",
            "multipack": {
                "quantity": "1"
            }
        },
        "priceData": {
            "bestPrice": 2.5,
            "price": 2.0,
            "pricePerLitre": 5.714285714285714,
            "bestPricePerLitre": 7.142857142857143,
            "multiBuy": {
                "quantity": 2.0,
                "value": 5.0,
                "perUnit": 2.5
            }
        },
        "store": {
            "id": "83f2d5fc-132b-4603-aaaf-323e4a426fa0",
            "name": "New World Wairoa"
        }
    },
    {
        "productData": {
            "name": "V Blue Energy Drink 500ml",
            "productId": "5020662_ea_000",
            "productShopPage": "https://www.newworld.co.nz/shop/product/5020662_ea_000nw",
            "productImageURL": "https://a.fsimg.co.nz/product/retail/fan/image/master/5020662.png",
            "productDescription": "Buy 2 for $5.00.\n\n\n\n\nProduct of New Zealand",
            "volume": "500mL",
            "multipack": {
                "quantity": "1"
            }
        },
        "priceData": {
            "bestPrice": 2.5,
            "price": 2.0,
            "pricePerLitre": 4.0,
            "bestPricePerLitre": 5.0,
            "multiBuy": {
                "quantity": 2.0,
                "value": 5.0,
                "perUnit": 2.5
            }
        },
        "store": {
            "id": "83f2d5fc-132b-4603-aaaf-323e4a426fa0",
            "name": "New World Wairoa"
        }
    },
    {
        "productData": {
            "name": "V Blue Guarana Energy Drink 500ml",
            "productId": "5007494_ea_000",
            "productShopPage": "https://www.newworld.co.nz/shop/product/5007494_ea_000nw",
            "productImageURL": "https://a.fsimg.co.nz/product/retail/fan/image/master/5007494.png",
            "productDescription": "Contains Wheat Derivatives, Caffeine.\n\nProduct of New Zealand",
            "volume": "500mL",
            "multipack": {
                "quantity": "1"
            }
        },
        "priceData": {
            "bestPrice": "3.49",
            "price": "3.49",
            "pricePerLitre": 7.0,
            "bestPricePerLitre": 7.0
        },
        "store": {
            "id": "83f2d5fc-132b-4603-aaaf-323e4a426fa0",
            "name": "New World Wairoa"
        }
    },
    {
        "productData": {
            "name": "Red Bull Energy Drink 473ml",
            "productId": "5005255_ea_000",
            "productShopPage": "https://www.newworld.co.nz/shop/product/5005255_ea_000nw",
            "productImageURL": "https://a.fsimg.co.nz/product/retail/fan/image/master/5005255.png",
            "productDescription": "Red Bull Energy Drink's special formula contains ingredients of high quality: Caffeine, Taurine, B-Group Vitamins, Sugars, Alpine Water.One 250ml can of Red Bull Energy Drinks contains 80 mg of caffeine, about the same amount as in a cup of home-brewed coffee.The amount of sugars in a can of Red Bull Energy Drink is comparable to the level of sugars in an equivalent amount of apple or orange juice – 11 g per 100ml.Red Bull cans are made of 100% recyclable aluminium.Red Bull Energy Drink 473ml canVitalizes Body and Mind.®RED BULL GIVES YOU WINGSInspired by functional drinks from the Far East, Dietrich Mateschitz founded Red Bull in the mid-1980s. He developed a new product and a unique marketing concept and launched Red Bull Energy Drink on April 1, 1987 in Austria. A brand new product category - Energy Drinks - was born.\n\nProduct of Imported",
            "volume": "473mL",
            "multipack": {
                "quantity": "1"
            }
        },
        "priceData": {
            "bestPrice": "3.59",
            "price": "3.59",
            "pricePerLitre": 7.6,
            "bestPricePerLitre": 7.6
        },
        "store": {
            "id": "83f2d5fc-132b-4603-aaaf-323e4a426fa0",
            "name": "New World Wairoa"
        }
    },
    {
        "productData": {
            "name": "V Original Guarana Energy Drink 250ml",
            "productId": "5003151_ea_000",
            "productShopPage": "https://www.newworld.co.nz/shop/product/5003151_ea_000nw",
            "productImageURL": "https://a.fsimg.co.nz/product/retail/fan/image/master/5003151.png",
            "productDescription": "Contains Caffeine.\n\nProduct of New Zealand",
            "volume": "250mL",
            "multipack": {
                "quantity": "1"
            }
        },
        "priceData": {
            "bestPrice": "1.99",
            "price": "1.99",
            "pricePerLitre": 8.0,
            "bestPricePerLitre": 8.0
        },
        "store": {
            "id": "83f2d5fc-132b-4603-aaaf-323e4a426fa0",
            "name": "New World Wairoa"
        }
    },
    {
        "productData": {
            "name": "Red Bull Energy Drink 250ml Cans 4pk",
            "productId": "5001443_ea_000",
            "productShopPage": "https://www.newworld.co.nz/shop/product/5001443_ea_000nw",
            "productImageURL": "https://a.fsimg.co.nz/product/retail/fan/image/master/5001443.png",
            "productDescription": "Red Bull Energy Drink's special formula contains ingredients of high quality: Caffeine, Taurine, B-Group Vitamins, Sugars, Alpine Water.One 250ml can of Red Bull Energy Drinks contains 80 mg of caffeine, about the same amount as in a cup of home-brewed coffee.The amount of sugars in a can of Red Bull Energy Drink is comparable to the level of sugars in an equivalent amount of apple or orange juice – 11 g per 100ml.Red Bull cans are made of 100% recyclable aluminium.Pack of four 250ml Red Bull Energy Drink cansVitalizes Body and Mind.®RED BULL GIVES YOU WINGSInspired by functional drinks from the Far East, Dietrich Mateschitz founded Red Bull in the mid-1980s. He developed a new product and a unique marketing concept and launched Red Bull Energy Drink on April 1, 1987 in Austria. A brand new product category - Energy Drinks - was born.",
            "volume": "250mL",
            "multipack": {
                "quantity": "4"
            }
        },
        "priceData": {
            "bestPrice": "8.29",
            "price": "8.29",
            "pricePerLitre": 8.299999999999999,
            "bestPricePerLitre": 8.299999999999999
        },
        "store": {
            "id": "83f2d5fc-132b-4603-aaaf-323e4a426fa0",
            "name": "New World Wairoa"
        }
    },
    {
        "productData": {
            "name": "V Green Guarana Energy Drink 710ml",
            "productId": "5030250_ea_000",
            "productShopPage": "https://www.newworld.co.nz/shop/product/5030250_ea_000nw",
            "productImageURL": "https://a.fsimg.co.nz/product/retail/fan/image/master/5030250.png",
            "productDescription": "Contains Wheat Derivatives\n\nProduct of Imported",
            "volume": "250mL",
            "multipack": {
                "quantity": "3"
            }
        },
        "priceData": {
            "bestPrice": "3.49",
            "price": "3.49",
            "pricePerLitre": 4.9,
            "bestPricePerLitre": 4.9
        },
        "store": {
            "id": "83f2d5fc-132b-4603-aaaf-323e4a426fa0",
            "name": "New World Wairoa"
        }
    },
    {
        "productData": {
            "name": "Lucozade Orange Energy Drink 380ml",
            "productId": "5009239_ea_000",
            "productShopPage": "https://www.newworld.co.nz/shop/product/5009239_ea_000nw",
            "productImageURL": "https://a.fsimg.co.nz/product/retail/fan/image/master/5009239.png",
            "productDescription": "Powered by Glucose.\n\nProduct of New Zealand",
            "volume": "380mL",
            "multipack": {
                "quantity": "1"
            }
        },
        "priceData": {
            "bestPrice": "2.69",
            "price": "2.69",
            "pricePerLitre": 7.08,
            "bestPricePerLitre": 7.08
        },
        "store": {
            "id": "83f2d5fc-132b-4603-aaaf-323e4a426fa0",
            "name": "New World Wairoa"
        }
    },
    {
        "productData": {
            "name": "V Pure Natural Energy Drink Glass Bottle 330ml",
            "productId": "5237753_ea_000",
            "productShopPage": "https://www.newworld.co.nz/shop/product/5237753_ea_000nw",
            "productImageURL": "https://a.fsimg.co.nz/product/retail/fan/image/master/5237753.png",
            "productDescription": "Buy 2 for $5.00.\n\n\nNothing artificial\n\nProduct of New Zealand",
            "volume": "330mL",
            "multipack": {
                "quantity": "1"
            }
        },
        "priceData": {
            "bestPrice": 2.5,
            "price": 2.0,
            "pricePerLitre": 6.0606060606060606,
            "bestPricePerLitre": 7.575757575757575,
            "multiBuy": {
                "quantity": 2.0,
                "value": 5.0,
                "perUnit": 2.5
            }
        },
        "store": {
            "id": "83f2d5fc-132b-4603-aaaf-323e4a426fa0",
            "name": "New World Wairoa"
        }
    },
    {
        "productData": {
            "name": "Lucozade Original Energy Drink 380ml",
            "productId": "5009240_ea_000",
            "productShopPage": "https://www.newworld.co.nz/shop/product/5009240_ea_000nw",
            "productImageURL": "https://a.fsimg.co.nz/product/retail/fan/image/master/5009240.png",
            "productDescription": "Energy from Glucose.\n\nProduct of New Zealand",
            "volume": "380mL",
            "multipack": {
                "quantity": "1"
            }
        },
        "priceData": {
            "bestPrice": "2.69",
            "price": "2.69",
            "pricePerLitre": 7.08,
            "bestPricePerLitre": 7.08
        },
        "store": {
            "id": "83f2d5fc-132b-4603-aaaf-323e4a426fa0",
            "name": "New World Wairoa"
        }
    },
    {
        "productData": {
            "name": "Rockstar Watermelon Freeze Energy Drink 500ml",
            "productId": "5257298_ea_000",
            "productShopPage": "https://www.newworld.co.nz/shop/product/5257298_ea_000nw",
            "productImageURL": "https://a.fsimg.co.nz/product/retail/fan/image/master/5257298.png",
            "productDescription": "Buy 3 for $5.00.\n\n\n\n\nProduct of New Zealand",
            "volume": "500mL",
            "multipack": {
                "quantity": "1"
            }
        },
        "priceData": {
            "bestPrice": 1.6666666666666667,
            "price": 1.0,
            "pricePerLitre": 2.0,
            "bestPricePerLitre": 3.3333333333333335,
            "multiBuy": {
                "quantity": 3.0,
                "value": 5.0,
                "perUnit": 1.6666666666666667
            }
        },
        "store": {
            "id": "83f2d5fc-132b-4603-aaaf-323e4a426fa0",
            "name": "New World Wairoa"
        }
    },
    {
        "productData": {
            "name": "Rockstar Original Energy Drink 500ml",
            "productId": "5215383_ea_000",
            "productShopPage": "https://www.newworld.co.nz/shop/product/5215383_ea_000nw",
            "productImageURL": "https://a.fsimg.co.nz/product/retail/fan/image/master/5215383.png",
            "productDescription": "Buy 3 for $5.00.\n\n\nCaffeine; B vitamins; Vitamin C; Taurine; Ginseng\n\nProduct of New Zealand",
            "volume": "500mL",
            "multipack": {
                "quantity": "1"
            }
        },
        "priceData": {
            "bestPrice": 1.6666666666666667,
            "price": 1.0,
            "pricePerLitre": 2.0,
            "bestPricePerLitre": 3.3333333333333335,
            "multiBuy": {
                "quantity": 3.0,
                "value": 5.0,
                "perUnit": 1.6666666666666667
            }
        },
        "store": {
            "id": "83f2d5fc-132b-4603-aaaf-323e4a426fa0",
            "name": "New World Wairoa"
        }
    },
    {
        "productData": {
            "name": "Monster Mango Loco Energy Drink 500ml",
            "productId": "5242374_ea_000",
            "productShopPage": "https://www.newworld.co.nz/shop/product/5242374_ea_000nw",
            "productImageURL": "https://a.fsimg.co.nz/product/retail/fan/image/master/5242374.png",
            "productDescription": "Product of Imported",
            "volume": "500mL",
            "multipack": {
                "quantity": "1"
            }
        },
        "priceData": {
            "bestPrice": "2.99",
            "price": "2.99",
            "pricePerLitre": 6.0,
            "bestPricePerLitre": 6.0
        },
        "store": {
            "id": "83f2d5fc-132b-4603-aaaf-323e4a426fa0",
            "name": "New World Wairoa"
        }
    },
    {
        "productData": {
            "name": "Monster Zero Sugar Ultra Rosa Energy Drink 500ml",
            "productId": "5278094_ea_000",
            "productShopPage": "https://www.newworld.co.nz/shop/product/5278094_ea_000nw",
            "productImageURL": "https://a.fsimg.co.nz/product/retail/fan/image/master/5278094.png",
            "productDescription": "Product of Imported",
            "volume": "500mL",
            "multipack": {
                "quantity": "1"
            }
        },
        "priceData": {
            "bestPrice": "2.99",
            "price": "2.99",
            "pricePerLitre": 6.0,
            "bestPricePerLitre": 6.0
        },
        "store": {
            "id": "83f2d5fc-132b-4603-aaaf-323e4a426fa0",
            "name": "New World Wairoa"
        }
    },
    {
        "productData": {
            "name": "Monster Mule Energy Drink 500ml",
            "productId": "5269459_ea_000",
            "productShopPage": "https://www.newworld.co.nz/shop/product/5269459_ea_000nw",
            "productImageURL": "https://a.fsimg.co.nz/product/retail/fan/image/master/5269459.png",
            "productDescription": "Product of Imported",
            "volume": "500mL",
            "multipack": {
                "quantity": "1"
            }
        },
        "priceData": {
            "bestPrice": "2.99",
            "price": "2.99",
            "pricePerLitre": 6.0,
            "bestPricePerLitre": 6.0
        },
        "store": {
            "id": "83f2d5fc-132b-4603-aaaf-323e4a426fa0",
            "name": "New World Wairoa"
        }
    },
    {
        "productData": {
            "name": "Monster Ultra Zero Drink 500ml",
            "productId": "5090618_ea_000",
            "productShopPage": "https://www.newworld.co.nz/shop/product/5090618_ea_000nw",
            "productImageURL": "https://a.fsimg.co.nz/product/retail/fan/image/master/5090618.png",
            "productDescription": "A little less sweet, lighter-tasting, zero calories, but with a full load of our Monster energy blend. Sure, white is the new black. Monster Energy Zero Ultra. Unleash the Ultra Beast!\n\nProduct of Imported",
            "volume": "500mL",
            "multipack": {
                "quantity": "1"
            }
        },
        "priceData": {
            "bestPrice": "2.99",
            "price": "2.99",
            "pricePerLitre": 6.0,
            "bestPricePerLitre": 6.0
        },
        "store": {
            "id": "83f2d5fc-132b-4603-aaaf-323e4a426fa0",
            "name": "New World Wairoa"
        }
    },
    {
        "productData": {
            "name": "Monster Super Fuel Zero Sugar Energy Drink 550ml",
            "productId": "5284331_ea_000",
            "productShopPage": "https://www.newworld.co.nz/shop/product/5284331_ea_000nw",
            "productImageURL": "https://a.fsimg.co.nz/product/retail/fan/image/master/5284331.png",
            "productDescription": "Product of Imported",
            "volume": "550mL",
            "multipack": {
                "quantity": "1"
            }
        },
        "priceData": {
            "bestPrice": "3.49",
            "price": "3.49",
            "pricePerLitre": 6.345454545454546,
            "bestPricePerLitre": 6.345454545454546
        },
        "store": {
            "id": "83f2d5fc-132b-4603-aaaf-323e4a426fa0",
            "name": "New World Wairoa"
        }
    },
    {
        "productData": {
            "name": "Mother Energy Drink Can 500ml",
            "productId": "5011153_ea_000",
            "productShopPage": "https://www.newworld.co.nz/shop/product/5011153_ea_000nw",
            "productImageURL": "https://a.fsimg.co.nz/product/retail/fan/image/master/5011153.png",
            "productDescription": "Contains Caffeine.\n\nProduct of New Zealand",
            "volume": "500mL",
            "multipack": {
                "quantity": "1"
            }
        },
        "priceData": {
            "bestPrice": "1.99",
            "price": "1.99",
            "pricePerLitre": 4.0,
            "bestPricePerLitre": 4.0
        },
        "store": {
            "id": "83f2d5fc-132b-4603-aaaf-323e4a426fa0",
            "name": "New World Wairoa"
        }
    },
    {
        "productData": {
            "name": "Monster Super Fuel Purple Passion Energy Drink 550ml",
            "productId": "5284332_ea_000",
            "productShopPage": "https://www.newworld.co.nz/shop/product/5284332_ea_000nw",
            "productImageURL": "https://a.fsimg.co.nz/product/retail/fan/image/master/5284332.png",
            "productDescription": "Product of Imported",
            "volume": "550mL",
            "multipack": {
                "quantity": "1"
            }
        },
        "priceData": {
            "bestPrice": "3.49",
            "price": "3.49",
            "pricePerLitre": 6.345454545454546,
            "bestPricePerLitre": 6.345454545454546
        },
        "store": {
            "id": "83f2d5fc-132b-4603-aaaf-323e4a426fa0",
            "name": "New World Wairoa"
        }
    },
    {
        "productData": {
            "name": "Monster Pipeline Punch Energy Drink 500ml",
            "productId": "5242373_ea_000",
            "productShopPage": "https://www.newworld.co.nz/shop/product/5242373_ea_000nw",
            "productImageURL": "https://a.fsimg.co.nz/product/retail/fan/image/master/5242373.png",
            "productDescription": "Product of Imported",
            "volume": "500mL",
            "multipack": {
                "quantity": "1"
            }
        },
        "priceData": {
            "bestPrice": "2.99",
            "price": "2.99",
            "pricePerLitre": 6.0,
            "bestPricePerLitre": 6.0
        },
        "store": {
            "id": "83f2d5fc-132b-4603-aaaf-323e4a426fa0",
            "name": "New World Wairoa"
        }
    },
    {
        "productData": {
            "name": "Monster Energy Drink 500ml",
            "productId": "5007647_ea_000",
            "productShopPage": "https://www.newworld.co.nz/shop/product/5007647_ea_000nw",
            "productImageURL": "https://a.fsimg.co.nz/product/retail/fan/image/master/5007647.png",
            "productDescription": "Contains Caffeine.\n\nProduct of Imported",
            "volume": "500mL",
            "multipack": {
                "quantity": "1"
            }
        },
        "priceData": {
            "bestPrice": "2.99",
            "price": "2.99",
            "pricePerLitre": 6.0,
            "bestPricePerLitre": 6.0
        },
        "store": {
            "id": "83f2d5fc-132b-4603-aaaf-323e4a426fa0",
            "name": "New World Wairoa"
        }
    },
    {
        "productData": {
            "name": "V Original Guarana Energy Drink 500ml",
            "productId": "5004703_ea_000",
            "productShopPage": "https://www.newworld.co.nz/shop/product/5004703_ea_000nw",
            "productImageURL": "https://a.fsimg.co.nz/product/retail/fan/image/master/5004703.png",
            "productDescription": "Contains Caffeine.\n\nProduct of New Zealand",
            "volume": "500mL",
            "multipack": {
                "quantity": "1"
            }
        },
        "priceData": {
            "bestPrice": "3.49",
            "price": "3.49",
            "pricePerLitre": 7.0,
            "bestPricePerLitre": 7.0
        },
        "store": {
            "id": "83f2d5fc-132b-4603-aaaf-323e4a426fa0",
            "name": "New World Wairoa"
        }
    },
    {
        "productData": {
            "name": "V Original Guarana Energy Drink 4pk",
            "productId": "5210048_ea_000",
            "productShopPage": "https://www.newworld.co.nz/shop/product/5210048_ea_000nw",
            "productImageURL": "https://a.fsimg.co.nz/product/retail/fan/image/master/5210048.png",
            "productDescription": "Product of New Zealand",
            "volume": "275mL",
            "multipack": {
                "quantity": "4"
            }
        },
        "priceData": {
            "bestPrice": "9.19",
            "price": "9.19",
            "pricePerLitre": 8.4,
            "bestPricePerLitre": 8.4
        },
        "store": {
            "id": "83f2d5fc-132b-4603-aaaf-323e4a426fa0",
            "name": "New World Wairoa"
        }
    },
    {
        "productData": {
            "name": "V Original Guarana Energy Drink 500ml",
            "productId": "5007441_ea_000",
            "productShopPage": "https://www.newworld.co.nz/shop/product/5007441_ea_000nw",
            "productImageURL": "https://a.fsimg.co.nz/product/retail/fan/image/master/5007441.png",
            "productDescription": "Buy 2 for $5.00.\n\n\nContains Wheat Derivatives, Caffeine.\n\nProduct of New Zealand",
            "volume": "500mL",
            "multipack": {
                "quantity": "1"
            }
        },
        "priceData": {
            "bestPrice": 2.5,
            "price": 2.0,
            "pricePerLitre": 4.0,
            "bestPricePerLitre": 5.0,
            "multiBuy": {
                "quantity": 2.0,
                "value": 5.0,
                "perUnit": 2.5
            }
        },
        "store": {
            "id": "83f2d5fc-132b-4603-aaaf-323e4a426fa0",
            "name": "New World Wairoa"
        }
    },
    {
        "productData": {
            "name": "V Blue Guarana Energy Drink 10pk",
            "productId": "5290181_ea_000",
            "productShopPage": "https://www.newworld.co.nz/shop/product/5290181_ea_000nw",
            "productImageURL": "https://a.fsimg.co.nz/product/retail/fan/image/master/5290181.png",
            "productDescription": "Product of New Zealand",
            "volume": "250mL",
            "multipack": {
                "quantity": "10"
            }
        },
        "priceData": {
            "bestPrice": "17.99",
            "price": "17.99",
            "pricePerLitre": 7.2,
            "bestPricePerLitre": 7.2
        },
        "store": {
            "id": "3a5fd4b8-6ea0-4a6c-aeec-5af83e093322",
            "name": "New World Thorndon"
        }
    },
    {
        "productData": {
            "name": "V Blue Guarana Energy Drink 250ml",
            "productId": "5007495_ea_000",
            "productShopPage": "https://www.newworld.co.nz/shop/product/5007495_ea_000nw",
            "productImageURL": "https://a.fsimg.co.nz/product/retail/fan/image/master/5007495.png",
            "productDescription": "Contains Caffeine, Wheat Derivatives.\n\nProduct of New Zealand",
            "volume": "250mL",
            "multipack": {
                "quantity": "1"
            }
        },
        "priceData": {
            "bestPrice": "1.99",
            "price": "1.99",
            "pricePerLitre": 8.0,
            "bestPricePerLitre": 8.0
        },
        "store": {
            "id": "3a5fd4b8-6ea0-4a6c-aeec-5af83e093322",
            "name": "New World Thorndon"
        }
    },
    {
        "productData": {
            "name": "V Sugarfree Blue Guarana Energy Drink 4pk",
            "productId": "5289891_ea_000",
            "productShopPage": "https://www.newworld.co.nz/shop/product/5289891_ea_000nw",
            "productImageURL": "https://a.fsimg.co.nz/product/retail/fan/image/master/5289891.png",
            "productDescription": "Limit 12 assorted.\n\n\n\n\nProduct of New Zealand",
            "volume": "250mL",
            "multipack": {
                "quantity": "4"
            }
        },
        "priceData": {
            "bestPrice": "5.99",
            "price": "5.99",
            "pricePerLitre": 5.99,
            "bestPricePerLitre": 5.99
        },
        "store": {
            "id": "3a5fd4b8-6ea0-4a6c-aeec-5af83e093322",
            "name": "New World Thorndon"
        }
    },
    {
        "productData": {
            "name": "V Sugarfree Guarana Energy Drink 250ml",
            "productId": "5001639_ea_000",
            "productShopPage": "https://www.newworld.co.nz/shop/product/5001639_ea_000nw",
            "productImageURL": "https://a.fsimg.co.nz/product/retail/fan/image/master/5001639.png",
            "productDescription": "Sugar Free. Contains Caffeine.\n\nProduct of New Zealand",
            "volume": "250mL",
            "multipack": {
                "quantity": "1"
            }
        },
        "priceData": {
            "bestPrice": "1.99",
            "price": "1.99",
            "pricePerLitre": 8.0,
            "bestPricePerLitre": 8.0
        },
        "store": {
            "id": "3a5fd4b8-6ea0-4a6c-aeec-5af83e093322",
            "name": "New World Thorndon"
        }
    },
    {
        "productData": {
            "name": "V Sugarfree Guarana Energy Drink 10pk",
            "productId": "5289890_ea_000",
            "productShopPage": "https://www.newworld.co.nz/shop/product/5289890_ea_000nw",
            "productImageURL": "https://a.fsimg.co.nz/product/retail/fan/image/master/5289890.png",
            "productDescription": "Product of New Zealand",
            "volume": "",
            "multipack": {
                "quantity": ""
            }
        },
        "priceData": {
            "bestPrice": "17.99",
            "price": "17.99",
            "pricePerLitre": 72.0,
            "bestPricePerLitre": 72.0
        },
        "store": {
            "id": "3a5fd4b8-6ea0-4a6c-aeec-5af83e093322",
            "name": "New World Thorndon"
        }
    },
    {
        "productData": {
            "name": "V Raspberry Lemonade Guarana Energy Drink 4pk",
            "productId": "5264576_ea_000",
            "productShopPage": "https://www.newworld.co.nz/shop/product/5264576_ea_000nw",
            "productImageURL": "https://a.fsimg.co.nz/product/retail/fan/image/master/5264576.png",
            "productDescription": "Product of New Zealand",
            "volume": "275mL",
            "multipack": {
                "quantity": "4"
            }
        },
        "priceData": {
            "bestPrice": "9.19",
            "price": "9.19",
            "pricePerLitre": 8.355,
            "bestPricePerLitre": 8.355
        },
        "store": {
            "id": "3a5fd4b8-6ea0-4a6c-aeec-5af83e093322",
            "name": "New World Thorndon"
        }
    },
    {
        "productData": {
            "name": "V Green Guarana Energy Drink 6pk",
            "productId": "5272987_ea_000",
            "productShopPage": "https://www.newworld.co.nz/shop/product/5272987_ea_000nw",
            "productImageURL": "https://a.fsimg.co.nz/product/retail/fan/image/master/5272987.png",
            "productDescription": "Product of New Zealand",
            "volume": "330mL",
            "multipack": {
                "quantity": "6"
            }
        },
        "priceData": {
            "bestPrice": "11.99",
            "price": "11.99",
            "pricePerLitre": 6.05,
            "bestPricePerLitre": 6.05
        },
        "store": {
            "id": "3a5fd4b8-6ea0-4a6c-aeec-5af83e093322",
            "name": "New World Thorndon"
        }
    },
    {
        "productData": {
            "name": "Live Plus Ascend Energy Drink 250ml",
            "productId": "5236675_ea_000",
            "productShopPage": "https://www.newworld.co.nz/shop/product/5236675_ea_000nw",
            "productImageURL": "https://a.fsimg.co.nz/product/retail/fan/image/master/5236675.png",
            "productDescription": "Limit 12 assorted.\n\n\n\n\nProduct of New Zealand",
            "volume": "",
            "multipack": {
                "quantity": ""
            }
        },
        "priceData": {
            "bestPrice": "0.99",
            "price": "0.99"
        },
        "store": {
            "id": "3a5fd4b8-6ea0-4a6c-aeec-5af83e093322",
            "name": "New World Thorndon"
        }
    },
    {
        "productData": {
            "name": "Live Plus Tart Apple Energy Drink 250ml",
            "productId": "5236676_ea_000",
            "productShopPage": "https://www.newworld.co.nz/shop/product/5236676_ea_000nw",
            "productImageURL": "https://a.fsimg.co.nz/product/retail/fan/image/master/5236676.png",
            "productDescription": "Limit 12 assorted.\n\n\n\n\nProduct of New Zealand",
            "volume": "250mL",
            "multipack": {
                "quantity": "1"
            }
        },
        "priceData": {
            "bestPrice": "0.99",
            "price": "0.99",
            "pricePerLitre": 3.96,
            "bestPricePerLitre": 3.96
        },
        "store": {
            "id": "3a5fd4b8-6ea0-4a6c-aeec-5af83e093322",
            "name": "New World Thorndon"
        }
    },
    {
        "productData": {
            "name": "Live Plus Persist Energy Drink 250ml",
            "productId": "5236678_ea_000",
            "productShopPage": "https://www.newworld.co.nz/shop/product/5236678_ea_000nw",
            "productImageURL": "https://a.fsimg.co.nz/product/retail/fan/image/master/5236678.png",
            "productDescription": "Limit 12 assorted.\n\n\n\n\nProduct of New Zealand",
            "volume": "",
            "multipack": {
                "quantity": ""
            }
        },
        "priceData": {
            "bestPrice": "0.99",
            "price": "0.99"
        },
        "store": {
            "id": "3a5fd4b8-6ea0-4a6c-aeec-5af83e093322",
            "name": "New World Thorndon"
        }
    },
    {
        "productData": {
            "name": "V Green Guarana Energy Drink 10pk",
            "productId": "5289889_ea_000",
            "productShopPage": "https://www.newworld.co.nz/shop/product/5289889_ea_000nw",
            "productImageURL": "https://a.fsimg.co.nz/product/retail/fan/image/master/5289889.png",
            "productDescription": "Product of New Zealand",
            "volume": "250mL",
            "multipack": {
                "quantity": "10"
            }
        },
        "priceData": {
            "bestPrice": "17.99",
            "price": "17.99",
            "pricePerLitre": 7.2,
            "bestPricePerLitre": 7.2
        },
        "store": {
            "id": "3a5fd4b8-6ea0-4a6c-aeec-5af83e093322",
            "name": "New World Thorndon"
        }
    },
    {
        "productData": {
            "name": "V Sugarfree Blue Guarana Energy Drink 500ml",
            "productId": "5283362_ea_000",
            "productShopPage": "https://www.newworld.co.nz/shop/product/5283362_ea_000nw",
            "productImageURL": "https://a.fsimg.co.nz/product/retail/fan/image/master/5283362.png",
            "productDescription": "Sugar free\n\nProduct of New Zealand",
            "volume": "500mL",
            "multipack": {
                "quantity": "1"
            }
        },
        "priceData": {
            "bestPrice": "3.49",
            "price": "3.49",
            "pricePerLitre": 7.0,
            "bestPricePerLitre": 7.0
        },
        "store": {
            "id": "3a5fd4b8-6ea0-4a6c-aeec-5af83e093322",
            "name": "New World Thorndon"
        }
    },
    {
        "productData": {
            "name": "V Original Guarana Energy Drink 350ml",
            "productId": "5003156_ea_000",
            "productShopPage": "https://www.newworld.co.nz/shop/product/5003156_ea_000nw",
            "productImageURL": "https://a.fsimg.co.nz/product/retail/fan/image/master/5003156.png",
            "productDescription": "Buy 2 for $5.00.\n\n\nContains Caffeine.\n\nProduct of New Zealand",
            "volume": "350mL",
            "multipack": {
                "quantity": "1"
            }
        },
        "priceData": {
            "bestPrice": 2.5,
            "price": 2.0,
            "pricePerLitre": 5.714285714285714,
            "bestPricePerLitre": 7.142857142857143,
            "multiBuy": {
                "quantity": 2.0,
                "value": 5.0,
                "perUnit": 2.5
            }
        },
        "store": {
            "id": "3a5fd4b8-6ea0-4a6c-aeec-5af83e093322",
            "name": "New World Thorndon"
        }
    },
    {
        "productData": {
            "name": "V Blue Guarana Energy Drink Cans 10pk",
            "productId": "5228254_ea_000",
            "productShopPage": "https://www.newworld.co.nz/shop/product/5228254_ea_000nw",
            "productImageURL": "https://a.fsimg.co.nz/product/retail/fan/image/master/5228254.png",
            "productDescription": "Product of New Zealand",
            "volume": "200mL",
            "multipack": {
                "quantity": "10"
            }
        },
        "priceData": {
            "bestPrice": "15.29",
            "price": "15.29",
            "pricePerLitre": 7.6450000000000005,
            "bestPricePerLitre": 7.6450000000000005
        },
        "store": {
            "id": "3a5fd4b8-6ea0-4a6c-aeec-5af83e093322",
            "name": "New World Thorndon"
        }
    },
    {
        "productData": {
            "name": "V Blue Guarana Energy Drink 4pk",
            "productId": "5210055_ea_000",
            "productShopPage": "https://www.newworld.co.nz/shop/product/5210055_ea_000nw",
            "productImageURL": "https://a.fsimg.co.nz/product/retail/fan/image/master/5210055.png",
            "productDescription": "Product of New Zealand",
            "volume": "275mL",
            "multipack": {
                "quantity": "4"
            }
        },
        "priceData": {
            "bestPrice": "9.19",
            "price": "9.19",
            "pricePerLitre": 8.4,
            "bestPricePerLitre": 8.4
        },
        "store": {
            "id": "3a5fd4b8-6ea0-4a6c-aeec-5af83e093322",
            "name": "New World Thorndon"
        }
    },
    {
        "productData": {
            "name": "V Blue Guarana Energy Drink 350ml",
            "productId": "5007492_ea_000",
            "productShopPage": "https://www.newworld.co.nz/shop/product/5007492_ea_000nw",
            "productImageURL": "https://a.fsimg.co.nz/product/retail/fan/image/master/5007492.png",
            "productDescription": "Buy 2 for $5.00.\n\n\nContains Caffeine, Wheat Derivatives.\n\nProduct of New Zealand",
            "volume": "350mL",
            "multipack": {
                "quantity": "1"
            }
        },
        "priceData": {
            "bestPrice": 2.5,
            "price": 2.0,
            "pricePerLitre": 5.714285714285714,
            "bestPricePerLitre": 7.142857142857143,
            "multiBuy": {
                "quantity": 2.0,
                "value": 5.0,
                "perUnit": 2.5
            }
        },
        "store": {
            "id": "3a5fd4b8-6ea0-4a6c-aeec-5af83e093322",
            "name": "New World Thorndon"
        }
    },
    {
        "productData": {
            "name": "V Blue Energy Drink 500ml",
            "productId": "5020662_ea_000",
            "productShopPage": "https://www.newworld.co.nz/shop/product/5020662_ea_000nw",
            "productImageURL": "https://a.fsimg.co.nz/product/retail/fan/image/master/5020662.png",
            "productDescription": "Buy 2 for $5.00.\n\n\n\n\nProduct of New Zealand",
            "volume": "500mL",
            "multipack": {
                "quantity": "1"
            }
        },
        "priceData": {
            "bestPrice": 2.5,
            "price": 2.0,
            "pricePerLitre": 4.0,
            "bestPricePerLitre": 5.0,
            "multiBuy": {
                "quantity": 2.0,
                "value": 5.0,
                "perUnit": 2.5
            }
        },
        "store": {
            "id": "3a5fd4b8-6ea0-4a6c-aeec-5af83e093322",
            "name": "New World Thorndon"
        }
    },
    {
        "productData": {
            "name": "V Blue Guarana Energy Drink 500ml",
            "productId": "5007494_ea_000",
            "productShopPage": "https://www.newworld.co.nz/shop/product/5007494_ea_000nw",
            "productImageURL": "https://a.fsimg.co.nz/product/retail/fan/image/master/5007494.png",
            "productDescription": "Contains Wheat Derivatives, Caffeine.\n\nProduct of New Zealand",
            "volume": "500mL",
            "multipack": {
                "quantity": "1"
            }
        },
        "priceData": {
            "bestPrice": "3.49",
            "price": "3.49",
            "pricePerLitre": 7.0,
            "bestPricePerLitre": 7.0
        },
        "store": {
            "id": "3a5fd4b8-6ea0-4a6c-aeec-5af83e093322",
            "name": "New World Thorndon"
        }
    },
    {
        "productData": {
            "name": "Red Bull Energy Drink 473ml",
            "productId": "5005255_ea_000",
            "productShopPage": "https://www.newworld.co.nz/shop/product/5005255_ea_000nw",
            "productImageURL": "https://a.fsimg.co.nz/product/retail/fan/image/master/5005255.png",
            "productDescription": "Red Bull Energy Drink's special formula contains ingredients of high quality: Caffeine, Taurine, B-Group Vitamins, Sugars, Alpine Water.One 250ml can of Red Bull Energy Drinks contains 80 mg of caffeine, about the same amount as in a cup of home-brewed coffee.The amount of sugars in a can of Red Bull Energy Drink is comparable to the level of sugars in an equivalent amount of apple or orange juice – 11 g per 100ml.Red Bull cans are made of 100% recyclable aluminium.Red Bull Energy Drink 473ml canVitalizes Body and Mind.®RED BULL GIVES YOU WINGSInspired by functional drinks from the Far East, Dietrich Mateschitz founded Red Bull in the mid-1980s. He developed a new product and a unique marketing concept and launched Red Bull Energy Drink on April 1, 1987 in Austria. A brand new product category - Energy Drinks - was born.\n\nProduct of Imported",
            "volume": "473mL",
            "multipack": {
                "quantity": "1"
            }
        },
        "priceData": {
            "bestPrice": "3.59",
            "price": "3.59",
            "pricePerLitre": 7.6,
            "bestPricePerLitre": 7.6
        },
        "store": {
            "id": "3a5fd4b8-6ea0-4a6c-aeec-5af83e093322",
            "name": "New World Thorndon"
        }
    },
    {
        "productData": {
            "name": "V Original Guarana Energy Drink 250ml",
            "productId": "5003151_ea_000",
            "productShopPage": "https://www.newworld.co.nz/shop/product/5003151_ea_000nw",
            "productImageURL": "https://a.fsimg.co.nz/product/retail/fan/image/master/5003151.png",
            "productDescription": "Contains Caffeine.\n\nProduct of New Zealand",
            "volume": "250mL",
            "multipack": {
                "quantity": "1"
            }
        },
        "priceData": {
            "bestPrice": "1.99",
            "price": "1.99",
            "pricePerLitre": 8.0,
            "bestPricePerLitre": 8.0
        },
        "store": {
            "id": "3a5fd4b8-6ea0-4a6c-aeec-5af83e093322",
            "name": "New World Thorndon"
        }
    },
    {
        "productData": {
            "name": "Red Bull Energy Drink 250ml Cans 4pk",
            "productId": "5001443_ea_000",
            "productShopPage": "https://www.newworld.co.nz/shop/product/5001443_ea_000nw",
            "productImageURL": "https://a.fsimg.co.nz/product/retail/fan/image/master/5001443.png",
            "productDescription": "Red Bull Energy Drink's special formula contains ingredients of high quality: Caffeine, Taurine, B-Group Vitamins, Sugars, Alpine Water.One 250ml can of Red Bull Energy Drinks contains 80 mg of caffeine, about the same amount as in a cup of home-brewed coffee.The amount of sugars in a can of Red Bull Energy Drink is comparable to the level of sugars in an equivalent amount of apple or orange juice – 11 g per 100ml.Red Bull cans are made of 100% recyclable aluminium.Pack of four 250ml Red Bull Energy Drink cansVitalizes Body and Mind.®RED BULL GIVES YOU WINGSInspired by functional drinks from the Far East, Dietrich Mateschitz founded Red Bull in the mid-1980s. He developed a new product and a unique marketing concept and launched Red Bull Energy Drink on April 1, 1987 in Austria. A brand new product category - Energy Drinks - was born.",
            "volume": "250mL",
            "multipack": {
                "quantity": "4"
            }
        },
        "priceData": {
            "bestPrice": "8.29",
            "price": "8.29",
            "pricePerLitre": 8.299999999999999,
            "bestPricePerLitre": 8.299999999999999
        },
        "store": {
            "id": "3a5fd4b8-6ea0-4a6c-aeec-5af83e093322",
            "name": "New World Thorndon"
        }
    },
    {
        "productData": {
            "name": "V Green Guarana Energy Drink 710ml",
            "productId": "5030250_ea_000",
            "productShopPage": "https://www.newworld.co.nz/shop/product/5030250_ea_000nw",
            "productImageURL": "https://a.fsimg.co.nz/product/retail/fan/image/master/5030250.png",
            "productDescription": "Contains Wheat Derivatives\n\nProduct of Imported",
            "volume": "250mL",
            "multipack": {
                "quantity": "3"
            }
        },
        "priceData": {
            "bestPrice": "3.49",
            "price": "3.49",
            "pricePerLitre": 4.9,
            "bestPricePerLitre": 4.9
        },
        "store": {
            "id": "3a5fd4b8-6ea0-4a6c-aeec-5af83e093322",
            "name": "New World Thorndon"
        }
    },
    {
        "productData": {
            "name": "Lucozade Orange Energy Drink 380ml",
            "productId": "5009239_ea_000",
            "productShopPage": "https://www.newworld.co.nz/shop/product/5009239_ea_000nw",
            "productImageURL": "https://a.fsimg.co.nz/product/retail/fan/image/master/5009239.png",
            "productDescription": "Powered by Glucose.\n\nProduct of New Zealand",
            "volume": "380mL",
            "multipack": {
                "quantity": "1"
            }
        },
        "priceData": {
            "bestPrice": "2.69",
            "price": "2.69",
            "pricePerLitre": 7.08,
            "bestPricePerLitre": 7.08
        },
        "store": {
            "id": "3a5fd4b8-6ea0-4a6c-aeec-5af83e093322",
            "name": "New World Thorndon"
        }
    },
    {
        "productData": {
            "name": "V Pure Natural Energy Drink Glass Bottle 330ml",
            "productId": "5237753_ea_000",
            "productShopPage": "https://www.newworld.co.nz/shop/product/5237753_ea_000nw",
            "productImageURL": "https://a.fsimg.co.nz/product/retail/fan/image/master/5237753.png",
            "productDescription": "Buy 2 for $5.00.\n\n\nNothing artificial\n\nProduct of New Zealand",
            "volume": "330mL",
            "multipack": {
                "quantity": "1"
            }
        },
        "priceData": {
            "bestPrice": 2.5,
            "price": 2.0,
            "pricePerLitre": 6.0606060606060606,
            "bestPricePerLitre": 7.575757575757575,
            "multiBuy": {
                "quantity": 2.0,
                "value": 5.0,
                "perUnit": 2.5
            }
        },
        "store": {
            "id": "3a5fd4b8-6ea0-4a6c-aeec-5af83e093322",
            "name": "New World Thorndon"
        }
    },
    {
        "productData": {
            "name": "Lucozade Original Energy Drink 380ml",
            "productId": "5009240_ea_000",
            "productShopPage": "https://www.newworld.co.nz/shop/product/5009240_ea_000nw",
            "productImageURL": "https://a.fsimg.co.nz/product/retail/fan/image/master/5009240.png",
            "productDescription": "Energy from Glucose.\n\nProduct of New Zealand",
            "volume": "380mL",
            "multipack": {
                "quantity": "1"
            }
        },
        "priceData": {
            "bestPrice": "2.69",
            "price": "2.69",
            "pricePerLitre": 7.08,
            "bestPricePerLitre": 7.08
        },
        "store": {
            "id": "3a5fd4b8-6ea0-4a6c-aeec-5af83e093322",
            "name": "New World Thorndon"
        }
    },
    {
        "productData": {
            "name": "Rockstar Watermelon Freeze Energy Drink 500ml",
            "productId": "5257298_ea_000",
            "productShopPage": "https://www.newworld.co.nz/shop/product/5257298_ea_000nw",
            "productImageURL": "https://a.fsimg.co.nz/product/retail/fan/image/master/5257298.png",
            "productDescription": "Buy 3 for $5.00.\n\n\n\n\nProduct of New Zealand",
            "volume": "500mL",
            "multipack": {
                "quantity": "1"
            }
        },
        "priceData": {
            "bestPrice": 1.6666666666666667,
            "price": 1.0,
            "pricePerLitre": 2.0,
            "bestPricePerLitre": 3.3333333333333335,
            "multiBuy": {
                "quantity": 3.0,
                "value": 5.0,
                "perUnit": 1.6666666666666667
            }
        },
        "store": {
            "id": "3a5fd4b8-6ea0-4a6c-aeec-5af83e093322",
            "name": "New World Thorndon"
        }
    },
    {
        "productData": {
            "name": "V Pure Natural Energy Drink Can 250ml",
            "productId": "5237735_ea_000",
            "productShopPage": "https://www.newworld.co.nz/shop/product/5237735_ea_000nw",
            "productImageURL": "https://a.fsimg.co.nz/product/retail/fan/image/master/5237735.png",
            "productDescription": "6 natural ingredients; Nothing artificial; Apple juice - Apple and lemon juice is reconstituted; Lemon juice - Apple and lemon juice is reconstituted\n\nProduct of New Zealand",
            "volume": "250mL",
            "multipack": {
                "quantity": "1"
            }
        },
        "priceData": {
            "bestPrice": "1.99",
            "price": "1.99",
            "pricePerLitre": 8.0,
            "bestPricePerLitre": 8.0
        },
        "store": {
            "id": "3a5fd4b8-6ea0-4a6c-aeec-5af83e093322",
            "name": "New World Thorndon"
        }
    },
    {
        "productData": {
            "name": "Rockstar Original Energy Drink 500ml",
            "productId": "5215383_ea_000",
            "productShopPage": "https://www.newworld.co.nz/shop/product/5215383_ea_000nw",
            "productImageURL": "https://a.fsimg.co.nz/product/retail/fan/image/master/5215383.png",
            "productDescription": "Buy 3 for $5.00.\n\n\nCaffeine; B vitamins; Vitamin C; Taurine; Ginseng\n\nProduct of New Zealand",
            "volume": "500mL",
            "multipack": {
                "quantity": "1"
            }
        },
        "priceData": {
            "bestPrice": 1.6666666666666667,
            "price": 1.0,
            "pricePerLitre": 2.0,
            "bestPricePerLitre": 3.3333333333333335,
            "multiBuy": {
                "quantity": 3.0,
                "value": 5.0,
                "perUnit": 1.6666666666666667
            }
        },
        "store": {
            "id": "3a5fd4b8-6ea0-4a6c-aeec-5af83e093322",
            "name": "New World Thorndon"
        }
    },
    {
        "productData": {
            "name": "V Berry Twist Sugar Free Can 500ml",
            "productId": "5254654_ea_000",
            "productShopPage": "https://www.newworld.co.nz/shop/product/5254654_ea_000nw",
            "productImageURL": "https://a.fsimg.co.nz/product/retail/fan/image/master/5254654.png",
            "productDescription": "Sugarfree\n\nProduct of New Zealand",
            "volume": "500mL",
            "multipack": {
                "quantity": "1"
            }
        },
        "priceData": {
            "bestPrice": "3.49",
            "price": "3.49",
            "pricePerLitre": 7.0,
            "bestPricePerLitre": 7.0
        },
        "store": {
            "id": "3a5fd4b8-6ea0-4a6c-aeec-5af83e093322",
            "name": "New World Thorndon"
        }
    },
    {
        "productData": {
            "name": "V Raspberry Lemonade Guarana Energy Drink 4pk",
            "productId": "5289907_ea_000",
            "productShopPage": "https://www.newworld.co.nz/shop/product/5289907_ea_000nw",
            "productImageURL": "https://a.fsimg.co.nz/product/retail/fan/image/master/5289907.png",
            "productDescription": "Limit 12 assorted.\n\n\n\n\nProduct of New Zealand",
            "volume": "250mL",
            "multipack": {
                "quantity": "4"
            }
        },
        "priceData": {
            "bestPrice": "5.99",
            "price": "5.99",
            "pricePerLitre": 5.99,
            "bestPricePerLitre": 5.99
        },
        "store": {
            "id": "3a5fd4b8-6ea0-4a6c-aeec-5af83e093322",
            "name": "New World Thorndon"
        }
    },
    {
        "productData": {
            "name": "V Raspberry Lemonade Can 500ml",
            "productId": "5264523_ea_000",
            "productShopPage": "https://www.newworld.co.nz/shop/product/5264523_ea_000nw",
            "productImageURL": "https://a.fsimg.co.nz/product/retail/fan/image/master/5264523.png",
            "productDescription": "Product of New Zealand",
            "volume": "500mL",
            "multipack": {
                "quantity": "1"
            }
        },
        "priceData": {
            "bestPrice": "3.49",
            "price": "3.49",
            "pricePerLitre": 7.0,
            "bestPricePerLitre": 7.0
        },
        "store": {
            "id": "3a5fd4b8-6ea0-4a6c-aeec-5af83e093322",
            "name": "New World Thorndon"
        }
    },
    {
        "productData": {
            "name": "V Blue Can 4pk",
            "productId": "5030249_ea_000",
            "productShopPage": "https://www.newworld.co.nz/shop/product/5030249_ea_000nw",
            "productImageURL": "https://a.fsimg.co.nz/product/retail/fan/image/master/5030249.png",
            "productDescription": "Limit 12 assorted.\n\n\nContains Wheat Derivatives, Caffeine.\n\nProduct of New Zealand",
            "volume": "250mL",
            "multipack": {
                "quantity": "4"
            }
        },
        "priceData": {
            "bestPrice": "5.99",
            "price": "5.99",
            "pricePerLitre": 5.99,
            "bestPricePerLitre": 5.99
        },
        "store": {
            "id": "3a5fd4b8-6ea0-4a6c-aeec-5af83e093322",
            "name": "New World Thorndon"
        }
    },
    {
        "productData": {
            "name": "V Energy Drink Sugarfree Cans 4pk",
            "productId": "5004117_ea_000",
            "productShopPage": "https://www.newworld.co.nz/shop/product/5004117_ea_000nw",
            "productImageURL": "https://a.fsimg.co.nz/product/retail/fan/image/master/5004117.png",
            "productDescription": "Limit 12 assorted.\n\n\nSugar Free. Contains Caffeine.\n\nProduct of New Zealand",
            "volume": "250mL",
            "multipack": {
                "quantity": "4"
            }
        },
        "priceData": {
            "bestPrice": "5.99",
            "price": "5.99",
            "pricePerLitre": 5.99,
            "bestPricePerLitre": 5.99
        },
        "store": {
            "id": "3a5fd4b8-6ea0-4a6c-aeec-5af83e093322",
            "name": "New World Thorndon"
        }
    },
    {
        "productData": {
            "name": "Monster Zero Sugar Ultra Rosa Energy Drink 500ml",
            "productId": "5278094_ea_000",
            "productShopPage": "https://www.newworld.co.nz/shop/product/5278094_ea_000nw",
            "productImageURL": "https://a.fsimg.co.nz/product/retail/fan/image/master/5278094.png",
            "productDescription": "Product of Imported",
            "volume": "500mL",
            "multipack": {
                "quantity": "1"
            }
        },
        "priceData": {
            "bestPrice": "2.99",
            "price": "2.99",
            "pricePerLitre": 6.0,
            "bestPricePerLitre": 6.0
        },
        "store": {
            "id": "3a5fd4b8-6ea0-4a6c-aeec-5af83e093322",
            "name": "New World Thorndon"
        }
    },
    {
        "productData": {
            "name": "Monster Ultra Paradise Energy Drink 500ml",
            "productId": "5261257_ea_000",
            "productShopPage": "https://www.newworld.co.nz/shop/product/5261257_ea_000nw",
            "productImageURL": "https://a.fsimg.co.nz/product/retail/fan/image/master/5261257.png",
            "productDescription": "Product of Imported",
            "volume": "500mL",
            "multipack": {
                "quantity": "1"
            }
        },
        "priceData": {
            "bestPrice": "2.99",
            "price": "2.99",
            "pricePerLitre": 6.0,
            "bestPricePerLitre": 6.0
        },
        "store": {
            "id": "3a5fd4b8-6ea0-4a6c-aeec-5af83e093322",
            "name": "New World Thorndon"
        }
    },
    {
        "productData": {
            "name": "V Energy Drink Green Cans 4pk",
            "productId": "5002893_ea_000",
            "productShopPage": "https://www.newworld.co.nz/shop/product/5002893_ea_000nw",
            "productImageURL": "https://a.fsimg.co.nz/product/retail/fan/image/master/5002893.png",
            "productDescription": "Limit 12 assorted.\n\n\nContains Caffeine.\n\nProduct of New Zealand",
            "volume": "250mL",
            "multipack": {
                "quantity": "4"
            }
        },
        "priceData": {
            "bestPrice": "5.99",
            "price": "5.99",
            "pricePerLitre": 5.99,
            "bestPricePerLitre": 5.99
        },
        "store": {
            "id": "3a5fd4b8-6ea0-4a6c-aeec-5af83e093322",
            "name": "New World Thorndon"
        }
    },
    {
        "productData": {
            "name": "Monster Ultra Zero Drink 500ml",
            "productId": "5090618_ea_000",
            "productShopPage": "https://www.newworld.co.nz/shop/product/5090618_ea_000nw",
            "productImageURL": "https://a.fsimg.co.nz/product/retail/fan/image/master/5090618.png",
            "productDescription": "A little less sweet, lighter-tasting, zero calories, but with a full load of our Monster energy blend. Sure, white is the new black. Monster Energy Zero Ultra. Unleash the Ultra Beast!\n\nProduct of Imported",
            "volume": "500mL",
            "multipack": {
                "quantity": "1"
            }
        },
        "priceData": {
            "bestPrice": "2.99",
            "price": "2.99",
            "pricePerLitre": 6.0,
            "bestPricePerLitre": 6.0
        },
        "store": {
            "id": "3a5fd4b8-6ea0-4a6c-aeec-5af83e093322",
            "name": "New World Thorndon"
        }
    },
    {
        "productData": {
            "name": "Monster Super Fuel Zero Sugar Energy Drink 550ml",
            "productId": "5284331_ea_000",
            "productShopPage": "https://www.newworld.co.nz/shop/product/5284331_ea_000nw",
            "productImageURL": "https://a.fsimg.co.nz/product/retail/fan/image/master/5284331.png",
            "productDescription": "Product of Imported",
            "volume": "550mL",
            "multipack": {
                "quantity": "1"
            }
        },
        "priceData": {
            "bestPrice": "3.49",
            "price": "3.49",
            "pricePerLitre": 6.345454545454546,
            "bestPricePerLitre": 6.345454545454546
        },
        "store": {
            "id": "3a5fd4b8-6ea0-4a6c-aeec-5af83e093322",
            "name": "New World Thorndon"
        }
    },
    {
        "productData": {
            "name": "Mother Energy Drink Can 500ml",
            "productId": "5011153_ea_000",
            "productShopPage": "https://www.newworld.co.nz/shop/product/5011153_ea_000nw",
            "productImageURL": "https://a.fsimg.co.nz/product/retail/fan/image/master/5011153.png",
            "productDescription": "Contains Caffeine.\n\nProduct of New Zealand",
            "volume": "500mL",
            "multipack": {
                "quantity": "1"
            }
        },
        "priceData": {
            "bestPrice": "1.99",
            "price": "1.99",
            "pricePerLitre": 4.0,
            "bestPricePerLitre": 4.0
        },
        "store": {
            "id": "3a5fd4b8-6ea0-4a6c-aeec-5af83e093322",
            "name": "New World Thorndon"
        }
    },
    {
        "productData": {
            "name": "Monster Super Fuel Purple Passion Energy Drink 550ml",
            "productId": "5284332_ea_000",
            "productShopPage": "https://www.newworld.co.nz/shop/product/5284332_ea_000nw",
            "productImageURL": "https://a.fsimg.co.nz/product/retail/fan/image/master/5284332.png",
            "productDescription": "Product of Imported",
            "volume": "550mL",
            "multipack": {
                "quantity": "1"
            }
        },
        "priceData": {
            "bestPrice": "3.49",
            "price": "3.49",
            "pricePerLitre": 6.345454545454546,
            "bestPricePerLitre": 6.345454545454546
        },
        "store": {
            "id": "3a5fd4b8-6ea0-4a6c-aeec-5af83e093322",
            "name": "New World Thorndon"
        }
    },
    {
        "productData": {
            "name": "Monster Pipeline Punch Energy Drink 500ml",
            "productId": "5242373_ea_000",
            "productShopPage": "https://www.newworld.co.nz/shop/product/5242373_ea_000nw",
            "productImageURL": "https://a.fsimg.co.nz/product/retail/fan/image/master/5242373.png",
            "productDescription": "Product of Imported",
            "volume": "500mL",
            "multipack": {
                "quantity": "1"
            }
        },
        "priceData": {
            "bestPrice": "2.99",
            "price": "2.99",
            "pricePerLitre": 6.0,
            "bestPricePerLitre": 6.0
        },
        "store": {
            "id": "3a5fd4b8-6ea0-4a6c-aeec-5af83e093322",
            "name": "New World Thorndon"
        }
    },
    {
        "productData": {
            "name": "Monster Energy Drink 500ml",
            "productId": "5007647_ea_000",
            "productShopPage": "https://www.newworld.co.nz/shop/product/5007647_ea_000nw",
            "productImageURL": "https://a.fsimg.co.nz/product/retail/fan/image/master/5007647.png",
            "productDescription": "Contains Caffeine.\n\nProduct of Imported",
            "volume": "500mL",
            "multipack": {
                "quantity": "1"
            }
        },
        "priceData": {
            "bestPrice": "2.99",
            "price": "2.99",
            "pricePerLitre": 6.0,
            "bestPricePerLitre": 6.0
        },
        "store": {
            "id": "3a5fd4b8-6ea0-4a6c-aeec-5af83e093322",
            "name": "New World Thorndon"
        }
    },
    {
        "productData": {
            "name": "Monster Ultra Zero Drink 4pk",
            "productId": "5213974_ea_000",
            "productShopPage": "https://www.newworld.co.nz/shop/product/5213974_ea_000nw",
            "productImageURL": "https://a.fsimg.co.nz/product/retail/fan/image/master/5213974.png",
            "productDescription": "Product of Imported",
            "volume": "500mL",
            "multipack": {
                "quantity": "4"
            }
        },
        "priceData": {
            "bestPrice": "11.99",
            "price": "11.99",
            "pricePerLitre": 6.0,
            "bestPricePerLitre": 6.0
        },
        "store": {
            "id": "3a5fd4b8-6ea0-4a6c-aeec-5af83e093322",
            "name": "New World Thorndon"
        }
    },
    {
        "productData": {
            "name": "Monster Energy Drink 4pk",
            "productId": "5107264_ea_000",
            "productShopPage": "https://www.newworld.co.nz/shop/product/5107264_ea_000nw",
            "productImageURL": "https://a.fsimg.co.nz/product/retail/fan/image/master/5107264.png",
            "productDescription": "Product of Imported",
            "volume": "",
            "multipack": {
                "quantity": ""
            }
        },
        "priceData": {
            "bestPrice": "11.99",
            "price": "11.99",
            "pricePerLitre": 6.0,
            "bestPricePerLitre": 6.0
        },
        "store": {
            "id": "3a5fd4b8-6ea0-4a6c-aeec-5af83e093322",
            "name": "New World Thorndon"
        }
    },
    {
        "productData": {
            "name": "V Sugarfree Guarana Energy Drink 500ml",
            "productId": "5007644_ea_000",
            "productShopPage": "https://www.newworld.co.nz/shop/product/5007644_ea_000nw",
            "productImageURL": "https://a.fsimg.co.nz/product/retail/fan/image/master/5007644.png",
            "productDescription": "Sugar Free.\n\nProduct of New Zealand",
            "volume": "500mL",
            "multipack": {
                "quantity": "1"
            }
        },
        "priceData": {
            "bestPrice": "3.49",
            "price": "3.49",
            "pricePerLitre": 7.0,
            "bestPricePerLitre": 7.0
        },
        "store": {
            "id": "3a5fd4b8-6ea0-4a6c-aeec-5af83e093322",
            "name": "New World Thorndon"
        }
    },
    {
        "productData": {
            "name": "V Original Guarana Energy Drink 500ml",
            "productId": "5004703_ea_000",
            "productShopPage": "https://www.newworld.co.nz/shop/product/5004703_ea_000nw",
            "productImageURL": "https://a.fsimg.co.nz/product/retail/fan/image/master/5004703.png",
            "productDescription": "Contains Caffeine.\n\nProduct of New Zealand",
            "volume": "500mL",
            "multipack": {
                "quantity": "1"
            }
        },
        "priceData": {
            "bestPrice": "3.49",
            "price": "3.49",
            "pricePerLitre": 7.0,
            "bestPricePerLitre": 7.0
        },
        "store": {
            "id": "3a5fd4b8-6ea0-4a6c-aeec-5af83e093322",
            "name": "New World Thorndon"
        }
    },
    {
        "productData": {
            "name": "V Original Guarana Energy Drink 4pk",
            "productId": "5210048_ea_000",
            "productShopPage": "https://www.newworld.co.nz/shop/product/5210048_ea_000nw",
            "productImageURL": "https://a.fsimg.co.nz/product/retail/fan/image/master/5210048.png",
            "productDescription": "Product of New Zealand",
            "volume": "275mL",
            "multipack": {
                "quantity": "4"
            }
        },
        "priceData": {
            "bestPrice": "9.19",
            "price": "9.19",
            "pricePerLitre": 8.4,
            "bestPricePerLitre": 8.4
        },
        "store": {
            "id": "3a5fd4b8-6ea0-4a6c-aeec-5af83e093322",
            "name": "New World Thorndon"
        }
    },
    {
        "productData": {
            "name": "V Green Guarana Energy Drink Cans 10pk",
            "productId": "5210061_ea_000",
            "productShopPage": "https://www.newworld.co.nz/shop/product/5210061_ea_000nw",
            "productImageURL": "https://a.fsimg.co.nz/product/retail/fan/image/master/5210061.png",
            "productDescription": "Product of New Zealand",
            "volume": "200mL",
            "multipack": {
                "quantity": "10"
            }
        },
        "priceData": {
            "bestPrice": "15.29",
            "price": "15.29",
            "pricePerLitre": 7.6,
            "bestPricePerLitre": 7.6
        },
        "store": {
            "id": "3a5fd4b8-6ea0-4a6c-aeec-5af83e093322",
            "name": "New World Thorndon"
        }
    },
    {
        "productData": {
            "name": "V Original Guarana Energy Drink 500ml",
            "productId": "5007441_ea_000",
            "productShopPage": "https://www.newworld.co.nz/shop/product/5007441_ea_000nw",
            "productImageURL": "https://a.fsimg.co.nz/product/retail/fan/image/master/5007441.png",
            "productDescription": "Buy 2 for $5.00.\n\n\nContains Wheat Derivatives, Caffeine.\n\nProduct of New Zealand",
            "volume": "500mL",
            "multipack": {
                "quantity": "1"
            }
        },
        "priceData": {
            "bestPrice": 2.5,
            "price": 2.0,
            "pricePerLitre": 4.0,
            "bestPricePerLitre": 5.0,
            "multiBuy": {
                "quantity": 2.0,
                "value": 5.0,
                "perUnit": 2.5
            }
        },
        "store": {
            "id": "3a5fd4b8-6ea0-4a6c-aeec-5af83e093322",
            "name": "New World Thorndon"
        }
    },
    {
        "productData": {
            "name": "V Blue Guarana Energy Drink 10pk",
            "productId": "5290181_ea_000",
            "productShopPage": "https://www.newworld.co.nz/shop/product/5290181_ea_000nw",
            "productImageURL": "https://a.fsimg.co.nz/product/retail/fan/image/master/5290181.png",
            "productDescription": "Product of New Zealand",
            "volume": "250mL",
            "multipack": {
                "quantity": "10"
            }
        },
        "priceData": {
            "bestPrice": "17.99",
            "price": "17.99",
            "pricePerLitre": 7.2,
            "bestPricePerLitre": 7.2
        },
        "store": {
            "id": "b01a01ac-d6ef-45ef-b9fe-d66036d55b56",
            "name": "New World Pahiatua"
        }
    },
    {
        "productData": {
            "name": "V Blue Guarana Energy Drink 250ml",
            "productId": "5007495_ea_000",
            "productShopPage": "https://www.newworld.co.nz/shop/product/5007495_ea_000nw",
            "productImageURL": "https://a.fsimg.co.nz/product/retail/fan/image/master/5007495.png",
            "productDescription": "Contains Caffeine, Wheat Derivatives.\n\nProduct of New Zealand",
            "volume": "250mL",
            "multipack": {
                "quantity": "1"
            }
        },
        "priceData": {
            "bestPrice": "1.99",
            "price": "1.99",
            "pricePerLitre": 8.0,
            "bestPricePerLitre": 8.0
        },
        "store": {
            "id": "b01a01ac-d6ef-45ef-b9fe-d66036d55b56",
            "name": "New World Pahiatua"
        }
    },
    {
        "productData": {
            "name": "V Sugarfree Blue Guarana Energy Drink 4pk",
            "productId": "5289891_ea_000",
            "productShopPage": "https://www.newworld.co.nz/shop/product/5289891_ea_000nw",
            "productImageURL": "https://a.fsimg.co.nz/product/retail/fan/image/master/5289891.png",
            "productDescription": "Limit 12 assorted.\n\n\n\n\nProduct of New Zealand",
            "volume": "250mL",
            "multipack": {
                "quantity": "4"
            }
        },
        "priceData": {
            "bestPrice": "5.99",
            "price": "5.99",
            "pricePerLitre": 5.99,
            "bestPricePerLitre": 5.99
        },
        "store": {
            "id": "b01a01ac-d6ef-45ef-b9fe-d66036d55b56",
            "name": "New World Pahiatua"
        }
    },
    {
        "productData": {
            "name": "V Sugarfree Guarana Energy Drink 10pk",
            "productId": "5289890_ea_000",
            "productShopPage": "https://www.newworld.co.nz/shop/product/5289890_ea_000nw",
            "productImageURL": "https://a.fsimg.co.nz/product/retail/fan/image/master/5289890.png",
            "productDescription": "Product of New Zealand",
            "volume": "",
            "multipack": {
                "quantity": ""
            }
        },
        "priceData": {
            "bestPrice": "17.99",
            "price": "17.99",
            "pricePerLitre": 72.0,
            "bestPricePerLitre": 72.0
        },
        "store": {
            "id": "b01a01ac-d6ef-45ef-b9fe-d66036d55b56",
            "name": "New World Pahiatua"
        }
    },
    {
        "productData": {
            "name": "Live Plus Persist Energy Drink 250ml",
            "productId": "5236678_ea_000",
            "productShopPage": "https://www.newworld.co.nz/shop/product/5236678_ea_000nw",
            "productImageURL": "https://a.fsimg.co.nz/product/retail/fan/image/master/5236678.png",
            "productDescription": "Limit 12 assorted.\n\n\n\n\nProduct of New Zealand",
            "volume": "",
            "multipack": {
                "quantity": ""
            }
        },
        "priceData": {
            "bestPrice": "0.99",
            "price": "0.99"
        },
        "store": {
            "id": "b01a01ac-d6ef-45ef-b9fe-d66036d55b56",
            "name": "New World Pahiatua"
        }
    },
    {
        "productData": {
            "name": "V Green Guarana Energy Drink 10pk",
            "productId": "5289889_ea_000",
            "productShopPage": "https://www.newworld.co.nz/shop/product/5289889_ea_000nw",
            "productImageURL": "https://a.fsimg.co.nz/product/retail/fan/image/master/5289889.png",
            "productDescription": "Product of New Zealand",
            "volume": "250mL",
            "multipack": {
                "quantity": "10"
            }
        },
        "priceData": {
            "bestPrice": "17.99",
            "price": "17.99",
            "pricePerLitre": 7.2,
            "bestPricePerLitre": 7.2
        },
        "store": {
            "id": "b01a01ac-d6ef-45ef-b9fe-d66036d55b56",
            "name": "New World Pahiatua"
        }
    },
    {
        "productData": {
            "name": "V Sugarfree Blue Guarana Energy Drink 500ml",
            "productId": "5283362_ea_000",
            "productShopPage": "https://www.newworld.co.nz/shop/product/5283362_ea_000nw",
            "productImageURL": "https://a.fsimg.co.nz/product/retail/fan/image/master/5283362.png",
            "productDescription": "Sugar free\n\nProduct of New Zealand",
            "volume": "500mL",
            "multipack": {
                "quantity": "1"
            }
        },
        "priceData": {
            "bestPrice": "3.49",
            "price": "3.49",
            "pricePerLitre": 7.0,
            "bestPricePerLitre": 7.0
        },
        "store": {
            "id": "b01a01ac-d6ef-45ef-b9fe-d66036d55b56",
            "name": "New World Pahiatua"
        }
    },
    {
        "productData": {
            "name": "V Original Guarana Energy Drink 350ml",
            "productId": "5003156_ea_000",
            "productShopPage": "https://www.newworld.co.nz/shop/product/5003156_ea_000nw",
            "productImageURL": "https://a.fsimg.co.nz/product/retail/fan/image/master/5003156.png",
            "productDescription": "Buy 2 for $5.00.\n\n\nContains Caffeine.\n\nProduct of New Zealand",
            "volume": "350mL",
            "multipack": {
                "quantity": "1"
            }
        },
        "priceData": {
            "bestPrice": 2.5,
            "price": 2.0,
            "pricePerLitre": 5.714285714285714,
            "bestPricePerLitre": 7.142857142857143,
            "multiBuy": {
                "quantity": 2.0,
                "value": 5.0,
                "perUnit": 2.5
            }
        },
        "store": {
            "id": "b01a01ac-d6ef-45ef-b9fe-d66036d55b56",
            "name": "New World Pahiatua"
        }
    },
    {
        "productData": {
            "name": "V Blue Guarana Energy Drink 350ml",
            "productId": "5007492_ea_000",
            "productShopPage": "https://www.newworld.co.nz/shop/product/5007492_ea_000nw",
            "productImageURL": "https://a.fsimg.co.nz/product/retail/fan/image/master/5007492.png",
            "productDescription": "Buy 2 for $5.00.\n\n\nContains Caffeine, Wheat Derivatives.\n\nProduct of New Zealand",
            "volume": "350mL",
            "multipack": {
                "quantity": "1"
            }
        },
        "priceData": {
            "bestPrice": 2.5,
            "price": 2.0,
            "pricePerLitre": 5.714285714285714,
            "bestPricePerLitre": 7.142857142857143,
            "multiBuy": {
                "quantity": 2.0,
                "value": 5.0,
                "perUnit": 2.5
            }
        },
        "store": {
            "id": "b01a01ac-d6ef-45ef-b9fe-d66036d55b56",
            "name": "New World Pahiatua"
        }
    },
    {
        "productData": {
            "name": "V Blue Energy Drink 500ml",
            "productId": "5020662_ea_000",
            "productShopPage": "https://www.newworld.co.nz/shop/product/5020662_ea_000nw",
            "productImageURL": "https://a.fsimg.co.nz/product/retail/fan/image/master/5020662.png",
            "productDescription": "Buy 2 for $5.00.\n\n\n\n\nProduct of New Zealand",
            "volume": "500mL",
            "multipack": {
                "quantity": "1"
            }
        },
        "priceData": {
            "bestPrice": 2.5,
            "price": 2.0,
            "pricePerLitre": 4.0,
            "bestPricePerLitre": 5.0,
            "multiBuy": {
                "quantity": 2.0,
                "value": 5.0,
                "perUnit": 2.5
            }
        },
        "store": {
            "id": "b01a01ac-d6ef-45ef-b9fe-d66036d55b56",
            "name": "New World Pahiatua"
        }
    },
    {
        "productData": {
            "name": "V Blue Guarana Energy Drink 500ml",
            "productId": "5007494_ea_000",
            "productShopPage": "https://www.newworld.co.nz/shop/product/5007494_ea_000nw",
            "productImageURL": "https://a.fsimg.co.nz/product/retail/fan/image/master/5007494.png",
            "productDescription": "Contains Wheat Derivatives, Caffeine.\n\nProduct of New Zealand",
            "volume": "500mL",
            "multipack": {
                "quantity": "1"
            }
        },
        "priceData": {
            "bestPrice": "3.49",
            "price": "3.49",
            "pricePerLitre": 7.0,
            "bestPricePerLitre": 7.0
        },
        "store": {
            "id": "b01a01ac-d6ef-45ef-b9fe-d66036d55b56",
            "name": "New World Pahiatua"
        }
    },
    {
        "productData": {
            "name": "Red Bull Energy Drink 473ml",
            "productId": "5005255_ea_000",
            "productShopPage": "https://www.newworld.co.nz/shop/product/5005255_ea_000nw",
            "productImageURL": "https://a.fsimg.co.nz/product/retail/fan/image/master/5005255.png",
            "productDescription": "Red Bull Energy Drink's special formula contains ingredients of high quality: Caffeine, Taurine, B-Group Vitamins, Sugars, Alpine Water.One 250ml can of Red Bull Energy Drinks contains 80 mg of caffeine, about the same amount as in a cup of home-brewed coffee.The amount of sugars in a can of Red Bull Energy Drink is comparable to the level of sugars in an equivalent amount of apple or orange juice – 11 g per 100ml.Red Bull cans are made of 100% recyclable aluminium.Red Bull Energy Drink 473ml canVitalizes Body and Mind.®RED BULL GIVES YOU WINGSInspired by functional drinks from the Far East, Dietrich Mateschitz founded Red Bull in the mid-1980s. He developed a new product and a unique marketing concept and launched Red Bull Energy Drink on April 1, 1987 in Austria. A brand new product category - Energy Drinks - was born.\n\nProduct of Imported",
            "volume": "473mL",
            "multipack": {
                "quantity": "1"
            }
        },
        "priceData": {
            "bestPrice": "3.59",
            "price": "3.59",
            "pricePerLitre": 7.6,
            "bestPricePerLitre": 7.6
        },
        "store": {
            "id": "b01a01ac-d6ef-45ef-b9fe-d66036d55b56",
            "name": "New World Pahiatua"
        }
    },
    {
        "productData": {
            "name": "V Original Guarana Energy Drink 250ml",
            "productId": "5003151_ea_000",
            "productShopPage": "https://www.newworld.co.nz/shop/product/5003151_ea_000nw",
            "productImageURL": "https://a.fsimg.co.nz/product/retail/fan/image/master/5003151.png",
            "productDescription": "Contains Caffeine.\n\nProduct of New Zealand",
            "volume": "250mL",
            "multipack": {
                "quantity": "1"
            }
        },
        "priceData": {
            "bestPrice": "1.99",
            "price": "1.99",
            "pricePerLitre": 8.0,
            "bestPricePerLitre": 8.0
        },
        "store": {
            "id": "b01a01ac-d6ef-45ef-b9fe-d66036d55b56",
            "name": "New World Pahiatua"
        }
    },
    {
        "productData": {
            "name": "Red Bull Energy Drink 250ml Cans 4pk",
            "productId": "5001443_ea_000",
            "productShopPage": "https://www.newworld.co.nz/shop/product/5001443_ea_000nw",
            "productImageURL": "https://a.fsimg.co.nz/product/retail/fan/image/master/5001443.png",
            "productDescription": "Red Bull Energy Drink's special formula contains ingredients of high quality: Caffeine, Taurine, B-Group Vitamins, Sugars, Alpine Water.One 250ml can of Red Bull Energy Drinks contains 80 mg of caffeine, about the same amount as in a cup of home-brewed coffee.The amount of sugars in a can of Red Bull Energy Drink is comparable to the level of sugars in an equivalent amount of apple or orange juice – 11 g per 100ml.Red Bull cans are made of 100% recyclable aluminium.Pack of four 250ml Red Bull Energy Drink cansVitalizes Body and Mind.®RED BULL GIVES YOU WINGSInspired by functional drinks from the Far East, Dietrich Mateschitz founded Red Bull in the mid-1980s. He developed a new product and a unique marketing concept and launched Red Bull Energy Drink on April 1, 1987 in Austria. A brand new product category - Energy Drinks - was born.",
            "volume": "250mL",
            "multipack": {
                "quantity": "4"
            }
        },
        "priceData": {
            "bestPrice": "8.29",
            "price": "8.29",
            "pricePerLitre": 8.299999999999999,
            "bestPricePerLitre": 8.299999999999999
        },
        "store": {
            "id": "b01a01ac-d6ef-45ef-b9fe-d66036d55b56",
            "name": "New World Pahiatua"
        }
    },
    {
        "productData": {
            "name": "Lucozade Orange Energy Drink 380ml",
            "productId": "5009239_ea_000",
            "productShopPage": "https://www.newworld.co.nz/shop/product/5009239_ea_000nw",
            "productImageURL": "https://a.fsimg.co.nz/product/retail/fan/image/master/5009239.png",
            "productDescription": "Powered by Glucose.\n\nProduct of New Zealand",
            "volume": "380mL",
            "multipack": {
                "quantity": "1"
            }
        },
        "priceData": {
            "bestPrice": "2.69",
            "price": "2.69",
            "pricePerLitre": 7.08,
            "bestPricePerLitre": 7.08
        },
        "store": {
            "id": "b01a01ac-d6ef-45ef-b9fe-d66036d55b56",
            "name": "New World Pahiatua"
        }
    },
    {
        "productData": {
            "name": "Lucozade Original Energy Drink 380ml",
            "productId": "5009240_ea_000",
            "productShopPage": "https://www.newworld.co.nz/shop/product/5009240_ea_000nw",
            "productImageURL": "https://a.fsimg.co.nz/product/retail/fan/image/master/5009240.png",
            "productDescription": "Energy from Glucose.\n\nProduct of New Zealand",
            "volume": "380mL",
            "multipack": {
                "quantity": "1"
            }
        },
        "priceData": {
            "bestPrice": "2.69",
            "price": "2.69",
            "pricePerLitre": 7.08,
            "bestPricePerLitre": 7.08
        },
        "store": {
            "id": "b01a01ac-d6ef-45ef-b9fe-d66036d55b56",
            "name": "New World Pahiatua"
        }
    },
    {
        "productData": {
            "name": "Rockstar Original Energy Drink 500ml",
            "productId": "5215383_ea_000",
            "productShopPage": "https://www.newworld.co.nz/shop/product/5215383_ea_000nw",
            "productImageURL": "https://a.fsimg.co.nz/product/retail/fan/image/master/5215383.png",
            "productDescription": "Buy 3 for $5.00.\n\n\nCaffeine; B vitamins; Vitamin C; Taurine; Ginseng\n\nProduct of New Zealand",
            "volume": "500mL",
            "multipack": {
                "quantity": "1"
            }
        },
        "priceData": {
            "bestPrice": 1.6666666666666667,
            "price": 1.0,
            "pricePerLitre": 2.0,
            "bestPricePerLitre": 3.3333333333333335,
            "multiBuy": {
                "quantity": 3.0,
                "value": 5.0,
                "perUnit": 1.6666666666666667
            }
        },
        "store": {
            "id": "b01a01ac-d6ef-45ef-b9fe-d66036d55b56",
            "name": "New World Pahiatua"
        }
    },
    {
        "productData": {
            "name": "V Berry Twist Sugar Free Can 500ml",
            "productId": "5254654_ea_000",
            "productShopPage": "https://www.newworld.co.nz/shop/product/5254654_ea_000nw",
            "productImageURL": "https://a.fsimg.co.nz/product/retail/fan/image/master/5254654.png",
            "productDescription": "Sugarfree\n\nProduct of New Zealand",
            "volume": "500mL",
            "multipack": {
                "quantity": "1"
            }
        },
        "priceData": {
            "bestPrice": "3.49",
            "price": "3.49",
            "pricePerLitre": 7.0,
            "bestPricePerLitre": 7.0
        },
        "store": {
            "id": "b01a01ac-d6ef-45ef-b9fe-d66036d55b56",
            "name": "New World Pahiatua"
        }
    },
    {
        "productData": {
            "name": "V Raspberry Lemonade Can 500ml",
            "productId": "5264523_ea_000",
            "productShopPage": "https://www.newworld.co.nz/shop/product/5264523_ea_000nw",
            "productImageURL": "https://a.fsimg.co.nz/product/retail/fan/image/master/5264523.png",
            "productDescription": "Product of New Zealand",
            "volume": "500mL",
            "multipack": {
                "quantity": "1"
            }
        },
        "priceData": {
            "bestPrice": "3.49",
            "price": "3.49",
            "pricePerLitre": 7.0,
            "bestPricePerLitre": 7.0
        },
        "store": {
            "id": "b01a01ac-d6ef-45ef-b9fe-d66036d55b56",
            "name": "New World Pahiatua"
        }
    },
    {
        "productData": {
            "name": "V Energy Drink Sugarfree Cans 4pk",
            "productId": "5004117_ea_000",
            "productShopPage": "https://www.newworld.co.nz/shop/product/5004117_ea_000nw",
            "productImageURL": "https://a.fsimg.co.nz/product/retail/fan/image/master/5004117.png",
            "productDescription": "Limit 12 assorted.\n\n\nSugar Free. Contains Caffeine.\n\nProduct of New Zealand",
            "volume": "250mL",
            "multipack": {
                "quantity": "4"
            }
        },
        "priceData": {
            "bestPrice": "5.99",
            "price": "5.99",
            "pricePerLitre": 5.99,
            "bestPricePerLitre": 5.99
        },
        "store": {
            "id": "b01a01ac-d6ef-45ef-b9fe-d66036d55b56",
            "name": "New World Pahiatua"
        }
    },
    {
        "productData": {
            "name": "Monster Mule Energy Drink 500ml",
            "productId": "5269459_ea_000",
            "productShopPage": "https://www.newworld.co.nz/shop/product/5269459_ea_000nw",
            "productImageURL": "https://a.fsimg.co.nz/product/retail/fan/image/master/5269459.png",
            "productDescription": "Product of Imported",
            "volume": "500mL",
            "multipack": {
                "quantity": "1"
            }
        },
        "priceData": {
            "bestPrice": "2.99",
            "price": "2.99",
            "pricePerLitre": 6.0,
            "bestPricePerLitre": 6.0
        },
        "store": {
            "id": "b01a01ac-d6ef-45ef-b9fe-d66036d55b56",
            "name": "New World Pahiatua"
        }
    },
    {
        "productData": {
            "name": "Monster Ultra Paradise Energy Drink 500ml",
            "productId": "5261257_ea_000",
            "productShopPage": "https://www.newworld.co.nz/shop/product/5261257_ea_000nw",
            "productImageURL": "https://a.fsimg.co.nz/product/retail/fan/image/master/5261257.png",
            "productDescription": "Product of Imported",
            "volume": "500mL",
            "multipack": {
                "quantity": "1"
            }
        },
        "priceData": {
            "bestPrice": "2.99",
            "price": "2.99",
            "pricePerLitre": 6.0,
            "bestPricePerLitre": 6.0
        },
        "store": {
            "id": "b01a01ac-d6ef-45ef-b9fe-d66036d55b56",
            "name": "New World Pahiatua"
        }
    },
    {
        "productData": {
            "name": "Monster Ultra Zero Drink 500ml",
            "productId": "5090618_ea_000",
            "productShopPage": "https://www.newworld.co.nz/shop/product/5090618_ea_000nw",
            "productImageURL": "https://a.fsimg.co.nz/product/retail/fan/image/master/5090618.png",
            "productDescription": "A little less sweet, lighter-tasting, zero calories, but with a full load of our Monster energy blend. Sure, white is the new black. Monster Energy Zero Ultra. Unleash the Ultra Beast!\n\nProduct of Imported",
            "volume": "500mL",
            "multipack": {
                "quantity": "1"
            }
        },
        "priceData": {
            "bestPrice": "2.99",
            "price": "2.99",
            "pricePerLitre": 6.0,
            "bestPricePerLitre": 6.0
        },
        "store": {
            "id": "b01a01ac-d6ef-45ef-b9fe-d66036d55b56",
            "name": "New World Pahiatua"
        }
    },
    {
        "productData": {
            "name": "Mother Energy Drink Can 500ml",
            "productId": "5011153_ea_000",
            "productShopPage": "https://www.newworld.co.nz/shop/product/5011153_ea_000nw",
            "productImageURL": "https://a.fsimg.co.nz/product/retail/fan/image/master/5011153.png",
            "productDescription": "Contains Caffeine.\n\nProduct of New Zealand",
            "volume": "500mL",
            "multipack": {
                "quantity": "1"
            }
        },
        "priceData": {
            "bestPrice": "1.99",
            "price": "1.99",
            "pricePerLitre": 4.0,
            "bestPricePerLitre": 4.0
        },
        "store": {
            "id": "b01a01ac-d6ef-45ef-b9fe-d66036d55b56",
            "name": "New World Pahiatua"
        }
    },
    {
        "productData": {
            "name": "Mother Energy Drink Can 6pk",
            "productId": "5009490_ea_000",
            "productShopPage": "https://www.newworld.co.nz/shop/product/5009490_ea_000nw",
            "productImageURL": "https://a.fsimg.co.nz/product/retail/fan/image/master/5009490.png",
            "productDescription": "Contains Caffeine.\n\nProduct of New Zealand",
            "volume": "250mL",
            "multipack": {
                "quantity": "6"
            }
        },
        "priceData": {
            "bestPrice": "7.49",
            "price": "7.49",
            "pricePerLitre": 5.0,
            "bestPricePerLitre": 5.0
        },
        "store": {
            "id": "b01a01ac-d6ef-45ef-b9fe-d66036d55b56",
            "name": "New World Pahiatua"
        }
    },
    {
        "productData": {
            "name": "Monster Energy Drink 500ml",
            "productId": "5007647_ea_000",
            "productShopPage": "https://www.newworld.co.nz/shop/product/5007647_ea_000nw",
            "productImageURL": "https://a.fsimg.co.nz/product/retail/fan/image/master/5007647.png",
            "productDescription": "Contains Caffeine.\n\nProduct of Imported",
            "volume": "500mL",
            "multipack": {
                "quantity": "1"
            }
        },
        "priceData": {
            "bestPrice": "2.99",
            "price": "2.99",
            "pricePerLitre": 6.0,
            "bestPricePerLitre": 6.0
        },
        "store": {
            "id": "b01a01ac-d6ef-45ef-b9fe-d66036d55b56",
            "name": "New World Pahiatua"
        }
    },
    {
        "productData": {
            "name": "V Sugarfree Guarana Energy Drink 500ml",
            "productId": "5007644_ea_000",
            "productShopPage": "https://www.newworld.co.nz/shop/product/5007644_ea_000nw",
            "productImageURL": "https://a.fsimg.co.nz/product/retail/fan/image/master/5007644.png",
            "productDescription": "Sugar Free.\n\nProduct of New Zealand",
            "volume": "500mL",
            "multipack": {
                "quantity": "1"
            }
        },
        "priceData": {
            "bestPrice": "3.49",
            "price": "3.49",
            "pricePerLitre": 7.0,
            "bestPricePerLitre": 7.0
        },
        "store": {
            "id": "b01a01ac-d6ef-45ef-b9fe-d66036d55b56",
            "name": "New World Pahiatua"
        }
    },
    {
        "productData": {
            "name": "V Original Guarana Energy Drink 500ml",
            "productId": "5004703_ea_000",
            "productShopPage": "https://www.newworld.co.nz/shop/product/5004703_ea_000nw",
            "productImageURL": "https://a.fsimg.co.nz/product/retail/fan/image/master/5004703.png",
            "productDescription": "Contains Caffeine.\n\nProduct of New Zealand",
            "volume": "500mL",
            "multipack": {
                "quantity": "1"
            }
        },
        "priceData": {
            "bestPrice": "3.49",
            "price": "3.49",
            "pricePerLitre": 7.0,
            "bestPricePerLitre": 7.0
        },
        "store": {
            "id": "b01a01ac-d6ef-45ef-b9fe-d66036d55b56",
            "name": "New World Pahiatua"
        }
    },
    {
        "productData": {
            "name": "V Original Guarana Energy Drink 500ml",
            "productId": "5007441_ea_000",
            "productShopPage": "https://www.newworld.co.nz/shop/product/5007441_ea_000nw",
            "productImageURL": "https://a.fsimg.co.nz/product/retail/fan/image/master/5007441.png",
            "productDescription": "Buy 2 for $5.00.\n\n\nContains Wheat Derivatives, Caffeine.\n\nProduct of New Zealand",
            "volume": "500mL",
            "multipack": {
                "quantity": "1"
            }
        },
        "priceData": {
            "bestPrice": 2.5,
            "price": 2.0,
            "pricePerLitre": 4.0,
            "bestPricePerLitre": 5.0,
            "multiBuy": {
                "quantity": 2.0,
                "value": 5.0,
                "perUnit": 2.5
            }
        },
        "store": {
            "id": "b01a01ac-d6ef-45ef-b9fe-d66036d55b56",
            "name": "New World Pahiatua"
        }
    },
    {
        "productData": {
            "name": "V Blue Guarana Energy Drink 10pk",
            "productId": "5290181_ea_000",
            "productShopPage": "https://www.newworld.co.nz/shop/product/5290181_ea_000nw",
            "productImageURL": "https://a.fsimg.co.nz/product/retail/fan/image/master/5290181.png",
            "productDescription": "Product of New Zealand",
            "volume": "250mL",
            "multipack": {
                "quantity": "10"
            }
        },
        "priceData": {
            "bestPrice": "17.99",
            "price": "17.99",
            "pricePerLitre": 7.2,
            "bestPricePerLitre": 7.2
        },
        "store": {
            "id": "ef977d89-f3d8-4e8b-8a48-b895ded38646",
            "name": "New World Papakura"
        }
    },
    {
        "productData": {
            "name": "V Blue Guarana Energy Drink 250ml",
            "productId": "5007495_ea_000",
            "productShopPage": "https://www.newworld.co.nz/shop/product/5007495_ea_000nw",
            "productImageURL": "https://a.fsimg.co.nz/product/retail/fan/image/master/5007495.png",
            "productDescription": "Contains Caffeine, Wheat Derivatives.\n\nProduct of New Zealand",
            "volume": "250mL",
            "multipack": {
                "quantity": "1"
            }
        },
        "priceData": {
            "bestPrice": "1.99",
            "price": "1.99",
            "pricePerLitre": 8.0,
            "bestPricePerLitre": 8.0
        },
        "store": {
            "id": "ef977d89-f3d8-4e8b-8a48-b895ded38646",
            "name": "New World Papakura"
        }
    },
    {
        "productData": {
            "name": "V Sugarfree Blue Guarana Energy Drink 4pk",
            "productId": "5289891_ea_000",
            "productShopPage": "https://www.newworld.co.nz/shop/product/5289891_ea_000nw",
            "productImageURL": "https://a.fsimg.co.nz/product/retail/fan/image/master/5289891.png",
            "productDescription": "Limit 12 assorted.\n\n\n\n\nProduct of New Zealand",
            "volume": "250mL",
            "multipack": {
                "quantity": "4"
            }
        },
        "priceData": {
            "bestPrice": "5.99",
            "price": "5.99",
            "pricePerLitre": 5.99,
            "bestPricePerLitre": 5.99
        },
        "store": {
            "id": "ef977d89-f3d8-4e8b-8a48-b895ded38646",
            "name": "New World Papakura"
        }
    },
    {
        "productData": {
            "name": "V Sugarfree Guarana Energy Drink 250ml",
            "productId": "5001639_ea_000",
            "productShopPage": "https://www.newworld.co.nz/shop/product/5001639_ea_000nw",
            "productImageURL": "https://a.fsimg.co.nz/product/retail/fan/image/master/5001639.png",
            "productDescription": "Sugar Free. Contains Caffeine.\n\nProduct of New Zealand",
            "volume": "250mL",
            "multipack": {
                "quantity": "1"
            }
        },
        "priceData": {
            "bestPrice": "1.99",
            "price": "1.99",
            "pricePerLitre": 8.0,
            "bestPricePerLitre": 8.0
        },
        "store": {
            "id": "ef977d89-f3d8-4e8b-8a48-b895ded38646",
            "name": "New World Papakura"
        }
    },
    {
        "productData": {
            "name": "V Sugarfree Guarana Energy Drink 10pk",
            "productId": "5289890_ea_000",
            "productShopPage": "https://www.newworld.co.nz/shop/product/5289890_ea_000nw",
            "productImageURL": "https://a.fsimg.co.nz/product/retail/fan/image/master/5289890.png",
            "productDescription": "Product of New Zealand",
            "volume": "",
            "multipack": {
                "quantity": ""
            }
        },
        "priceData": {
            "bestPrice": "17.99",
            "price": "17.99",
            "pricePerLitre": 72.0,
            "bestPricePerLitre": 72.0
        },
        "store": {
            "id": "ef977d89-f3d8-4e8b-8a48-b895ded38646",
            "name": "New World Papakura"
        }
    },
    {
        "productData": {
            "name": "V Green Guarana Energy Drink 6pk",
            "productId": "5272987_ea_000",
            "productShopPage": "https://www.newworld.co.nz/shop/product/5272987_ea_000nw",
            "productImageURL": "https://a.fsimg.co.nz/product/retail/fan/image/master/5272987.png",
            "productDescription": "Product of New Zealand",
            "volume": "330mL",
            "multipack": {
                "quantity": "6"
            }
        },
        "priceData": {
            "bestPrice": "11.99",
            "price": "11.99",
            "pricePerLitre": 6.05,
            "bestPricePerLitre": 6.05
        },
        "store": {
            "id": "ef977d89-f3d8-4e8b-8a48-b895ded38646",
            "name": "New World Papakura"
        }
    },
    {
        "productData": {
            "name": "Live Plus Persist Energy Drink 250ml",
            "productId": "5236678_ea_000",
            "productShopPage": "https://www.newworld.co.nz/shop/product/5236678_ea_000nw",
            "productImageURL": "https://a.fsimg.co.nz/product/retail/fan/image/master/5236678.png",
            "productDescription": "Limit 12 assorted.\n\n\n\n\nProduct of New Zealand",
            "volume": "",
            "multipack": {
                "quantity": ""
            }
        },
        "priceData": {
            "bestPrice": "0.99",
            "price": "0.99"
        },
        "store": {
            "id": "ef977d89-f3d8-4e8b-8a48-b895ded38646",
            "name": "New World Papakura"
        }
    },
    {
        "productData": {
            "name": "V Green Guarana Energy Drink 10pk",
            "productId": "5289889_ea_000",
            "productShopPage": "https://www.newworld.co.nz/shop/product/5289889_ea_000nw",
            "productImageURL": "https://a.fsimg.co.nz/product/retail/fan/image/master/5289889.png",
            "productDescription": "Product of New Zealand",
            "volume": "250mL",
            "multipack": {
                "quantity": "10"
            }
        },
        "priceData": {
            "bestPrice": "17.99",
            "price": "17.99",
            "pricePerLitre": 7.2,
            "bestPricePerLitre": 7.2
        },
        "store": {
            "id": "ef977d89-f3d8-4e8b-8a48-b895ded38646",
            "name": "New World Papakura"
        }
    },
    {
        "productData": {
            "name": "V Sugarfree Blue Guarana Energy Drink 500ml",
            "productId": "5283362_ea_000",
            "productShopPage": "https://www.newworld.co.nz/shop/product/5283362_ea_000nw",
            "productImageURL": "https://a.fsimg.co.nz/product/retail/fan/image/master/5283362.png",
            "productDescription": "Sugar free\n\nProduct of New Zealand",
            "volume": "500mL",
            "multipack": {
                "quantity": "1"
            }
        },
        "priceData": {
            "bestPrice": "3.49",
            "price": "3.49",
            "pricePerLitre": 7.0,
            "bestPricePerLitre": 7.0
        },
        "store": {
            "id": "ef977d89-f3d8-4e8b-8a48-b895ded38646",
            "name": "New World Papakura"
        }
    },
    {
        "productData": {
            "name": "V Original Guarana Energy Drink 350ml",
            "productId": "5003156_ea_000",
            "productShopPage": "https://www.newworld.co.nz/shop/product/5003156_ea_000nw",
            "productImageURL": "https://a.fsimg.co.nz/product/retail/fan/image/master/5003156.png",
            "productDescription": "Buy 2 for $5.00.\n\n\nContains Caffeine.\n\nProduct of New Zealand",
            "volume": "350mL",
            "multipack": {
                "quantity": "1"
            }
        },
        "priceData": {
            "bestPrice": 2.5,
            "price": 2.0,
            "pricePerLitre": 5.714285714285714,
            "bestPricePerLitre": 7.142857142857143,
            "multiBuy": {
                "quantity": 2.0,
                "value": 5.0,
                "perUnit": 2.5
            }
        },
        "store": {
            "id": "ef977d89-f3d8-4e8b-8a48-b895ded38646",
            "name": "New World Papakura"
        }
    },
    {
        "productData": {
            "name": "V Blue Guarana Energy Drink 350ml",
            "productId": "5007492_ea_000",
            "productShopPage": "https://www.newworld.co.nz/shop/product/5007492_ea_000nw",
            "productImageURL": "https://a.fsimg.co.nz/product/retail/fan/image/master/5007492.png",
            "productDescription": "Buy 2 for $5.00.\n\n\nContains Caffeine, Wheat Derivatives.\n\nProduct of New Zealand",
            "volume": "350mL",
            "multipack": {
                "quantity": "1"
            }
        },
        "priceData": {
            "bestPrice": 2.5,
            "price": 2.0,
            "pricePerLitre": 5.714285714285714,
            "bestPricePerLitre": 7.142857142857143,
            "multiBuy": {
                "quantity": 2.0,
                "value": 5.0,
                "perUnit": 2.5
            }
        },
        "store": {
            "id": "ef977d89-f3d8-4e8b-8a48-b895ded38646",
            "name": "New World Papakura"
        }
    },
    {
        "productData": {
            "name": "V Blue Guarana Energy Drink 500ml",
            "productId": "5007494_ea_000",
            "productShopPage": "https://www.newworld.co.nz/shop/product/5007494_ea_000nw",
            "productImageURL": "https://a.fsimg.co.nz/product/retail/fan/image/master/5007494.png",
            "productDescription": "Contains Wheat Derivatives, Caffeine.\n\nProduct of New Zealand",
            "volume": "500mL",
            "multipack": {
                "quantity": "1"
            }
        },
        "priceData": {
            "bestPrice": "3.49",
            "price": "3.49",
            "pricePerLitre": 7.0,
            "bestPricePerLitre": 7.0
        },
        "store": {
            "id": "ef977d89-f3d8-4e8b-8a48-b895ded38646",
            "name": "New World Papakura"
        }
    },
    {
        "productData": {
            "name": "Red Bull Energy Drink 473ml",
            "productId": "5005255_ea_000",
            "productShopPage": "https://www.newworld.co.nz/shop/product/5005255_ea_000nw",
            "productImageURL": "https://a.fsimg.co.nz/product/retail/fan/image/master/5005255.png",
            "productDescription": "Red Bull Energy Drink's special formula contains ingredients of high quality: Caffeine, Taurine, B-Group Vitamins, Sugars, Alpine Water.One 250ml can of Red Bull Energy Drinks contains 80 mg of caffeine, about the same amount as in a cup of home-brewed coffee.The amount of sugars in a can of Red Bull Energy Drink is comparable to the level of sugars in an equivalent amount of apple or orange juice – 11 g per 100ml.Red Bull cans are made of 100% recyclable aluminium.Red Bull Energy Drink 473ml canVitalizes Body and Mind.®RED BULL GIVES YOU WINGSInspired by functional drinks from the Far East, Dietrich Mateschitz founded Red Bull in the mid-1980s. He developed a new product and a unique marketing concept and launched Red Bull Energy Drink on April 1, 1987 in Austria. A brand new product category - Energy Drinks - was born.\n\nProduct of Imported",
            "volume": "473mL",
            "multipack": {
                "quantity": "1"
            }
        },
        "priceData": {
            "bestPrice": "3.59",
            "price": "3.59",
            "pricePerLitre": 7.6,
            "bestPricePerLitre": 7.6
        },
        "store": {
            "id": "ef977d89-f3d8-4e8b-8a48-b895ded38646",
            "name": "New World Papakura"
        }
    },
    {
        "productData": {
            "name": "V Original Guarana Energy Drink 250ml",
            "productId": "5003151_ea_000",
            "productShopPage": "https://www.newworld.co.nz/shop/product/5003151_ea_000nw",
            "productImageURL": "https://a.fsimg.co.nz/product/retail/fan/image/master/5003151.png",
            "productDescription": "Contains Caffeine.\n\nProduct of New Zealand",
            "volume": "250mL",
            "multipack": {
                "quantity": "1"
            }
        },
        "priceData": {
            "bestPrice": "1.99",
            "price": "1.99",
            "pricePerLitre": 8.0,
            "bestPricePerLitre": 8.0
        },
        "store": {
            "id": "ef977d89-f3d8-4e8b-8a48-b895ded38646",
            "name": "New World Papakura"
        }
    },
    {
        "productData": {
            "name": "Red Bull Energy Drink 250ml Cans 4pk",
            "productId": "5001443_ea_000",
            "productShopPage": "https://www.newworld.co.nz/shop/product/5001443_ea_000nw",
            "productImageURL": "https://a.fsimg.co.nz/product/retail/fan/image/master/5001443.png",
            "productDescription": "Red Bull Energy Drink's special formula contains ingredients of high quality: Caffeine, Taurine, B-Group Vitamins, Sugars, Alpine Water.One 250ml can of Red Bull Energy Drinks contains 80 mg of caffeine, about the same amount as in a cup of home-brewed coffee.The amount of sugars in a can of Red Bull Energy Drink is comparable to the level of sugars in an equivalent amount of apple or orange juice – 11 g per 100ml.Red Bull cans are made of 100% recyclable aluminium.Pack of four 250ml Red Bull Energy Drink cansVitalizes Body and Mind.®RED BULL GIVES YOU WINGSInspired by functional drinks from the Far East, Dietrich Mateschitz founded Red Bull in the mid-1980s. He developed a new product and a unique marketing concept and launched Red Bull Energy Drink on April 1, 1987 in Austria. A brand new product category - Energy Drinks - was born.",
            "volume": "250mL",
            "multipack": {
                "quantity": "4"
            }
        },
        "priceData": {
            "bestPrice": "8.29",
            "price": "8.29",
            "pricePerLitre": 8.299999999999999,
            "bestPricePerLitre": 8.299999999999999
        },
        "store": {
            "id": "ef977d89-f3d8-4e8b-8a48-b895ded38646",
            "name": "New World Papakura"
        }
    },
    {
        "productData": {
            "name": "Lucozade Orange Energy Drink 380ml",
            "productId": "5009239_ea_000",
            "productShopPage": "https://www.newworld.co.nz/shop/product/5009239_ea_000nw",
            "productImageURL": "https://a.fsimg.co.nz/product/retail/fan/image/master/5009239.png",
            "productDescription": "Powered by Glucose.\n\nProduct of New Zealand",
            "volume": "380mL",
            "multipack": {
                "quantity": "1"
            }
        },
        "priceData": {
            "bestPrice": "2.69",
            "price": "2.69",
            "pricePerLitre": 7.08,
            "bestPricePerLitre": 7.08
        },
        "store": {
            "id": "ef977d89-f3d8-4e8b-8a48-b895ded38646",
            "name": "New World Papakura"
        }
    },
    {
        "productData": {
            "name": "V Pure Natural Energy Drink Glass Bottle 330ml",
            "productId": "5237753_ea_000",
            "productShopPage": "https://www.newworld.co.nz/shop/product/5237753_ea_000nw",
            "productImageURL": "https://a.fsimg.co.nz/product/retail/fan/image/master/5237753.png",
            "productDescription": "Buy 2 for $5.00.\n\n\nNothing artificial\n\nProduct of New Zealand",
            "volume": "330mL",
            "multipack": {
                "quantity": "1"
            }
        },
        "priceData": {
            "bestPrice": 2.5,
            "price": 2.0,
            "pricePerLitre": 6.0606060606060606,
            "bestPricePerLitre": 7.575757575757575,
            "multiBuy": {
                "quantity": 2.0,
                "value": 5.0,
                "perUnit": 2.5
            }
        },
        "store": {
            "id": "ef977d89-f3d8-4e8b-8a48-b895ded38646",
            "name": "New World Papakura"
        }
    },
    {
        "productData": {
            "name": "Lucozade Original Energy Drink 380ml",
            "productId": "5009240_ea_000",
            "productShopPage": "https://www.newworld.co.nz/shop/product/5009240_ea_000nw",
            "productImageURL": "https://a.fsimg.co.nz/product/retail/fan/image/master/5009240.png",
            "productDescription": "Energy from Glucose.\n\nProduct of New Zealand",
            "volume": "380mL",
            "multipack": {
                "quantity": "1"
            }
        },
        "priceData": {
            "bestPrice": "2.69",
            "price": "2.69",
            "pricePerLitre": 7.08,
            "bestPricePerLitre": 7.08
        },
        "store": {
            "id": "ef977d89-f3d8-4e8b-8a48-b895ded38646",
            "name": "New World Papakura"
        }
    },
    {
        "productData": {
            "name": "V Raspberry Lemonade Can 500ml",
            "productId": "5264523_ea_000",
            "productShopPage": "https://www.newworld.co.nz/shop/product/5264523_ea_000nw",
            "productImageURL": "https://a.fsimg.co.nz/product/retail/fan/image/master/5264523.png",
            "productDescription": "Product of New Zealand",
            "volume": "500mL",
            "multipack": {
                "quantity": "1"
            }
        },
        "priceData": {
            "bestPrice": "3.49",
            "price": "3.49",
            "pricePerLitre": 7.0,
            "bestPricePerLitre": 7.0
        },
        "store": {
            "id": "ef977d89-f3d8-4e8b-8a48-b895ded38646",
            "name": "New World Papakura"
        }
    },
    {
        "productData": {
            "name": "V Blue Guarana Energy Drink 6pk",
            "productId": "5272988_ea_000",
            "productShopPage": "https://www.newworld.co.nz/shop/product/5272988_ea_000nw",
            "productImageURL": "https://a.fsimg.co.nz/product/retail/fan/image/master/5272988.png",
            "productDescription": "Product of New Zealand",
            "volume": "330mL",
            "multipack": {
                "quantity": "6"
            }
        },
        "priceData": {
            "bestPrice": "11.99",
            "price": "11.99",
            "pricePerLitre": 6.05,
            "bestPricePerLitre": 6.05
        },
        "store": {
            "id": "ef977d89-f3d8-4e8b-8a48-b895ded38646",
            "name": "New World Papakura"
        }
    },
    {
        "productData": {
            "name": "V Blue Can 4pk",
            "productId": "5030249_ea_000",
            "productShopPage": "https://www.newworld.co.nz/shop/product/5030249_ea_000nw",
            "productImageURL": "https://a.fsimg.co.nz/product/retail/fan/image/master/5030249.png",
            "productDescription": "Limit 12 assorted.\n\n\nContains Wheat Derivatives, Caffeine.\n\nProduct of New Zealand",
            "volume": "250mL",
            "multipack": {
                "quantity": "4"
            }
        },
        "priceData": {
            "bestPrice": "5.99",
            "price": "5.99",
            "pricePerLitre": 5.99,
            "bestPricePerLitre": 5.99
        },
        "store": {
            "id": "ef977d89-f3d8-4e8b-8a48-b895ded38646",
            "name": "New World Papakura"
        }
    },
    {
        "productData": {
            "name": "V Energy Drink Sugarfree Cans 4pk",
            "productId": "5004117_ea_000",
            "productShopPage": "https://www.newworld.co.nz/shop/product/5004117_ea_000nw",
            "productImageURL": "https://a.fsimg.co.nz/product/retail/fan/image/master/5004117.png",
            "productDescription": "Limit 12 assorted.\n\n\nSugar Free. Contains Caffeine.\n\nProduct of New Zealand",
            "volume": "250mL",
            "multipack": {
                "quantity": "4"
            }
        },
        "priceData": {
            "bestPrice": "5.99",
            "price": "5.99",
            "pricePerLitre": 5.99,
            "bestPricePerLitre": 5.99
        },
        "store": {
            "id": "ef977d89-f3d8-4e8b-8a48-b895ded38646",
            "name": "New World Papakura"
        }
    },
    {
        "productData": {
            "name": "Monster Zero Sugar Ultra Rosa Energy Drink 500ml",
            "productId": "5278094_ea_000",
            "productShopPage": "https://www.newworld.co.nz/shop/product/5278094_ea_000nw",
            "productImageURL": "https://a.fsimg.co.nz/product/retail/fan/image/master/5278094.png",
            "productDescription": "Product of Imported",
            "volume": "500mL",
            "multipack": {
                "quantity": "1"
            }
        },
        "priceData": {
            "bestPrice": "2.99",
            "price": "2.99",
            "pricePerLitre": 6.0,
            "bestPricePerLitre": 6.0
        },
        "store": {
            "id": "ef977d89-f3d8-4e8b-8a48-b895ded38646",
            "name": "New World Papakura"
        }
    },
    {
        "productData": {
            "name": "Monster Mule Energy Drink 500ml",
            "productId": "5269459_ea_000",
            "productShopPage": "https://www.newworld.co.nz/shop/product/5269459_ea_000nw",
            "productImageURL": "https://a.fsimg.co.nz/product/retail/fan/image/master/5269459.png",
            "productDescription": "Product of Imported",
            "volume": "500mL",
            "multipack": {
                "quantity": "1"
            }
        },
        "priceData": {
            "bestPrice": "2.99",
            "price": "2.99",
            "pricePerLitre": 6.0,
            "bestPricePerLitre": 6.0
        },
        "store": {
            "id": "ef977d89-f3d8-4e8b-8a48-b895ded38646",
            "name": "New World Papakura"
        }
    },
    {
        "productData": {
            "name": "Monster Ultra Paradise Energy Drink 500ml",
            "productId": "5261257_ea_000",
            "productShopPage": "https://www.newworld.co.nz/shop/product/5261257_ea_000nw",
            "productImageURL": "https://a.fsimg.co.nz/product/retail/fan/image/master/5261257.png",
            "productDescription": "Product of Imported",
            "volume": "500mL",
            "multipack": {
                "quantity": "1"
            }
        },
        "priceData": {
            "bestPrice": "2.99",
            "price": "2.99",
            "pricePerLitre": 6.0,
            "bestPricePerLitre": 6.0
        },
        "store": {
            "id": "ef977d89-f3d8-4e8b-8a48-b895ded38646",
            "name": "New World Papakura"
        }
    },
    {
        "productData": {
            "name": "V Energy Drink Green Cans 4pk",
            "productId": "5002893_ea_000",
            "productShopPage": "https://www.newworld.co.nz/shop/product/5002893_ea_000nw",
            "productImageURL": "https://a.fsimg.co.nz/product/retail/fan/image/master/5002893.png",
            "productDescription": "Limit 12 assorted.\n\n\nContains Caffeine.\n\nProduct of New Zealand",
            "volume": "250mL",
            "multipack": {
                "quantity": "4"
            }
        },
        "priceData": {
            "bestPrice": "5.99",
            "price": "5.99",
            "pricePerLitre": 5.99,
            "bestPricePerLitre": 5.99
        },
        "store": {
            "id": "ef977d89-f3d8-4e8b-8a48-b895ded38646",
            "name": "New World Papakura"
        }
    },
    {
        "productData": {
            "name": "Monster Ultra Zero Drink 500ml",
            "productId": "5090618_ea_000",
            "productShopPage": "https://www.newworld.co.nz/shop/product/5090618_ea_000nw",
            "productImageURL": "https://a.fsimg.co.nz/product/retail/fan/image/master/5090618.png",
            "productDescription": "A little less sweet, lighter-tasting, zero calories, but with a full load of our Monster energy blend. Sure, white is the new black. Monster Energy Zero Ultra. Unleash the Ultra Beast!\n\nProduct of Imported",
            "volume": "500mL",
            "multipack": {
                "quantity": "1"
            }
        },
        "priceData": {
            "bestPrice": "2.99",
            "price": "2.99",
            "pricePerLitre": 6.0,
            "bestPricePerLitre": 6.0
        },
        "store": {
            "id": "ef977d89-f3d8-4e8b-8a48-b895ded38646",
            "name": "New World Papakura"
        }
    },
    {
        "productData": {
            "name": "Monster Super Fuel Zero Sugar Energy Drink 550ml",
            "productId": "5284331_ea_000",
            "productShopPage": "https://www.newworld.co.nz/shop/product/5284331_ea_000nw",
            "productImageURL": "https://a.fsimg.co.nz/product/retail/fan/image/master/5284331.png",
            "productDescription": "Product of Imported",
            "volume": "550mL",
            "multipack": {
                "quantity": "1"
            }
        },
        "priceData": {
            "bestPrice": "3.49",
            "price": "3.49",
            "pricePerLitre": 6.345454545454546,
            "bestPricePerLitre": 6.345454545454546
        },
        "store": {
            "id": "ef977d89-f3d8-4e8b-8a48-b895ded38646",
            "name": "New World Papakura"
        }
    },
    {
        "productData": {
            "name": "Mother Energy Drink Can 500ml",
            "productId": "5011153_ea_000",
            "productShopPage": "https://www.newworld.co.nz/shop/product/5011153_ea_000nw",
            "productImageURL": "https://a.fsimg.co.nz/product/retail/fan/image/master/5011153.png",
            "productDescription": "Contains Caffeine.\n\nProduct of New Zealand",
            "volume": "500mL",
            "multipack": {
                "quantity": "1"
            }
        },
        "priceData": {
            "bestPrice": "1.99",
            "price": "1.99",
            "pricePerLitre": 4.0,
            "bestPricePerLitre": 4.0
        },
        "store": {
            "id": "ef977d89-f3d8-4e8b-8a48-b895ded38646",
            "name": "New World Papakura"
        }
    },
    {
        "productData": {
            "name": "Monster Super Fuel Purple Passion Energy Drink 550ml",
            "productId": "5284332_ea_000",
            "productShopPage": "https://www.newworld.co.nz/shop/product/5284332_ea_000nw",
            "productImageURL": "https://a.fsimg.co.nz/product/retail/fan/image/master/5284332.png",
            "productDescription": "Product of Imported",
            "volume": "550mL",
            "multipack": {
                "quantity": "1"
            }
        },
        "priceData": {
            "bestPrice": "3.49",
            "price": "3.49",
            "pricePerLitre": 6.345454545454546,
            "bestPricePerLitre": 6.345454545454546
        },
        "store": {
            "id": "ef977d89-f3d8-4e8b-8a48-b895ded38646",
            "name": "New World Papakura"
        }
    },
    {
        "productData": {
            "name": "Monster Energy Drink 500ml",
            "productId": "5007647_ea_000",
            "productShopPage": "https://www.newworld.co.nz/shop/product/5007647_ea_000nw",
            "productImageURL": "https://a.fsimg.co.nz/product/retail/fan/image/master/5007647.png",
            "productDescription": "Contains Caffeine.\n\nProduct of Imported",
            "volume": "500mL",
            "multipack": {
                "quantity": "1"
            }
        },
        "priceData": {
            "bestPrice": "2.99",
            "price": "2.99",
            "pricePerLitre": 6.0,
            "bestPricePerLitre": 6.0
        },
        "store": {
            "id": "ef977d89-f3d8-4e8b-8a48-b895ded38646",
            "name": "New World Papakura"
        }
    },
    {
        "productData": {
            "name": "Monster Ultra Zero Drink 4pk",
            "productId": "5213974_ea_000",
            "productShopPage": "https://www.newworld.co.nz/shop/product/5213974_ea_000nw",
            "productImageURL": "https://a.fsimg.co.nz/product/retail/fan/image/master/5213974.png",
            "productDescription": "Product of Imported",
            "volume": "500mL",
            "multipack": {
                "quantity": "4"
            }
        },
        "priceData": {
            "bestPrice": "11.99",
            "price": "11.99",
            "pricePerLitre": 6.0,
            "bestPricePerLitre": 6.0
        },
        "store": {
            "id": "ef977d89-f3d8-4e8b-8a48-b895ded38646",
            "name": "New World Papakura"
        }
    },
    {
        "productData": {
            "name": "V Sugarfree Guarana Energy Drink 4pk",
            "productId": "5210130_ea_000",
            "productShopPage": "https://www.newworld.co.nz/shop/product/5210130_ea_000nw",
            "productImageURL": "https://a.fsimg.co.nz/product/retail/fan/image/master/5210130.png",
            "productDescription": "Sugarfree\n\nProduct of New Zealand",
            "volume": "275mL",
            "multipack": {
                "quantity": "4"
            }
        },
        "priceData": {
            "bestPrice": "9.19",
            "price": "9.19",
            "pricePerLitre": 8.4,
            "bestPricePerLitre": 8.4
        },
        "store": {
            "id": "ef977d89-f3d8-4e8b-8a48-b895ded38646",
            "name": "New World Papakura"
        }
    },
    {
        "productData": {
            "name": "Monster Energy Drink 4pk",
            "productId": "5107264_ea_000",
            "productShopPage": "https://www.newworld.co.nz/shop/product/5107264_ea_000nw",
            "productImageURL": "https://a.fsimg.co.nz/product/retail/fan/image/master/5107264.png",
            "productDescription": "Product of Imported",
            "volume": "",
            "multipack": {
                "quantity": ""
            }
        },
        "priceData": {
            "bestPrice": "11.99",
            "price": "11.99",
            "pricePerLitre": 6.0,
            "bestPricePerLitre": 6.0
        },
        "store": {
            "id": "ef977d89-f3d8-4e8b-8a48-b895ded38646",
            "name": "New World Papakura"
        }
    },
    {
        "productData": {
            "name": "V Sugarfree Guarana Energy Drink 500ml",
            "productId": "5007644_ea_000",
            "productShopPage": "https://www.newworld.co.nz/shop/product/5007644_ea_000nw",
            "productImageURL": "https://a.fsimg.co.nz/product/retail/fan/image/master/5007644.png",
            "productDescription": "Sugar Free.\n\nProduct of New Zealand",
            "volume": "500mL",
            "multipack": {
                "quantity": "1"
            }
        },
        "priceData": {
            "bestPrice": "3.49",
            "price": "3.49",
            "pricePerLitre": 7.0,
            "bestPricePerLitre": 7.0
        },
        "store": {
            "id": "ef977d89-f3d8-4e8b-8a48-b895ded38646",
            "name": "New World Papakura"
        }
    },
    {
        "productData": {
            "name": "V Original Guarana Energy Drink 500ml",
            "productId": "5004703_ea_000",
            "productShopPage": "https://www.newworld.co.nz/shop/product/5004703_ea_000nw",
            "productImageURL": "https://a.fsimg.co.nz/product/retail/fan/image/master/5004703.png",
            "productDescription": "Contains Caffeine.\n\nProduct of New Zealand",
            "volume": "500mL",
            "multipack": {
                "quantity": "1"
            }
        },
        "priceData": {
            "bestPrice": "3.49",
            "price": "3.49",
            "pricePerLitre": 7.0,
            "bestPricePerLitre": 7.0
        },
        "store": {
            "id": "ef977d89-f3d8-4e8b-8a48-b895ded38646",
            "name": "New World Papakura"
        }
    },
    {
        "productData": {
            "name": "V Blue Guarana Energy Drink 250ml",
            "productId": "5007495_ea_000",
            "productShopPage": "https://www.newworld.co.nz/shop/product/5007495_ea_000nw",
            "productImageURL": "https://a.fsimg.co.nz/product/retail/fan/image/master/5007495.png",
            "productDescription": "Contains Caffeine, Wheat Derivatives.\n\nProduct of New Zealand",
            "volume": "250mL",
            "multipack": {
                "quantity": "1"
            }
        },
        "priceData": {
            "bestPrice": "1.99",
            "price": "1.99",
            "pricePerLitre": 8.0,
            "bestPricePerLitre": 8.0
        },
        "store": {
            "id": "c032987b-0387-4fc0-bb44-ce7510e35335",
            "name": "New World Pukekohe"
        }
    },
    {
        "productData": {
            "name": "V Sugarfree Guarana Energy Drink 250ml",
            "productId": "5001639_ea_000",
            "productShopPage": "https://www.newworld.co.nz/shop/product/5001639_ea_000nw",
            "productImageURL": "https://a.fsimg.co.nz/product/retail/fan/image/master/5001639.png",
            "productDescription": "Sugar Free. Contains Caffeine.\n\nProduct of New Zealand",
            "volume": "250mL",
            "multipack": {
                "quantity": "1"
            }
        },
        "priceData": {
            "bestPrice": "1.99",
            "price": "1.99",
            "pricePerLitre": 8.0,
            "bestPricePerLitre": 8.0
        },
        "store": {
            "id": "c032987b-0387-4fc0-bb44-ce7510e35335",
            "name": "New World Pukekohe"
        }
    },
    {
        "productData": {
            "name": "V Raspberry Lemonade Guarana Energy Drink 4pk",
            "productId": "5264576_ea_000",
            "productShopPage": "https://www.newworld.co.nz/shop/product/5264576_ea_000nw",
            "productImageURL": "https://a.fsimg.co.nz/product/retail/fan/image/master/5264576.png",
            "productDescription": "Product of New Zealand",
            "volume": "275mL",
            "multipack": {
                "quantity": "4"
            }
        },
        "priceData": {
            "bestPrice": "9.19",
            "price": "9.19",
            "pricePerLitre": 8.355,
            "bestPricePerLitre": 8.355
        },
        "store": {
            "id": "c032987b-0387-4fc0-bb44-ce7510e35335",
            "name": "New World Pukekohe"
        }
    },
    {
        "productData": {
            "name": "Live Plus Persist Energy Drink 250ml",
            "productId": "5236678_ea_000",
            "productShopPage": "https://www.newworld.co.nz/shop/product/5236678_ea_000nw",
            "productImageURL": "https://a.fsimg.co.nz/product/retail/fan/image/master/5236678.png",
            "productDescription": "Limit 12 assorted.\n\n\n\n\nProduct of New Zealand",
            "volume": "",
            "multipack": {
                "quantity": ""
            }
        },
        "priceData": {
            "bestPrice": "0.99",
            "price": "0.99"
        },
        "store": {
            "id": "c032987b-0387-4fc0-bb44-ce7510e35335",
            "name": "New World Pukekohe"
        }
    },
    {
        "productData": {
            "name": "V Sugarfree Blue Guarana Energy Drink 500ml",
            "productId": "5283362_ea_000",
            "productShopPage": "https://www.newworld.co.nz/shop/product/5283362_ea_000nw",
            "productImageURL": "https://a.fsimg.co.nz/product/retail/fan/image/master/5283362.png",
            "productDescription": "Sugar free\n\nProduct of New Zealand",
            "volume": "500mL",
            "multipack": {
                "quantity": "1"
            }
        },
        "priceData": {
            "bestPrice": "3.49",
            "price": "3.49",
            "pricePerLitre": 7.0,
            "bestPricePerLitre": 7.0
        },
        "store": {
            "id": "c032987b-0387-4fc0-bb44-ce7510e35335",
            "name": "New World Pukekohe"
        }
    },
    {
        "productData": {
            "name": "V Original Guarana Energy Drink 350ml",
            "productId": "5003156_ea_000",
            "productShopPage": "https://www.newworld.co.nz/shop/product/5003156_ea_000nw",
            "productImageURL": "https://a.fsimg.co.nz/product/retail/fan/image/master/5003156.png",
            "productDescription": "Buy 2 for $5.00.\n\n\nContains Caffeine.\n\nProduct of New Zealand",
            "volume": "350mL",
            "multipack": {
                "quantity": "1"
            }
        },
        "priceData": {
            "bestPrice": 2.5,
            "price": 2.0,
            "pricePerLitre": 5.714285714285714,
            "bestPricePerLitre": 7.142857142857143,
            "multiBuy": {
                "quantity": 2.0,
                "value": 5.0,
                "perUnit": 2.5
            }
        },
        "store": {
            "id": "c032987b-0387-4fc0-bb44-ce7510e35335",
            "name": "New World Pukekohe"
        }
    },
    {
        "productData": {
            "name": "V Blue Guarana Energy Drink Cans 10pk",
            "productId": "5228254_ea_000",
            "productShopPage": "https://www.newworld.co.nz/shop/product/5228254_ea_000nw",
            "productImageURL": "https://a.fsimg.co.nz/product/retail/fan/image/master/5228254.png",
            "productDescription": "Product of New Zealand",
            "volume": "200mL",
            "multipack": {
                "quantity": "10"
            }
        },
        "priceData": {
            "bestPrice": "15.29",
            "price": "15.29",
            "pricePerLitre": 7.6450000000000005,
            "bestPricePerLitre": 7.6450000000000005
        },
        "store": {
            "id": "c032987b-0387-4fc0-bb44-ce7510e35335",
            "name": "New World Pukekohe"
        }
    },
    {
        "productData": {
            "name": "V Blue Guarana Energy Drink 4pk",
            "productId": "5210055_ea_000",
            "productShopPage": "https://www.newworld.co.nz/shop/product/5210055_ea_000nw",
            "productImageURL": "https://a.fsimg.co.nz/product/retail/fan/image/master/5210055.png",
            "productDescription": "Product of New Zealand",
            "volume": "275mL",
            "multipack": {
                "quantity": "4"
            }
        },
        "priceData": {
            "bestPrice": "9.19",
            "price": "9.19",
            "pricePerLitre": 8.4,
            "bestPricePerLitre": 8.4
        },
        "store": {
            "id": "c032987b-0387-4fc0-bb44-ce7510e35335",
            "name": "New World Pukekohe"
        }
    },
    {
        "productData": {
            "name": "V Blue Guarana Energy Drink 350ml",
            "productId": "5007492_ea_000",
            "productShopPage": "https://www.newworld.co.nz/shop/product/5007492_ea_000nw",
            "productImageURL": "https://a.fsimg.co.nz/product/retail/fan/image/master/5007492.png",
            "productDescription": "Buy 2 for $5.00.\n\n\nContains Caffeine, Wheat Derivatives.\n\nProduct of New Zealand",
            "volume": "350mL",
            "multipack": {
                "quantity": "1"
            }
        },
        "priceData": {
            "bestPrice": 2.5,
            "price": 2.0,
            "pricePerLitre": 5.714285714285714,
            "bestPricePerLitre": 7.142857142857143,
            "multiBuy": {
                "quantity": 2.0,
                "value": 5.0,
                "perUnit": 2.5
            }
        },
        "store": {
            "id": "c032987b-0387-4fc0-bb44-ce7510e35335",
            "name": "New World Pukekohe"
        }
    },
    {
        "productData": {
            "name": "V Blue Energy Drink 500ml",
            "productId": "5020662_ea_000",
            "productShopPage": "https://www.newworld.co.nz/shop/product/5020662_ea_000nw",
            "productImageURL": "https://a.fsimg.co.nz/product/retail/fan/image/master/5020662.png",
            "productDescription": "Buy 2 for $5.00.\n\n\n\n\nProduct of New Zealand",
            "volume": "500mL",
            "multipack": {
                "quantity": "1"
            }
        },
        "priceData": {
            "bestPrice": 2.5,
            "price": 2.0,
            "pricePerLitre": 4.0,
            "bestPricePerLitre": 5.0,
            "multiBuy": {
                "quantity": 2.0,
                "value": 5.0,
                "perUnit": 2.5
            }
        },
        "store": {
            "id": "c032987b-0387-4fc0-bb44-ce7510e35335",
            "name": "New World Pukekohe"
        }
    },
    {
        "productData": {
            "name": "V Blue Guarana Energy Drink 500ml",
            "productId": "5007494_ea_000",
            "productShopPage": "https://www.newworld.co.nz/shop/product/5007494_ea_000nw",
            "productImageURL": "https://a.fsimg.co.nz/product/retail/fan/image/master/5007494.png",
            "productDescription": "Contains Wheat Derivatives, Caffeine.\n\nProduct of New Zealand",
            "volume": "500mL",
            "multipack": {
                "quantity": "1"
            }
        },
        "priceData": {
            "bestPrice": "3.49",
            "price": "3.49",
            "pricePerLitre": 7.0,
            "bestPricePerLitre": 7.0
        },
        "store": {
            "id": "c032987b-0387-4fc0-bb44-ce7510e35335",
            "name": "New World Pukekohe"
        }
    },
    {
        "productData": {
            "name": "Red Bull Energy Drink 473ml",
            "productId": "5005255_ea_000",
            "productShopPage": "https://www.newworld.co.nz/shop/product/5005255_ea_000nw",
            "productImageURL": "https://a.fsimg.co.nz/product/retail/fan/image/master/5005255.png",
            "productDescription": "Red Bull Energy Drink's special formula contains ingredients of high quality: Caffeine, Taurine, B-Group Vitamins, Sugars, Alpine Water.One 250ml can of Red Bull Energy Drinks contains 80 mg of caffeine, about the same amount as in a cup of home-brewed coffee.The amount of sugars in a can of Red Bull Energy Drink is comparable to the level of sugars in an equivalent amount of apple or orange juice – 11 g per 100ml.Red Bull cans are made of 100% recyclable aluminium.Red Bull Energy Drink 473ml canVitalizes Body and Mind.®RED BULL GIVES YOU WINGSInspired by functional drinks from the Far East, Dietrich Mateschitz founded Red Bull in the mid-1980s. He developed a new product and a unique marketing concept and launched Red Bull Energy Drink on April 1, 1987 in Austria. A brand new product category - Energy Drinks - was born.\n\nProduct of Imported",
            "volume": "473mL",
            "multipack": {
                "quantity": "1"
            }
        },
        "priceData": {
            "bestPrice": "3.59",
            "price": "3.59",
            "pricePerLitre": 7.6,
            "bestPricePerLitre": 7.6
        },
        "store": {
            "id": "c032987b-0387-4fc0-bb44-ce7510e35335",
            "name": "New World Pukekohe"
        }
    },
    {
        "productData": {
            "name": "V Original Guarana Energy Drink 250ml",
            "productId": "5003151_ea_000",
            "productShopPage": "https://www.newworld.co.nz/shop/product/5003151_ea_000nw",
            "productImageURL": "https://a.fsimg.co.nz/product/retail/fan/image/master/5003151.png",
            "productDescription": "Contains Caffeine.\n\nProduct of New Zealand",
            "volume": "250mL",
            "multipack": {
                "quantity": "1"
            }
        },
        "priceData": {
            "bestPrice": "1.99",
            "price": "1.99",
            "pricePerLitre": 8.0,
            "bestPricePerLitre": 8.0
        },
        "store": {
            "id": "c032987b-0387-4fc0-bb44-ce7510e35335",
            "name": "New World Pukekohe"
        }
    },
    {
        "productData": {
            "name": "Red Bull Energy Drink 250ml Cans 4pk",
            "productId": "5001443_ea_000",
            "productShopPage": "https://www.newworld.co.nz/shop/product/5001443_ea_000nw",
            "productImageURL": "https://a.fsimg.co.nz/product/retail/fan/image/master/5001443.png",
            "productDescription": "Red Bull Energy Drink's special formula contains ingredients of high quality: Caffeine, Taurine, B-Group Vitamins, Sugars, Alpine Water.One 250ml can of Red Bull Energy Drinks contains 80 mg of caffeine, about the same amount as in a cup of home-brewed coffee.The amount of sugars in a can of Red Bull Energy Drink is comparable to the level of sugars in an equivalent amount of apple or orange juice – 11 g per 100ml.Red Bull cans are made of 100% recyclable aluminium.Pack of four 250ml Red Bull Energy Drink cansVitalizes Body and Mind.®RED BULL GIVES YOU WINGSInspired by functional drinks from the Far East, Dietrich Mateschitz founded Red Bull in the mid-1980s. He developed a new product and a unique marketing concept and launched Red Bull Energy Drink on April 1, 1987 in Austria. A brand new product category - Energy Drinks - was born.",
            "volume": "250mL",
            "multipack": {
                "quantity": "4"
            }
        },
        "priceData": {
            "bestPrice": "8.29",
            "price": "8.29",
            "pricePerLitre": 8.299999999999999,
            "bestPricePerLitre": 8.299999999999999
        },
        "store": {
            "id": "c032987b-0387-4fc0-bb44-ce7510e35335",
            "name": "New World Pukekohe"
        }
    },
    {
        "productData": {
            "name": "Lucozade Orange Energy Drink 380ml",
            "productId": "5009239_ea_000",
            "productShopPage": "https://www.newworld.co.nz/shop/product/5009239_ea_000nw",
            "productImageURL": "https://a.fsimg.co.nz/product/retail/fan/image/master/5009239.png",
            "productDescription": "Powered by Glucose.\n\nProduct of New Zealand",
            "volume": "380mL",
            "multipack": {
                "quantity": "1"
            }
        },
        "priceData": {
            "bestPrice": "2.69",
            "price": "2.69",
            "pricePerLitre": 7.08,
            "bestPricePerLitre": 7.08
        },
        "store": {
            "id": "c032987b-0387-4fc0-bb44-ce7510e35335",
            "name": "New World Pukekohe"
        }
    },
    {
        "productData": {
            "name": "V Pure Natural Energy Drink Glass Bottle 330ml",
            "productId": "5237753_ea_000",
            "productShopPage": "https://www.newworld.co.nz/shop/product/5237753_ea_000nw",
            "productImageURL": "https://a.fsimg.co.nz/product/retail/fan/image/master/5237753.png",
            "productDescription": "Buy 2 for $5.00.\n\n\nNothing artificial\n\nProduct of New Zealand",
            "volume": "330mL",
            "multipack": {
                "quantity": "1"
            }
        },
        "priceData": {
            "bestPrice": 2.5,
            "price": 2.0,
            "pricePerLitre": 6.0606060606060606,
            "bestPricePerLitre": 7.575757575757575,
            "multiBuy": {
                "quantity": 2.0,
                "value": 5.0,
                "perUnit": 2.5
            }
        },
        "store": {
            "id": "c032987b-0387-4fc0-bb44-ce7510e35335",
            "name": "New World Pukekohe"
        }
    },
    {
        "productData": {
            "name": "Lucozade Original Energy Drink 380ml",
            "productId": "5009240_ea_000",
            "productShopPage": "https://www.newworld.co.nz/shop/product/5009240_ea_000nw",
            "productImageURL": "https://a.fsimg.co.nz/product/retail/fan/image/master/5009240.png",
            "productDescription": "Energy from Glucose.\n\nProduct of New Zealand",
            "volume": "380mL",
            "multipack": {
                "quantity": "1"
            }
        },
        "priceData": {
            "bestPrice": "2.69",
            "price": "2.69",
            "pricePerLitre": 7.08,
            "bestPricePerLitre": 7.08
        },
        "store": {
            "id": "c032987b-0387-4fc0-bb44-ce7510e35335",
            "name": "New World Pukekohe"
        }
    },
    {
        "productData": {
            "name": "Rockstar Watermelon Freeze Energy Drink 500ml",
            "productId": "5257298_ea_000",
            "productShopPage": "https://www.newworld.co.nz/shop/product/5257298_ea_000nw",
            "productImageURL": "https://a.fsimg.co.nz/product/retail/fan/image/master/5257298.png",
            "productDescription": "Buy 3 for $5.00.\n\n\n\n\nProduct of New Zealand",
            "volume": "500mL",
            "multipack": {
                "quantity": "1"
            }
        },
        "priceData": {
            "bestPrice": 1.6666666666666667,
            "price": 1.0,
            "pricePerLitre": 2.0,
            "bestPricePerLitre": 3.3333333333333335,
            "multiBuy": {
                "quantity": 3.0,
                "value": 5.0,
                "perUnit": 1.6666666666666667
            }
        },
        "store": {
            "id": "c032987b-0387-4fc0-bb44-ce7510e35335",
            "name": "New World Pukekohe"
        }
    },
    {
        "productData": {
            "name": "V Raspberry Lemonade Can 500ml",
            "productId": "5264523_ea_000",
            "productShopPage": "https://www.newworld.co.nz/shop/product/5264523_ea_000nw",
            "productImageURL": "https://a.fsimg.co.nz/product/retail/fan/image/master/5264523.png",
            "productDescription": "Product of New Zealand",
            "volume": "500mL",
            "multipack": {
                "quantity": "1"
            }
        },
        "priceData": {
            "bestPrice": "3.49",
            "price": "3.49",
            "pricePerLitre": 7.0,
            "bestPricePerLitre": 7.0
        },
        "store": {
            "id": "c032987b-0387-4fc0-bb44-ce7510e35335",
            "name": "New World Pukekohe"
        }
    },
    {
        "productData": {
            "name": "Monster Ultra Zero Drink 500ml",
            "productId": "5090618_ea_000",
            "productShopPage": "https://www.newworld.co.nz/shop/product/5090618_ea_000nw",
            "productImageURL": "https://a.fsimg.co.nz/product/retail/fan/image/master/5090618.png",
            "productDescription": "A little less sweet, lighter-tasting, zero calories, but with a full load of our Monster energy blend. Sure, white is the new black. Monster Energy Zero Ultra. Unleash the Ultra Beast!\n\nProduct of Imported",
            "volume": "500mL",
            "multipack": {
                "quantity": "1"
            }
        },
        "priceData": {
            "bestPrice": "2.99",
            "price": "2.99",
            "pricePerLitre": 6.0,
            "bestPricePerLitre": 6.0
        },
        "store": {
            "id": "c032987b-0387-4fc0-bb44-ce7510e35335",
            "name": "New World Pukekohe"
        }
    },
    {
        "productData": {
            "name": "Mother Energy Drink Can 500ml",
            "productId": "5011153_ea_000",
            "productShopPage": "https://www.newworld.co.nz/shop/product/5011153_ea_000nw",
            "productImageURL": "https://a.fsimg.co.nz/product/retail/fan/image/master/5011153.png",
            "productDescription": "Contains Caffeine.\n\nProduct of New Zealand",
            "volume": "500mL",
            "multipack": {
                "quantity": "1"
            }
        },
        "priceData": {
            "bestPrice": "1.99",
            "price": "1.99",
            "pricePerLitre": 4.0,
            "bestPricePerLitre": 4.0
        },
        "store": {
            "id": "c032987b-0387-4fc0-bb44-ce7510e35335",
            "name": "New World Pukekohe"
        }
    },
    {
        "productData": {
            "name": "Monster Pipeline Punch Energy Drink 500ml",
            "productId": "5242373_ea_000",
            "productShopPage": "https://www.newworld.co.nz/shop/product/5242373_ea_000nw",
            "productImageURL": "https://a.fsimg.co.nz/product/retail/fan/image/master/5242373.png",
            "productDescription": "Product of Imported",
            "volume": "500mL",
            "multipack": {
                "quantity": "1"
            }
        },
        "priceData": {
            "bestPrice": "2.99",
            "price": "2.99",
            "pricePerLitre": 6.0,
            "bestPricePerLitre": 6.0
        },
        "store": {
            "id": "c032987b-0387-4fc0-bb44-ce7510e35335",
            "name": "New World Pukekohe"
        }
    },
    {
        "productData": {
            "name": "Monster Energy Drink 500ml",
            "productId": "5007647_ea_000",
            "productShopPage": "https://www.newworld.co.nz/shop/product/5007647_ea_000nw",
            "productImageURL": "https://a.fsimg.co.nz/product/retail/fan/image/master/5007647.png",
            "productDescription": "Contains Caffeine.\n\nProduct of Imported",
            "volume": "500mL",
            "multipack": {
                "quantity": "1"
            }
        },
        "priceData": {
            "bestPrice": "2.99",
            "price": "2.99",
            "pricePerLitre": 6.0,
            "bestPricePerLitre": 6.0
        },
        "store": {
            "id": "c032987b-0387-4fc0-bb44-ce7510e35335",
            "name": "New World Pukekohe"
        }
    },
    {
        "productData": {
            "name": "V Sugarfree Guarana Energy Drink 4pk",
            "productId": "5210130_ea_000",
            "productShopPage": "https://www.newworld.co.nz/shop/product/5210130_ea_000nw",
            "productImageURL": "https://a.fsimg.co.nz/product/retail/fan/image/master/5210130.png",
            "productDescription": "Sugarfree\n\nProduct of New Zealand",
            "volume": "275mL",
            "multipack": {
                "quantity": "4"
            }
        },
        "priceData": {
            "bestPrice": "9.19",
            "price": "9.19",
            "pricePerLitre": 8.4,
            "bestPricePerLitre": 8.4
        },
        "store": {
            "id": "c032987b-0387-4fc0-bb44-ce7510e35335",
            "name": "New World Pukekohe"
        }
    },
    {
        "productData": {
            "name": "V Sugarfree Guarana Energy Drink 500ml",
            "productId": "5007644_ea_000",
            "productShopPage": "https://www.newworld.co.nz/shop/product/5007644_ea_000nw",
            "productImageURL": "https://a.fsimg.co.nz/product/retail/fan/image/master/5007644.png",
            "productDescription": "Sugar Free.\n\nProduct of New Zealand",
            "volume": "500mL",
            "multipack": {
                "quantity": "1"
            }
        },
        "priceData": {
            "bestPrice": "3.49",
            "price": "3.49",
            "pricePerLitre": 7.0,
            "bestPricePerLitre": 7.0
        },
        "store": {
            "id": "c032987b-0387-4fc0-bb44-ce7510e35335",
            "name": "New World Pukekohe"
        }
    },
    {
        "productData": {
            "name": "V Original Guarana Energy Drink 500ml",
            "productId": "5004703_ea_000",
            "productShopPage": "https://www.newworld.co.nz/shop/product/5004703_ea_000nw",
            "productImageURL": "https://a.fsimg.co.nz/product/retail/fan/image/master/5004703.png",
            "productDescription": "Contains Caffeine.\n\nProduct of New Zealand",
            "volume": "500mL",
            "multipack": {
                "quantity": "1"
            }
        },
        "priceData": {
            "bestPrice": "3.49",
            "price": "3.49",
            "pricePerLitre": 7.0,
            "bestPricePerLitre": 7.0
        },
        "store": {
            "id": "c032987b-0387-4fc0-bb44-ce7510e35335",
            "name": "New World Pukekohe"
        }
    },
    {
        "productData": {
            "name": "V Original Guarana Energy Drink 4pk",
            "productId": "5210048_ea_000",
            "productShopPage": "https://www.newworld.co.nz/shop/product/5210048_ea_000nw",
            "productImageURL": "https://a.fsimg.co.nz/product/retail/fan/image/master/5210048.png",
            "productDescription": "Product of New Zealand",
            "volume": "275mL",
            "multipack": {
                "quantity": "4"
            }
        },
        "priceData": {
            "bestPrice": "9.19",
            "price": "9.19",
            "pricePerLitre": 8.4,
            "bestPricePerLitre": 8.4
        },
        "store": {
            "id": "c032987b-0387-4fc0-bb44-ce7510e35335",
            "name": "New World Pukekohe"
        }
    },
    {
        "productData": {
            "name": "V Green Guarana Energy Drink Cans 10pk",
            "productId": "5210061_ea_000",
            "productShopPage": "https://www.newworld.co.nz/shop/product/5210061_ea_000nw",
            "productImageURL": "https://a.fsimg.co.nz/product/retail/fan/image/master/5210061.png",
            "productDescription": "Product of New Zealand",
            "volume": "200mL",
            "multipack": {
                "quantity": "10"
            }
        },
        "priceData": {
            "bestPrice": "15.29",
            "price": "15.29",
            "pricePerLitre": 7.6,
            "bestPricePerLitre": 7.6
        },
        "store": {
            "id": "c032987b-0387-4fc0-bb44-ce7510e35335",
            "name": "New World Pukekohe"
        }
    },
    {
        "productData": {
            "name": "V Original Guarana Energy Drink 500ml",
            "productId": "5007441_ea_000",
            "productShopPage": "https://www.newworld.co.nz/shop/product/5007441_ea_000nw",
            "productImageURL": "https://a.fsimg.co.nz/product/retail/fan/image/master/5007441.png",
            "productDescription": "Buy 2 for $5.00.\n\n\nContains Wheat Derivatives, Caffeine.\n\nProduct of New Zealand",
            "volume": "500mL",
            "multipack": {
                "quantity": "1"
            }
        },
        "priceData": {
            "bestPrice": 2.5,
            "price": 2.0,
            "pricePerLitre": 4.0,
            "bestPricePerLitre": 5.0,
            "multiBuy": {
                "quantity": 2.0,
                "value": 5.0,
                "perUnit": 2.5
            }
        },
        "store": {
            "id": "c032987b-0387-4fc0-bb44-ce7510e35335",
            "name": "New World Pukekohe"
        }
    },
    {
        "productData": {
            "name": "V Blue Guarana Energy Drink 10pk",
            "productId": "5290181_ea_000",
            "productShopPage": "https://www.newworld.co.nz/shop/product/5290181_ea_000nw",
            "productImageURL": "https://a.fsimg.co.nz/product/retail/fan/image/master/5290181.png",
            "productDescription": "Product of New Zealand",
            "volume": "250mL",
            "multipack": {
                "quantity": "10"
            }
        },
        "priceData": {
            "bestPrice": "17.99",
            "price": "17.99",
            "pricePerLitre": 7.2,
            "bestPricePerLitre": 7.2
        },
        "store": {
            "id": "0d045690-bd75-42d8-a7bc-ee44aa57fc61",
            "name": "New World Waiuku"
        }
    },
    {
        "productData": {
            "name": "V Blue Guarana Energy Drink 250ml",
            "productId": "5007495_ea_000",
            "productShopPage": "https://www.newworld.co.nz/shop/product/5007495_ea_000nw",
            "productImageURL": "https://a.fsimg.co.nz/product/retail/fan/image/master/5007495.png",
            "productDescription": "Contains Caffeine, Wheat Derivatives.\n\nProduct of New Zealand",
            "volume": "250mL",
            "multipack": {
                "quantity": "1"
            }
        },
        "priceData": {
            "bestPrice": "1.99",
            "price": "1.99",
            "pricePerLitre": 8.0,
            "bestPricePerLitre": 8.0
        },
        "store": {
            "id": "0d045690-bd75-42d8-a7bc-ee44aa57fc61",
            "name": "New World Waiuku"
        }
    },
    {
        "productData": {
            "name": "V Sugarfree Blue Guarana Energy Drink 4pk",
            "productId": "5289891_ea_000",
            "productShopPage": "https://www.newworld.co.nz/shop/product/5289891_ea_000nw",
            "productImageURL": "https://a.fsimg.co.nz/product/retail/fan/image/master/5289891.png",
            "productDescription": "Limit 12 assorted.\n\n\n\n\nProduct of New Zealand",
            "volume": "250mL",
            "multipack": {
                "quantity": "4"
            }
        },
        "priceData": {
            "bestPrice": "5.99",
            "price": "5.99",
            "pricePerLitre": 5.99,
            "bestPricePerLitre": 5.99
        },
        "store": {
            "id": "0d045690-bd75-42d8-a7bc-ee44aa57fc61",
            "name": "New World Waiuku"
        }
    },
    {
        "productData": {
            "name": "V Sugarfree Guarana Energy Drink 250ml",
            "productId": "5001639_ea_000",
            "productShopPage": "https://www.newworld.co.nz/shop/product/5001639_ea_000nw",
            "productImageURL": "https://a.fsimg.co.nz/product/retail/fan/image/master/5001639.png",
            "productDescription": "Sugar Free. Contains Caffeine.\n\nProduct of New Zealand",
            "volume": "250mL",
            "multipack": {
                "quantity": "1"
            }
        },
        "priceData": {
            "bestPrice": "1.99",
            "price": "1.99",
            "pricePerLitre": 8.0,
            "bestPricePerLitre": 8.0
        },
        "store": {
            "id": "0d045690-bd75-42d8-a7bc-ee44aa57fc61",
            "name": "New World Waiuku"
        }
    },
    {
        "productData": {
            "name": "Live Plus Persist Energy Drink 250ml",
            "productId": "5236678_ea_000",
            "productShopPage": "https://www.newworld.co.nz/shop/product/5236678_ea_000nw",
            "productImageURL": "https://a.fsimg.co.nz/product/retail/fan/image/master/5236678.png",
            "productDescription": "Limit 12 assorted.\n\n\n\n\nProduct of New Zealand",
            "volume": "",
            "multipack": {
                "quantity": ""
            }
        },
        "priceData": {
            "bestPrice": "0.99",
            "price": "0.99"
        },
        "store": {
            "id": "0d045690-bd75-42d8-a7bc-ee44aa57fc61",
            "name": "New World Waiuku"
        }
    },
    {
        "productData": {
            "name": "V Green Guarana Energy Drink 10pk",
            "productId": "5289889_ea_000",
            "productShopPage": "https://www.newworld.co.nz/shop/product/5289889_ea_000nw",
            "productImageURL": "https://a.fsimg.co.nz/product/retail/fan/image/master/5289889.png",
            "productDescription": "Product of New Zealand",
            "volume": "250mL",
            "multipack": {
                "quantity": "10"
            }
        },
        "priceData": {
            "bestPrice": "17.99",
            "price": "17.99",
            "pricePerLitre": 7.2,
            "bestPricePerLitre": 7.2
        },
        "store": {
            "id": "0d045690-bd75-42d8-a7bc-ee44aa57fc61",
            "name": "New World Waiuku"
        }
    },
    {
        "productData": {
            "name": "V Sugarfree Blue Guarana Energy Drink 500ml",
            "productId": "5283362_ea_000",
            "productShopPage": "https://www.newworld.co.nz/shop/product/5283362_ea_000nw",
            "productImageURL": "https://a.fsimg.co.nz/product/retail/fan/image/master/5283362.png",
            "productDescription": "Sugar free\n\nProduct of New Zealand",
            "volume": "500mL",
            "multipack": {
                "quantity": "1"
            }
        },
        "priceData": {
            "bestPrice": "3.49",
            "price": "3.49",
            "pricePerLitre": 7.0,
            "bestPricePerLitre": 7.0
        },
        "store": {
            "id": "0d045690-bd75-42d8-a7bc-ee44aa57fc61",
            "name": "New World Waiuku"
        }
    },
    {
        "productData": {
            "name": "V Original Guarana Energy Drink 350ml",
            "productId": "5003156_ea_000",
            "productShopPage": "https://www.newworld.co.nz/shop/product/5003156_ea_000nw",
            "productImageURL": "https://a.fsimg.co.nz/product/retail/fan/image/master/5003156.png",
            "productDescription": "Buy 2 for $5.00.\n\n\nContains Caffeine.\n\nProduct of New Zealand",
            "volume": "350mL",
            "multipack": {
                "quantity": "1"
            }
        },
        "priceData": {
            "bestPrice": 2.5,
            "price": 2.0,
            "pricePerLitre": 5.714285714285714,
            "bestPricePerLitre": 7.142857142857143,
            "multiBuy": {
                "quantity": 2.0,
                "value": 5.0,
                "perUnit": 2.5
            }
        },
        "store": {
            "id": "0d045690-bd75-42d8-a7bc-ee44aa57fc61",
            "name": "New World Waiuku"
        }
    },
    {
        "productData": {
            "name": "V Blue Guarana Energy Drink 350ml",
            "productId": "5007492_ea_000",
            "productShopPage": "https://www.newworld.co.nz/shop/product/5007492_ea_000nw",
            "productImageURL": "https://a.fsimg.co.nz/product/retail/fan/image/master/5007492.png",
            "productDescription": "Buy 2 for $5.00.\n\n\nContains Caffeine, Wheat Derivatives.\n\nProduct of New Zealand",
            "volume": "350mL",
            "multipack": {
                "quantity": "1"
            }
        },
        "priceData": {
            "bestPrice": 2.5,
            "price": 2.0,
            "pricePerLitre": 5.714285714285714,
            "bestPricePerLitre": 7.142857142857143,
            "multiBuy": {
                "quantity": 2.0,
                "value": 5.0,
                "perUnit": 2.5
            }
        },
        "store": {
            "id": "0d045690-bd75-42d8-a7bc-ee44aa57fc61",
            "name": "New World Waiuku"
        }
    },
    {
        "productData": {
            "name": "V Blue Energy Drink 500ml",
            "productId": "5020662_ea_000",
            "productShopPage": "https://www.newworld.co.nz/shop/product/5020662_ea_000nw",
            "productImageURL": "https://a.fsimg.co.nz/product/retail/fan/image/master/5020662.png",
            "productDescription": "Buy 2 for $5.00.\n\n\n\n\nProduct of New Zealand",
            "volume": "500mL",
            "multipack": {
                "quantity": "1"
            }
        },
        "priceData": {
            "bestPrice": 2.5,
            "price": 2.0,
            "pricePerLitre": 4.0,
            "bestPricePerLitre": 5.0,
            "multiBuy": {
                "quantity": 2.0,
                "value": 5.0,
                "perUnit": 2.5
            }
        },
        "store": {
            "id": "0d045690-bd75-42d8-a7bc-ee44aa57fc61",
            "name": "New World Waiuku"
        }
    },
    {
        "productData": {
            "name": "V Blue Guarana Energy Drink 500ml",
            "productId": "5007494_ea_000",
            "productShopPage": "https://www.newworld.co.nz/shop/product/5007494_ea_000nw",
            "productImageURL": "https://a.fsimg.co.nz/product/retail/fan/image/master/5007494.png",
            "productDescription": "Contains Wheat Derivatives, Caffeine.\n\nProduct of New Zealand",
            "volume": "500mL",
            "multipack": {
                "quantity": "1"
            }
        },
        "priceData": {
            "bestPrice": "3.49",
            "price": "3.49",
            "pricePerLitre": 7.0,
            "bestPricePerLitre": 7.0
        },
        "store": {
            "id": "0d045690-bd75-42d8-a7bc-ee44aa57fc61",
            "name": "New World Waiuku"
        }
    },
    {
        "productData": {
            "name": "Red Bull Energy Drink 473ml",
            "productId": "5005255_ea_000",
            "productShopPage": "https://www.newworld.co.nz/shop/product/5005255_ea_000nw",
            "productImageURL": "https://a.fsimg.co.nz/product/retail/fan/image/master/5005255.png",
            "productDescription": "Red Bull Energy Drink's special formula contains ingredients of high quality: Caffeine, Taurine, B-Group Vitamins, Sugars, Alpine Water.One 250ml can of Red Bull Energy Drinks contains 80 mg of caffeine, about the same amount as in a cup of home-brewed coffee.The amount of sugars in a can of Red Bull Energy Drink is comparable to the level of sugars in an equivalent amount of apple or orange juice – 11 g per 100ml.Red Bull cans are made of 100% recyclable aluminium.Red Bull Energy Drink 473ml canVitalizes Body and Mind.®RED BULL GIVES YOU WINGSInspired by functional drinks from the Far East, Dietrich Mateschitz founded Red Bull in the mid-1980s. He developed a new product and a unique marketing concept and launched Red Bull Energy Drink on April 1, 1987 in Austria. A brand new product category - Energy Drinks - was born.\n\nProduct of Imported",
            "volume": "473mL",
            "multipack": {
                "quantity": "1"
            }
        },
        "priceData": {
            "bestPrice": "3.59",
            "price": "3.59",
            "pricePerLitre": 7.6,
            "bestPricePerLitre": 7.6
        },
        "store": {
            "id": "0d045690-bd75-42d8-a7bc-ee44aa57fc61",
            "name": "New World Waiuku"
        }
    },
    {
        "productData": {
            "name": "V Original Guarana Energy Drink 250ml",
            "productId": "5003151_ea_000",
            "productShopPage": "https://www.newworld.co.nz/shop/product/5003151_ea_000nw",
            "productImageURL": "https://a.fsimg.co.nz/product/retail/fan/image/master/5003151.png",
            "productDescription": "Contains Caffeine.\n\nProduct of New Zealand",
            "volume": "250mL",
            "multipack": {
                "quantity": "1"
            }
        },
        "priceData": {
            "bestPrice": "1.99",
            "price": "1.99",
            "pricePerLitre": 8.0,
            "bestPricePerLitre": 8.0
        },
        "store": {
            "id": "0d045690-bd75-42d8-a7bc-ee44aa57fc61",
            "name": "New World Waiuku"
        }
    },
    {
        "productData": {
            "name": "Red Bull Energy Drink 250ml Cans 4pk",
            "productId": "5001443_ea_000",
            "productShopPage": "https://www.newworld.co.nz/shop/product/5001443_ea_000nw",
            "productImageURL": "https://a.fsimg.co.nz/product/retail/fan/image/master/5001443.png",
            "productDescription": "Red Bull Energy Drink's special formula contains ingredients of high quality: Caffeine, Taurine, B-Group Vitamins, Sugars, Alpine Water.One 250ml can of Red Bull Energy Drinks contains 80 mg of caffeine, about the same amount as in a cup of home-brewed coffee.The amount of sugars in a can of Red Bull Energy Drink is comparable to the level of sugars in an equivalent amount of apple or orange juice – 11 g per 100ml.Red Bull cans are made of 100% recyclable aluminium.Pack of four 250ml Red Bull Energy Drink cansVitalizes Body and Mind.®RED BULL GIVES YOU WINGSInspired by functional drinks from the Far East, Dietrich Mateschitz founded Red Bull in the mid-1980s. He developed a new product and a unique marketing concept and launched Red Bull Energy Drink on April 1, 1987 in Austria. A brand new product category - Energy Drinks - was born.",
            "volume": "250mL",
            "multipack": {
                "quantity": "4"
            }
        },
        "priceData": {
            "bestPrice": "8.29",
            "price": "8.29",
            "pricePerLitre": 8.299999999999999,
            "bestPricePerLitre": 8.299999999999999
        },
        "store": {
            "id": "0d045690-bd75-42d8-a7bc-ee44aa57fc61",
            "name": "New World Waiuku"
        }
    },
    {
        "productData": {
            "name": "Lucozade Orange Energy Drink 380ml",
            "productId": "5009239_ea_000",
            "productShopPage": "https://www.newworld.co.nz/shop/product/5009239_ea_000nw",
            "productImageURL": "https://a.fsimg.co.nz/product/retail/fan/image/master/5009239.png",
            "productDescription": "Powered by Glucose.\n\nProduct of New Zealand",
            "volume": "380mL",
            "multipack": {
                "quantity": "1"
            }
        },
        "priceData": {
            "bestPrice": "2.69",
            "price": "2.69",
            "pricePerLitre": 7.08,
            "bestPricePerLitre": 7.08
        },
        "store": {
            "id": "0d045690-bd75-42d8-a7bc-ee44aa57fc61",
            "name": "New World Waiuku"
        }
    },
    {
        "productData": {
            "name": "V Pure Natural Energy Drink Glass Bottle 330ml",
            "productId": "5237753_ea_000",
            "productShopPage": "https://www.newworld.co.nz/shop/product/5237753_ea_000nw",
            "productImageURL": "https://a.fsimg.co.nz/product/retail/fan/image/master/5237753.png",
            "productDescription": "Buy 2 for $5.00.\n\n\nNothing artificial\n\nProduct of New Zealand",
            "volume": "330mL",
            "multipack": {
                "quantity": "1"
            }
        },
        "priceData": {
            "bestPrice": 2.5,
            "price": 2.0,
            "pricePerLitre": 6.0606060606060606,
            "bestPricePerLitre": 7.575757575757575,
            "multiBuy": {
                "quantity": 2.0,
                "value": 5.0,
                "perUnit": 2.5
            }
        },
        "store": {
            "id": "0d045690-bd75-42d8-a7bc-ee44aa57fc61",
            "name": "New World Waiuku"
        }
    },
    {
        "productData": {
            "name": "Lucozade Original Energy Drink 380ml",
            "productId": "5009240_ea_000",
            "productShopPage": "https://www.newworld.co.nz/shop/product/5009240_ea_000nw",
            "productImageURL": "https://a.fsimg.co.nz/product/retail/fan/image/master/5009240.png",
            "productDescription": "Energy from Glucose.\n\nProduct of New Zealand",
            "volume": "380mL",
            "multipack": {
                "quantity": "1"
            }
        },
        "priceData": {
            "bestPrice": "2.69",
            "price": "2.69",
            "pricePerLitre": 7.08,
            "bestPricePerLitre": 7.08
        },
        "store": {
            "id": "0d045690-bd75-42d8-a7bc-ee44aa57fc61",
            "name": "New World Waiuku"
        }
    },
    {
        "productData": {
            "name": "Rockstar Watermelon Freeze Energy Drink 500ml",
            "productId": "5257298_ea_000",
            "productShopPage": "https://www.newworld.co.nz/shop/product/5257298_ea_000nw",
            "productImageURL": "https://a.fsimg.co.nz/product/retail/fan/image/master/5257298.png",
            "productDescription": "Buy 3 for $5.00.\n\n\n\n\nProduct of New Zealand",
            "volume": "500mL",
            "multipack": {
                "quantity": "1"
            }
        },
        "priceData": {
            "bestPrice": 1.6666666666666667,
            "price": 1.0,
            "pricePerLitre": 2.0,
            "bestPricePerLitre": 3.3333333333333335,
            "multiBuy": {
                "quantity": 3.0,
                "value": 5.0,
                "perUnit": 1.6666666666666667
            }
        },
        "store": {
            "id": "0d045690-bd75-42d8-a7bc-ee44aa57fc61",
            "name": "New World Waiuku"
        }
    },
    {
        "productData": {
            "name": "V Pure Natural Energy Drink Can 250ml",
            "productId": "5237735_ea_000",
            "productShopPage": "https://www.newworld.co.nz/shop/product/5237735_ea_000nw",
            "productImageURL": "https://a.fsimg.co.nz/product/retail/fan/image/master/5237735.png",
            "productDescription": "6 natural ingredients; Nothing artificial; Apple juice - Apple and lemon juice is reconstituted; Lemon juice - Apple and lemon juice is reconstituted\n\nProduct of New Zealand",
            "volume": "250mL",
            "multipack": {
                "quantity": "1"
            }
        },
        "priceData": {
            "bestPrice": "1.99",
            "price": "1.99",
            "pricePerLitre": 8.0,
            "bestPricePerLitre": 8.0
        },
        "store": {
            "id": "0d045690-bd75-42d8-a7bc-ee44aa57fc61",
            "name": "New World Waiuku"
        }
    },
    {
        "productData": {
            "name": "Rockstar Original Energy Drink 500ml",
            "productId": "5215383_ea_000",
            "productShopPage": "https://www.newworld.co.nz/shop/product/5215383_ea_000nw",
            "productImageURL": "https://a.fsimg.co.nz/product/retail/fan/image/master/5215383.png",
            "productDescription": "Buy 3 for $5.00.\n\n\nCaffeine; B vitamins; Vitamin C; Taurine; Ginseng\n\nProduct of New Zealand",
            "volume": "500mL",
            "multipack": {
                "quantity": "1"
            }
        },
        "priceData": {
            "bestPrice": 1.6666666666666667,
            "price": 1.0,
            "pricePerLitre": 2.0,
            "bestPricePerLitre": 3.3333333333333335,
            "multiBuy": {
                "quantity": 3.0,
                "value": 5.0,
                "perUnit": 1.6666666666666667
            }
        },
        "store": {
            "id": "0d045690-bd75-42d8-a7bc-ee44aa57fc61",
            "name": "New World Waiuku"
        }
    },
    {
        "productData": {
            "name": "V Raspberry Lemonade Guarana Energy Drink 4pk",
            "productId": "5289907_ea_000",
            "productShopPage": "https://www.newworld.co.nz/shop/product/5289907_ea_000nw",
            "productImageURL": "https://a.fsimg.co.nz/product/retail/fan/image/master/5289907.png",
            "productDescription": "Limit 12 assorted.\n\n\n\n\nProduct of New Zealand",
            "volume": "250mL",
            "multipack": {
                "quantity": "4"
            }
        },
        "priceData": {
            "bestPrice": "5.99",
            "price": "5.99",
            "pricePerLitre": 5.99,
            "bestPricePerLitre": 5.99
        },
        "store": {
            "id": "0d045690-bd75-42d8-a7bc-ee44aa57fc61",
            "name": "New World Waiuku"
        }
    },
    {
        "productData": {
            "name": "V Blue Guarana Energy Drink 6pk",
            "productId": "5272988_ea_000",
            "productShopPage": "https://www.newworld.co.nz/shop/product/5272988_ea_000nw",
            "productImageURL": "https://a.fsimg.co.nz/product/retail/fan/image/master/5272988.png",
            "productDescription": "Product of New Zealand",
            "volume": "330mL",
            "multipack": {
                "quantity": "6"
            }
        },
        "priceData": {
            "bestPrice": "11.99",
            "price": "11.99",
            "pricePerLitre": 6.05,
            "bestPricePerLitre": 6.05
        },
        "store": {
            "id": "0d045690-bd75-42d8-a7bc-ee44aa57fc61",
            "name": "New World Waiuku"
        }
    },
    {
        "productData": {
            "name": "V Blue Can 4pk",
            "productId": "5030249_ea_000",
            "productShopPage": "https://www.newworld.co.nz/shop/product/5030249_ea_000nw",
            "productImageURL": "https://a.fsimg.co.nz/product/retail/fan/image/master/5030249.png",
            "productDescription": "Limit 12 assorted.\n\n\nContains Wheat Derivatives, Caffeine.\n\nProduct of New Zealand",
            "volume": "250mL",
            "multipack": {
                "quantity": "4"
            }
        },
        "priceData": {
            "bestPrice": "5.99",
            "price": "5.99",
            "pricePerLitre": 5.99,
            "bestPricePerLitre": 5.99
        },
        "store": {
            "id": "0d045690-bd75-42d8-a7bc-ee44aa57fc61",
            "name": "New World Waiuku"
        }
    },
    {
        "productData": {
            "name": "V Energy Drink Sugarfree Cans 4pk",
            "productId": "5004117_ea_000",
            "productShopPage": "https://www.newworld.co.nz/shop/product/5004117_ea_000nw",
            "productImageURL": "https://a.fsimg.co.nz/product/retail/fan/image/master/5004117.png",
            "productDescription": "Limit 12 assorted.\n\n\nSugar Free. Contains Caffeine.\n\nProduct of New Zealand",
            "volume": "250mL",
            "multipack": {
                "quantity": "4"
            }
        },
        "priceData": {
            "bestPrice": "5.99",
            "price": "5.99",
            "pricePerLitre": 5.99,
            "bestPricePerLitre": 5.99
        },
        "store": {
            "id": "0d045690-bd75-42d8-a7bc-ee44aa57fc61",
            "name": "New World Waiuku"
        }
    },
    {
        "productData": {
            "name": "Monster Mule Energy Drink 500ml",
            "productId": "5269459_ea_000",
            "productShopPage": "https://www.newworld.co.nz/shop/product/5269459_ea_000nw",
            "productImageURL": "https://a.fsimg.co.nz/product/retail/fan/image/master/5269459.png",
            "productDescription": "Product of Imported",
            "volume": "500mL",
            "multipack": {
                "quantity": "1"
            }
        },
        "priceData": {
            "bestPrice": "2.99",
            "price": "2.99",
            "pricePerLitre": 6.0,
            "bestPricePerLitre": 6.0
        },
        "store": {
            "id": "0d045690-bd75-42d8-a7bc-ee44aa57fc61",
            "name": "New World Waiuku"
        }
    },
    {
        "productData": {
            "name": "Monster Ultra Paradise Energy Drink 500ml",
            "productId": "5261257_ea_000",
            "productShopPage": "https://www.newworld.co.nz/shop/product/5261257_ea_000nw",
            "productImageURL": "https://a.fsimg.co.nz/product/retail/fan/image/master/5261257.png",
            "productDescription": "Product of Imported",
            "volume": "500mL",
            "multipack": {
                "quantity": "1"
            }
        },
        "priceData": {
            "bestPrice": "2.99",
            "price": "2.99",
            "pricePerLitre": 6.0,
            "bestPricePerLitre": 6.0
        },
        "store": {
            "id": "0d045690-bd75-42d8-a7bc-ee44aa57fc61",
            "name": "New World Waiuku"
        }
    },
    {
        "productData": {
            "name": "V Energy Drink Green Cans 4pk",
            "productId": "5002893_ea_000",
            "productShopPage": "https://www.newworld.co.nz/shop/product/5002893_ea_000nw",
            "productImageURL": "https://a.fsimg.co.nz/product/retail/fan/image/master/5002893.png",
            "productDescription": "Limit 12 assorted.\n\n\nContains Caffeine.\n\nProduct of New Zealand",
            "volume": "250mL",
            "multipack": {
                "quantity": "4"
            }
        },
        "priceData": {
            "bestPrice": "5.99",
            "price": "5.99",
            "pricePerLitre": 5.99,
            "bestPricePerLitre": 5.99
        },
        "store": {
            "id": "0d045690-bd75-42d8-a7bc-ee44aa57fc61",
            "name": "New World Waiuku"
        }
    },
    {
        "productData": {
            "name": "Monster Ultra Zero Drink 500ml",
            "productId": "5090618_ea_000",
            "productShopPage": "https://www.newworld.co.nz/shop/product/5090618_ea_000nw",
            "productImageURL": "https://a.fsimg.co.nz/product/retail/fan/image/master/5090618.png",
            "productDescription": "A little less sweet, lighter-tasting, zero calories, but with a full load of our Monster energy blend. Sure, white is the new black. Monster Energy Zero Ultra. Unleash the Ultra Beast!\n\nProduct of Imported",
            "volume": "500mL",
            "multipack": {
                "quantity": "1"
            }
        },
        "priceData": {
            "bestPrice": "2.99",
            "price": "2.99",
            "pricePerLitre": 6.0,
            "bestPricePerLitre": 6.0
        },
        "store": {
            "id": "0d045690-bd75-42d8-a7bc-ee44aa57fc61",
            "name": "New World Waiuku"
        }
    },
    {
        "productData": {
            "name": "Mother Energy Drink Can 500ml",
            "productId": "5011153_ea_000",
            "productShopPage": "https://www.newworld.co.nz/shop/product/5011153_ea_000nw",
            "productImageURL": "https://a.fsimg.co.nz/product/retail/fan/image/master/5011153.png",
            "productDescription": "Contains Caffeine.\n\nProduct of New Zealand",
            "volume": "500mL",
            "multipack": {
                "quantity": "1"
            }
        },
        "priceData": {
            "bestPrice": "1.99",
            "price": "1.99",
            "pricePerLitre": 4.0,
            "bestPricePerLitre": 4.0
        },
        "store": {
            "id": "0d045690-bd75-42d8-a7bc-ee44aa57fc61",
            "name": "New World Waiuku"
        }
    },
    {
        "productData": {
            "name": "Mother Energy Drink Can 6pk",
            "productId": "5009490_ea_000",
            "productShopPage": "https://www.newworld.co.nz/shop/product/5009490_ea_000nw",
            "productImageURL": "https://a.fsimg.co.nz/product/retail/fan/image/master/5009490.png",
            "productDescription": "Contains Caffeine.\n\nProduct of New Zealand",
            "volume": "250mL",
            "multipack": {
                "quantity": "6"
            }
        },
        "priceData": {
            "bestPrice": "7.49",
            "price": "7.49",
            "pricePerLitre": 5.0,
            "bestPricePerLitre": 5.0
        },
        "store": {
            "id": "0d045690-bd75-42d8-a7bc-ee44aa57fc61",
            "name": "New World Waiuku"
        }
    },
    {
        "productData": {
            "name": "Monster Energy Drink 500ml",
            "productId": "5007647_ea_000",
            "productShopPage": "https://www.newworld.co.nz/shop/product/5007647_ea_000nw",
            "productImageURL": "https://a.fsimg.co.nz/product/retail/fan/image/master/5007647.png",
            "productDescription": "Contains Caffeine.\n\nProduct of Imported",
            "volume": "500mL",
            "multipack": {
                "quantity": "1"
            }
        },
        "priceData": {
            "bestPrice": "2.99",
            "price": "2.99",
            "pricePerLitre": 6.0,
            "bestPricePerLitre": 6.0
        },
        "store": {
            "id": "0d045690-bd75-42d8-a7bc-ee44aa57fc61",
            "name": "New World Waiuku"
        }
    },
    {
        "productData": {
            "name": "Monster Ultra Zero Drink 4pk",
            "productId": "5213974_ea_000",
            "productShopPage": "https://www.newworld.co.nz/shop/product/5213974_ea_000nw",
            "productImageURL": "https://a.fsimg.co.nz/product/retail/fan/image/master/5213974.png",
            "productDescription": "Product of Imported",
            "volume": "500mL",
            "multipack": {
                "quantity": "4"
            }
        },
        "priceData": {
            "bestPrice": "11.99",
            "price": "11.99",
            "pricePerLitre": 6.0,
            "bestPricePerLitre": 6.0
        },
        "store": {
            "id": "0d045690-bd75-42d8-a7bc-ee44aa57fc61",
            "name": "New World Waiuku"
        }
    },
    {
        "productData": {
            "name": "Monster Energy Drink 4pk",
            "productId": "5107264_ea_000",
            "productShopPage": "https://www.newworld.co.nz/shop/product/5107264_ea_000nw",
            "productImageURL": "https://a.fsimg.co.nz/product/retail/fan/image/master/5107264.png",
            "productDescription": "Product of Imported",
            "volume": "",
            "multipack": {
                "quantity": ""
            }
        },
        "priceData": {
            "bestPrice": "11.99",
            "price": "11.99",
            "pricePerLitre": 6.0,
            "bestPricePerLitre": 6.0
        },
        "store": {
            "id": "0d045690-bd75-42d8-a7bc-ee44aa57fc61",
            "name": "New World Waiuku"
        }
    },
    {
        "productData": {
            "name": "V Sugarfree Guarana Energy Drink 500ml",
            "productId": "5007644_ea_000",
            "productShopPage": "https://www.newworld.co.nz/shop/product/5007644_ea_000nw",
            "productImageURL": "https://a.fsimg.co.nz/product/retail/fan/image/master/5007644.png",
            "productDescription": "Sugar Free.\n\nProduct of New Zealand",
            "volume": "500mL",
            "multipack": {
                "quantity": "1"
            }
        },
        "priceData": {
            "bestPrice": "3.49",
            "price": "3.49",
            "pricePerLitre": 7.0,
            "bestPricePerLitre": 7.0
        },
        "store": {
            "id": "0d045690-bd75-42d8-a7bc-ee44aa57fc61",
            "name": "New World Waiuku"
        }
    },
    {
        "productData": {
            "name": "V Original Guarana Energy Drink 500ml",
            "productId": "5004703_ea_000",
            "productShopPage": "https://www.newworld.co.nz/shop/product/5004703_ea_000nw",
            "productImageURL": "https://a.fsimg.co.nz/product/retail/fan/image/master/5004703.png",
            "productDescription": "Contains Caffeine.\n\nProduct of New Zealand",
            "volume": "500mL",
            "multipack": {
                "quantity": "1"
            }
        },
        "priceData": {
            "bestPrice": "3.49",
            "price": "3.49",
            "pricePerLitre": 7.0,
            "bestPricePerLitre": 7.0
        },
        "store": {
            "id": "0d045690-bd75-42d8-a7bc-ee44aa57fc61",
            "name": "New World Waiuku"
        }
    },
    {
        "productData": {
            "name": "V Original Guarana Energy Drink 500ml",
            "productId": "5007441_ea_000",
            "productShopPage": "https://www.newworld.co.nz/shop/product/5007441_ea_000nw",
            "productImageURL": "https://a.fsimg.co.nz/product/retail/fan/image/master/5007441.png",
            "productDescription": "Buy 2 for $5.00.\n\n\nContains Wheat Derivatives, Caffeine.\n\nProduct of New Zealand",
            "volume": "500mL",
            "multipack": {
                "quantity": "1"
            }
        },
        "priceData": {
            "bestPrice": 2.5,
            "price": 2.0,
            "pricePerLitre": 4.0,
            "bestPricePerLitre": 5.0,
            "multiBuy": {
                "quantity": 2.0,
                "value": 5.0,
                "perUnit": 2.5
            }
        },
        "store": {
            "id": "0d045690-bd75-42d8-a7bc-ee44aa57fc61",
            "name": "New World Waiuku"
        }
    },
    {
        "productData": {
            "name": "V Blue Guarana Energy Drink 10pk",
            "productId": "5290181_ea_000",
            "productShopPage": "https://www.newworld.co.nz/shop/product/5290181_ea_000nw",
            "productImageURL": "https://a.fsimg.co.nz/product/retail/fan/image/master/5290181.png",
            "productDescription": "Product of New Zealand",
            "volume": "250mL",
            "multipack": {
                "quantity": "10"
            }
        },
        "priceData": {
            "bestPrice": "17.99",
            "price": "17.99",
            "pricePerLitre": 7.2,
            "bestPricePerLitre": 7.2
        },
        "store": {
            "id": "0870db3b-2e91-43b7-89aa-ce3c031b3856",
            "name": "New World Greenmeadows"
        }
    },
    {
        "productData": {
            "name": "V Blue Guarana Energy Drink 250ml",
            "productId": "5007495_ea_000",
            "productShopPage": "https://www.newworld.co.nz/shop/product/5007495_ea_000nw",
            "productImageURL": "https://a.fsimg.co.nz/product/retail/fan/image/master/5007495.png",
            "productDescription": "Contains Caffeine, Wheat Derivatives.\n\nProduct of New Zealand",
            "volume": "250mL",
            "multipack": {
                "quantity": "1"
            }
        },
        "priceData": {
            "bestPrice": "1.99",
            "price": "1.99",
            "pricePerLitre": 8.0,
            "bestPricePerLitre": 8.0
        },
        "store": {
            "id": "0870db3b-2e91-43b7-89aa-ce3c031b3856",
            "name": "New World Greenmeadows"
        }
    },
    {
        "productData": {
            "name": "V Sugarfree Blue Guarana Energy Drink 4pk",
            "productId": "5289891_ea_000",
            "productShopPage": "https://www.newworld.co.nz/shop/product/5289891_ea_000nw",
            "productImageURL": "https://a.fsimg.co.nz/product/retail/fan/image/master/5289891.png",
            "productDescription": "Limit 12 assorted.\n\n\n\n\nProduct of New Zealand",
            "volume": "250mL",
            "multipack": {
                "quantity": "4"
            }
        },
        "priceData": {
            "bestPrice": "5.99",
            "price": "5.99",
            "pricePerLitre": 5.99,
            "bestPricePerLitre": 5.99
        },
        "store": {
            "id": "0870db3b-2e91-43b7-89aa-ce3c031b3856",
            "name": "New World Greenmeadows"
        }
    },
    {
        "productData": {
            "name": "V Sugarfree Guarana Energy Drink 250ml",
            "productId": "5001639_ea_000",
            "productShopPage": "https://www.newworld.co.nz/shop/product/5001639_ea_000nw",
            "productImageURL": "https://a.fsimg.co.nz/product/retail/fan/image/master/5001639.png",
            "productDescription": "Sugar Free. Contains Caffeine.\n\nProduct of New Zealand",
            "volume": "250mL",
            "multipack": {
                "quantity": "1"
            }
        },
        "priceData": {
            "bestPrice": "1.99",
            "price": "1.99",
            "pricePerLitre": 8.0,
            "bestPricePerLitre": 8.0
        },
        "store": {
            "id": "0870db3b-2e91-43b7-89aa-ce3c031b3856",
            "name": "New World Greenmeadows"
        }
    },
    {
        "productData": {
            "name": "V Sugarfree Guarana Energy Drink 10pk",
            "productId": "5289890_ea_000",
            "productShopPage": "https://www.newworld.co.nz/shop/product/5289890_ea_000nw",
            "productImageURL": "https://a.fsimg.co.nz/product/retail/fan/image/master/5289890.png",
            "productDescription": "Product of New Zealand",
            "volume": "",
            "multipack": {
                "quantity": ""
            }
        },
        "priceData": {
            "bestPrice": "17.99",
            "price": "17.99",
            "pricePerLitre": 72.0,
            "bestPricePerLitre": 72.0
        },
        "store": {
            "id": "0870db3b-2e91-43b7-89aa-ce3c031b3856",
            "name": "New World Greenmeadows"
        }
    },
    {
        "productData": {
            "name": "V Green Guarana Energy Drink 6pk",
            "productId": "5272987_ea_000",
            "productShopPage": "https://www.newworld.co.nz/shop/product/5272987_ea_000nw",
            "productImageURL": "https://a.fsimg.co.nz/product/retail/fan/image/master/5272987.png",
            "productDescription": "Product of New Zealand",
            "volume": "330mL",
            "multipack": {
                "quantity": "6"
            }
        },
        "priceData": {
            "bestPrice": "11.99",
            "price": "11.99",
            "pricePerLitre": 6.05,
            "bestPricePerLitre": 6.05
        },
        "store": {
            "id": "0870db3b-2e91-43b7-89aa-ce3c031b3856",
            "name": "New World Greenmeadows"
        }
    },
    {
        "productData": {
            "name": "Live Plus Ascend Energy Drink 250ml",
            "productId": "5236675_ea_000",
            "productShopPage": "https://www.newworld.co.nz/shop/product/5236675_ea_000nw",
            "productImageURL": "https://a.fsimg.co.nz/product/retail/fan/image/master/5236675.png",
            "productDescription": "Limit 12 assorted.\n\n\n\n\nProduct of New Zealand",
            "volume": "",
            "multipack": {
                "quantity": ""
            }
        },
        "priceData": {
            "bestPrice": "0.99",
            "price": "0.99"
        },
        "store": {
            "id": "0870db3b-2e91-43b7-89aa-ce3c031b3856",
            "name": "New World Greenmeadows"
        }
    },
    {
        "productData": {
            "name": "Live Plus Tart Apple Energy Drink 250ml",
            "productId": "5236676_ea_000",
            "productShopPage": "https://www.newworld.co.nz/shop/product/5236676_ea_000nw",
            "productImageURL": "https://a.fsimg.co.nz/product/retail/fan/image/master/5236676.png",
            "productDescription": "Limit 12 assorted.\n\n\n\n\nProduct of New Zealand",
            "volume": "250mL",
            "multipack": {
                "quantity": "1"
            }
        },
        "priceData": {
            "bestPrice": "0.99",
            "price": "0.99",
            "pricePerLitre": 3.96,
            "bestPricePerLitre": 3.96
        },
        "store": {
            "id": "0870db3b-2e91-43b7-89aa-ce3c031b3856",
            "name": "New World Greenmeadows"
        }
    },
    {
        "productData": {
            "name": "Live Plus Persist Energy Drink 250ml",
            "productId": "5236678_ea_000",
            "productShopPage": "https://www.newworld.co.nz/shop/product/5236678_ea_000nw",
            "productImageURL": "https://a.fsimg.co.nz/product/retail/fan/image/master/5236678.png",
            "productDescription": "Limit 12 assorted.\n\n\n\n\nProduct of New Zealand",
            "volume": "",
            "multipack": {
                "quantity": ""
            }
        },
        "priceData": {
            "bestPrice": "0.99",
            "price": "0.99"
        },
        "store": {
            "id": "0870db3b-2e91-43b7-89aa-ce3c031b3856",
            "name": "New World Greenmeadows"
        }
    },
    {
        "productData": {
            "name": "V Green Guarana Energy Drink 10pk",
            "productId": "5289889_ea_000",
            "productShopPage": "https://www.newworld.co.nz/shop/product/5289889_ea_000nw",
            "productImageURL": "https://a.fsimg.co.nz/product/retail/fan/image/master/5289889.png",
            "productDescription": "Product of New Zealand",
            "volume": "250mL",
            "multipack": {
                "quantity": "10"
            }
        },
        "priceData": {
            "bestPrice": "17.99",
            "price": "17.99",
            "pricePerLitre": 7.2,
            "bestPricePerLitre": 7.2
        },
        "store": {
            "id": "0870db3b-2e91-43b7-89aa-ce3c031b3856",
            "name": "New World Greenmeadows"
        }
    },
    {
        "productData": {
            "name": "V Sugarfree Blue Guarana Energy Drink 500ml",
            "productId": "5283362_ea_000",
            "productShopPage": "https://www.newworld.co.nz/shop/product/5283362_ea_000nw",
            "productImageURL": "https://a.fsimg.co.nz/product/retail/fan/image/master/5283362.png",
            "productDescription": "Sugar free\n\nProduct of New Zealand",
            "volume": "500mL",
            "multipack": {
                "quantity": "1"
            }
        },
        "priceData": {
            "bestPrice": "3.49",
            "price": "3.49",
            "pricePerLitre": 7.0,
            "bestPricePerLitre": 7.0
        },
        "store": {
            "id": "0870db3b-2e91-43b7-89aa-ce3c031b3856",
            "name": "New World Greenmeadows"
        }
    },
    {
        "productData": {
            "name": "V Original Guarana Energy Drink 350ml",
            "productId": "5003156_ea_000",
            "productShopPage": "https://www.newworld.co.nz/shop/product/5003156_ea_000nw",
            "productImageURL": "https://a.fsimg.co.nz/product/retail/fan/image/master/5003156.png",
            "productDescription": "Buy 2 for $5.00.\n\n\nContains Caffeine.\n\nProduct of New Zealand",
            "volume": "350mL",
            "multipack": {
                "quantity": "1"
            }
        },
        "priceData": {
            "bestPrice": 2.5,
            "price": 2.0,
            "pricePerLitre": 5.714285714285714,
            "bestPricePerLitre": 7.142857142857143,
            "multiBuy": {
                "quantity": 2.0,
                "value": 5.0,
                "perUnit": 2.5
            }
        },
        "store": {
            "id": "0870db3b-2e91-43b7-89aa-ce3c031b3856",
            "name": "New World Greenmeadows"
        }
    },
    {
        "productData": {
            "name": "V Blue Guarana Energy Drink 350ml",
            "productId": "5007492_ea_000",
            "productShopPage": "https://www.newworld.co.nz/shop/product/5007492_ea_000nw",
            "productImageURL": "https://a.fsimg.co.nz/product/retail/fan/image/master/5007492.png",
            "productDescription": "Buy 2 for $5.00.\n\n\nContains Caffeine, Wheat Derivatives.\n\nProduct of New Zealand",
            "volume": "350mL",
            "multipack": {
                "quantity": "1"
            }
        },
        "priceData": {
            "bestPrice": 2.5,
            "price": 2.0,
            "pricePerLitre": 5.714285714285714,
            "bestPricePerLitre": 7.142857142857143,
            "multiBuy": {
                "quantity": 2.0,
                "value": 5.0,
                "perUnit": 2.5
            }
        },
        "store": {
            "id": "0870db3b-2e91-43b7-89aa-ce3c031b3856",
            "name": "New World Greenmeadows"
        }
    },
    {
        "productData": {
            "name": "V Blue Energy Drink 500ml",
            "productId": "5020662_ea_000",
            "productShopPage": "https://www.newworld.co.nz/shop/product/5020662_ea_000nw",
            "productImageURL": "https://a.fsimg.co.nz/product/retail/fan/image/master/5020662.png",
            "productDescription": "Buy 2 for $5.00.\n\n\n\n\nProduct of New Zealand",
            "volume": "500mL",
            "multipack": {
                "quantity": "1"
            }
        },
        "priceData": {
            "bestPrice": 2.5,
            "price": 2.0,
            "pricePerLitre": 4.0,
            "bestPricePerLitre": 5.0,
            "multiBuy": {
                "quantity": 2.0,
                "value": 5.0,
                "perUnit": 2.5
            }
        },
        "store": {
            "id": "0870db3b-2e91-43b7-89aa-ce3c031b3856",
            "name": "New World Greenmeadows"
        }
    },
    {
        "productData": {
            "name": "V Blue Guarana Energy Drink 500ml",
            "productId": "5007494_ea_000",
            "productShopPage": "https://www.newworld.co.nz/shop/product/5007494_ea_000nw",
            "productImageURL": "https://a.fsimg.co.nz/product/retail/fan/image/master/5007494.png",
            "productDescription": "Contains Wheat Derivatives, Caffeine.\n\nProduct of New Zealand",
            "volume": "500mL",
            "multipack": {
                "quantity": "1"
            }
        },
        "priceData": {
            "bestPrice": "3.49",
            "price": "3.49",
            "pricePerLitre": 7.0,
            "bestPricePerLitre": 7.0
        },
        "store": {
            "id": "0870db3b-2e91-43b7-89aa-ce3c031b3856",
            "name": "New World Greenmeadows"
        }
    },
    {
        "productData": {
            "name": "Red Bull Energy Drink 473ml",
            "productId": "5005255_ea_000",
            "productShopPage": "https://www.newworld.co.nz/shop/product/5005255_ea_000nw",
            "productImageURL": "https://a.fsimg.co.nz/product/retail/fan/image/master/5005255.png",
            "productDescription": "Red Bull Energy Drink's special formula contains ingredients of high quality: Caffeine, Taurine, B-Group Vitamins, Sugars, Alpine Water.One 250ml can of Red Bull Energy Drinks contains 80 mg of caffeine, about the same amount as in a cup of home-brewed coffee.The amount of sugars in a can of Red Bull Energy Drink is comparable to the level of sugars in an equivalent amount of apple or orange juice – 11 g per 100ml.Red Bull cans are made of 100% recyclable aluminium.Red Bull Energy Drink 473ml canVitalizes Body and Mind.®RED BULL GIVES YOU WINGSInspired by functional drinks from the Far East, Dietrich Mateschitz founded Red Bull in the mid-1980s. He developed a new product and a unique marketing concept and launched Red Bull Energy Drink on April 1, 1987 in Austria. A brand new product category - Energy Drinks - was born.\n\nProduct of Imported",
            "volume": "473mL",
            "multipack": {
                "quantity": "1"
            }
        },
        "priceData": {
            "bestPrice": "3.59",
            "price": "3.59",
            "pricePerLitre": 7.6,
            "bestPricePerLitre": 7.6
        },
        "store": {
            "id": "0870db3b-2e91-43b7-89aa-ce3c031b3856",
            "name": "New World Greenmeadows"
        }
    },
    {
        "productData": {
            "name": "V Original Guarana Energy Drink 250ml",
            "productId": "5003151_ea_000",
            "productShopPage": "https://www.newworld.co.nz/shop/product/5003151_ea_000nw",
            "productImageURL": "https://a.fsimg.co.nz/product/retail/fan/image/master/5003151.png",
            "productDescription": "Contains Caffeine.\n\nProduct of New Zealand",
            "volume": "250mL",
            "multipack": {
                "quantity": "1"
            }
        },
        "priceData": {
            "bestPrice": "1.99",
            "price": "1.99",
            "pricePerLitre": 8.0,
            "bestPricePerLitre": 8.0
        },
        "store": {
            "id": "0870db3b-2e91-43b7-89aa-ce3c031b3856",
            "name": "New World Greenmeadows"
        }
    },
    {
        "productData": {
            "name": "Red Bull Energy Drink 250ml Cans 4pk",
            "productId": "5001443_ea_000",
            "productShopPage": "https://www.newworld.co.nz/shop/product/5001443_ea_000nw",
            "productImageURL": "https://a.fsimg.co.nz/product/retail/fan/image/master/5001443.png",
            "productDescription": "Red Bull Energy Drink's special formula contains ingredients of high quality: Caffeine, Taurine, B-Group Vitamins, Sugars, Alpine Water.One 250ml can of Red Bull Energy Drinks contains 80 mg of caffeine, about the same amount as in a cup of home-brewed coffee.The amount of sugars in a can of Red Bull Energy Drink is comparable to the level of sugars in an equivalent amount of apple or orange juice – 11 g per 100ml.Red Bull cans are made of 100% recyclable aluminium.Pack of four 250ml Red Bull Energy Drink cansVitalizes Body and Mind.®RED BULL GIVES YOU WINGSInspired by functional drinks from the Far East, Dietrich Mateschitz founded Red Bull in the mid-1980s. He developed a new product and a unique marketing concept and launched Red Bull Energy Drink on April 1, 1987 in Austria. A brand new product category - Energy Drinks - was born.",
            "volume": "250mL",
            "multipack": {
                "quantity": "4"
            }
        },
        "priceData": {
            "bestPrice": "8.29",
            "price": "8.29",
            "pricePerLitre": 8.299999999999999,
            "bestPricePerLitre": 8.299999999999999
        },
        "store": {
            "id": "0870db3b-2e91-43b7-89aa-ce3c031b3856",
            "name": "New World Greenmeadows"
        }
    },
    {
        "productData": {
            "name": "V Green Guarana Energy Drink 710ml",
            "productId": "5030250_ea_000",
            "productShopPage": "https://www.newworld.co.nz/shop/product/5030250_ea_000nw",
            "productImageURL": "https://a.fsimg.co.nz/product/retail/fan/image/master/5030250.png",
            "productDescription": "Contains Wheat Derivatives\n\nProduct of Imported",
            "volume": "250mL",
            "multipack": {
                "quantity": "3"
            }
        },
        "priceData": {
            "bestPrice": "3.49",
            "price": "3.49",
            "pricePerLitre": 4.9,
            "bestPricePerLitre": 4.9
        },
        "store": {
            "id": "0870db3b-2e91-43b7-89aa-ce3c031b3856",
            "name": "New World Greenmeadows"
        }
    },
    {
        "productData": {
            "name": "Lucozade Orange Energy Drink 380ml",
            "productId": "5009239_ea_000",
            "productShopPage": "https://www.newworld.co.nz/shop/product/5009239_ea_000nw",
            "productImageURL": "https://a.fsimg.co.nz/product/retail/fan/image/master/5009239.png",
            "productDescription": "Powered by Glucose.\n\nProduct of New Zealand",
            "volume": "380mL",
            "multipack": {
                "quantity": "1"
            }
        },
        "priceData": {
            "bestPrice": "2.69",
            "price": "2.69",
            "pricePerLitre": 7.08,
            "bestPricePerLitre": 7.08
        },
        "store": {
            "id": "0870db3b-2e91-43b7-89aa-ce3c031b3856",
            "name": "New World Greenmeadows"
        }
    },
    {
        "productData": {
            "name": "V Pure Natural Energy Drink Glass Bottle 330ml",
            "productId": "5237753_ea_000",
            "productShopPage": "https://www.newworld.co.nz/shop/product/5237753_ea_000nw",
            "productImageURL": "https://a.fsimg.co.nz/product/retail/fan/image/master/5237753.png",
            "productDescription": "Buy 2 for $5.00.\n\n\nNothing artificial\n\nProduct of New Zealand",
            "volume": "330mL",
            "multipack": {
                "quantity": "1"
            }
        },
        "priceData": {
            "bestPrice": 2.5,
            "price": 2.0,
            "pricePerLitre": 6.0606060606060606,
            "bestPricePerLitre": 7.575757575757575,
            "multiBuy": {
                "quantity": 2.0,
                "value": 5.0,
                "perUnit": 2.5
            }
        },
        "store": {
            "id": "0870db3b-2e91-43b7-89aa-ce3c031b3856",
            "name": "New World Greenmeadows"
        }
    },
    {
        "productData": {
            "name": "Rockstar Watermelon Freeze Energy Drink 500ml",
            "productId": "5257298_ea_000",
            "productShopPage": "https://www.newworld.co.nz/shop/product/5257298_ea_000nw",
            "productImageURL": "https://a.fsimg.co.nz/product/retail/fan/image/master/5257298.png",
            "productDescription": "Buy 3 for $5.00.\n\n\n\n\nProduct of New Zealand",
            "volume": "500mL",
            "multipack": {
                "quantity": "1"
            }
        },
        "priceData": {
            "bestPrice": 1.6666666666666667,
            "price": 1.0,
            "pricePerLitre": 2.0,
            "bestPricePerLitre": 3.3333333333333335,
            "multiBuy": {
                "quantity": 3.0,
                "value": 5.0,
                "perUnit": 1.6666666666666667
            }
        },
        "store": {
            "id": "0870db3b-2e91-43b7-89aa-ce3c031b3856",
            "name": "New World Greenmeadows"
        }
    },
    {
        "productData": {
            "name": "Rockstar Original Energy Drink 500ml",
            "productId": "5215383_ea_000",
            "productShopPage": "https://www.newworld.co.nz/shop/product/5215383_ea_000nw",
            "productImageURL": "https://a.fsimg.co.nz/product/retail/fan/image/master/5215383.png",
            "productDescription": "Buy 3 for $5.00.\n\n\nCaffeine; B vitamins; Vitamin C; Taurine; Ginseng\n\nProduct of New Zealand",
            "volume": "500mL",
            "multipack": {
                "quantity": "1"
            }
        },
        "priceData": {
            "bestPrice": 1.6666666666666667,
            "price": 1.0,
            "pricePerLitre": 2.0,
            "bestPricePerLitre": 3.3333333333333335,
            "multiBuy": {
                "quantity": 3.0,
                "value": 5.0,
                "perUnit": 1.6666666666666667
            }
        },
        "store": {
            "id": "0870db3b-2e91-43b7-89aa-ce3c031b3856",
            "name": "New World Greenmeadows"
        }
    },
    {
        "productData": {
            "name": "V Raspberry Lemonade Guarana Energy Drink 4pk",
            "productId": "5289907_ea_000",
            "productShopPage": "https://www.newworld.co.nz/shop/product/5289907_ea_000nw",
            "productImageURL": "https://a.fsimg.co.nz/product/retail/fan/image/master/5289907.png",
            "productDescription": "Limit 12 assorted.\n\n\n\n\nProduct of New Zealand",
            "volume": "250mL",
            "multipack": {
                "quantity": "4"
            }
        },
        "priceData": {
            "bestPrice": "5.99",
            "price": "5.99",
            "pricePerLitre": 5.99,
            "bestPricePerLitre": 5.99
        },
        "store": {
            "id": "0870db3b-2e91-43b7-89aa-ce3c031b3856",
            "name": "New World Greenmeadows"
        }
    },
    {
        "productData": {
            "name": "V Raspberry Lemonade Can 500ml",
            "productId": "5264523_ea_000",
            "productShopPage": "https://www.newworld.co.nz/shop/product/5264523_ea_000nw",
            "productImageURL": "https://a.fsimg.co.nz/product/retail/fan/image/master/5264523.png",
            "productDescription": "Product of New Zealand",
            "volume": "500mL",
            "multipack": {
                "quantity": "1"
            }
        },
        "priceData": {
            "bestPrice": "3.49",
            "price": "3.49",
            "pricePerLitre": 7.0,
            "bestPricePerLitre": 7.0
        },
        "store": {
            "id": "0870db3b-2e91-43b7-89aa-ce3c031b3856",
            "name": "New World Greenmeadows"
        }
    },
    {
        "productData": {
            "name": "V Blue Guarana Energy Drink 6pk",
            "productId": "5272988_ea_000",
            "productShopPage": "https://www.newworld.co.nz/shop/product/5272988_ea_000nw",
            "productImageURL": "https://a.fsimg.co.nz/product/retail/fan/image/master/5272988.png",
            "productDescription": "Product of New Zealand",
            "volume": "330mL",
            "multipack": {
                "quantity": "6"
            }
        },
        "priceData": {
            "bestPrice": "11.99",
            "price": "11.99",
            "pricePerLitre": 6.05,
            "bestPricePerLitre": 6.05
        },
        "store": {
            "id": "0870db3b-2e91-43b7-89aa-ce3c031b3856",
            "name": "New World Greenmeadows"
        }
    },
    {
        "productData": {
            "name": "V Blue Can 4pk",
            "productId": "5030249_ea_000",
            "productShopPage": "https://www.newworld.co.nz/shop/product/5030249_ea_000nw",
            "productImageURL": "https://a.fsimg.co.nz/product/retail/fan/image/master/5030249.png",
            "productDescription": "Limit 12 assorted.\n\n\nContains Wheat Derivatives, Caffeine.\n\nProduct of New Zealand",
            "volume": "250mL",
            "multipack": {
                "quantity": "4"
            }
        },
        "priceData": {
            "bestPrice": "5.99",
            "price": "5.99",
            "pricePerLitre": 5.99,
            "bestPricePerLitre": 5.99
        },
        "store": {
            "id": "0870db3b-2e91-43b7-89aa-ce3c031b3856",
            "name": "New World Greenmeadows"
        }
    },
    {
        "productData": {
            "name": "Monster Mango Loco Energy Drink 500ml",
            "productId": "5242374_ea_000",
            "productShopPage": "https://www.newworld.co.nz/shop/product/5242374_ea_000nw",
            "productImageURL": "https://a.fsimg.co.nz/product/retail/fan/image/master/5242374.png",
            "productDescription": "Product of Imported",
            "volume": "500mL",
            "multipack": {
                "quantity": "1"
            }
        },
        "priceData": {
            "bestPrice": "2.99",
            "price": "2.99",
            "pricePerLitre": 6.0,
            "bestPricePerLitre": 6.0
        },
        "store": {
            "id": "0870db3b-2e91-43b7-89aa-ce3c031b3856",
            "name": "New World Greenmeadows"
        }
    },
    {
        "productData": {
            "name": "Monster Zero Sugar Ultra Rosa Energy Drink 500ml",
            "productId": "5278094_ea_000",
            "productShopPage": "https://www.newworld.co.nz/shop/product/5278094_ea_000nw",
            "productImageURL": "https://a.fsimg.co.nz/product/retail/fan/image/master/5278094.png",
            "productDescription": "Product of Imported",
            "volume": "500mL",
            "multipack": {
                "quantity": "1"
            }
        },
        "priceData": {
            "bestPrice": "2.99",
            "price": "2.99",
            "pricePerLitre": 6.0,
            "bestPricePerLitre": 6.0
        },
        "store": {
            "id": "0870db3b-2e91-43b7-89aa-ce3c031b3856",
            "name": "New World Greenmeadows"
        }
    },
    {
        "productData": {
            "name": "Monster Mule Energy Drink 500ml",
            "productId": "5269459_ea_000",
            "productShopPage": "https://www.newworld.co.nz/shop/product/5269459_ea_000nw",
            "productImageURL": "https://a.fsimg.co.nz/product/retail/fan/image/master/5269459.png",
            "productDescription": "Product of Imported",
            "volume": "500mL",
            "multipack": {
                "quantity": "1"
            }
        },
        "priceData": {
            "bestPrice": "2.99",
            "price": "2.99",
            "pricePerLitre": 6.0,
            "bestPricePerLitre": 6.0
        },
        "store": {
            "id": "0870db3b-2e91-43b7-89aa-ce3c031b3856",
            "name": "New World Greenmeadows"
        }
    },
    {
        "productData": {
            "name": "Monster Ultra Paradise Energy Drink 500ml",
            "productId": "5261257_ea_000",
            "productShopPage": "https://www.newworld.co.nz/shop/product/5261257_ea_000nw",
            "productImageURL": "https://a.fsimg.co.nz/product/retail/fan/image/master/5261257.png",
            "productDescription": "Product of Imported",
            "volume": "500mL",
            "multipack": {
                "quantity": "1"
            }
        },
        "priceData": {
            "bestPrice": "2.99",
            "price": "2.99",
            "pricePerLitre": 6.0,
            "bestPricePerLitre": 6.0
        },
        "store": {
            "id": "0870db3b-2e91-43b7-89aa-ce3c031b3856",
            "name": "New World Greenmeadows"
        }
    },
    {
        "productData": {
            "name": "V Energy Drink Green Cans 4pk",
            "productId": "5002893_ea_000",
            "productShopPage": "https://www.newworld.co.nz/shop/product/5002893_ea_000nw",
            "productImageURL": "https://a.fsimg.co.nz/product/retail/fan/image/master/5002893.png",
            "productDescription": "Limit 12 assorted.\n\n\nContains Caffeine.\n\nProduct of New Zealand",
            "volume": "250mL",
            "multipack": {
                "quantity": "4"
            }
        },
        "priceData": {
            "bestPrice": "5.99",
            "price": "5.99",
            "pricePerLitre": 5.99,
            "bestPricePerLitre": 5.99
        },
        "store": {
            "id": "0870db3b-2e91-43b7-89aa-ce3c031b3856",
            "name": "New World Greenmeadows"
        }
    },
    {
        "productData": {
            "name": "Monster Ultra Zero Drink 500ml",
            "productId": "5090618_ea_000",
            "productShopPage": "https://www.newworld.co.nz/shop/product/5090618_ea_000nw",
            "productImageURL": "https://a.fsimg.co.nz/product/retail/fan/image/master/5090618.png",
            "productDescription": "A little less sweet, lighter-tasting, zero calories, but with a full load of our Monster energy blend. Sure, white is the new black. Monster Energy Zero Ultra. Unleash the Ultra Beast!\n\nProduct of Imported",
            "volume": "500mL",
            "multipack": {
                "quantity": "1"
            }
        },
        "priceData": {
            "bestPrice": "2.99",
            "price": "2.99",
            "pricePerLitre": 6.0,
            "bestPricePerLitre": 6.0
        },
        "store": {
            "id": "0870db3b-2e91-43b7-89aa-ce3c031b3856",
            "name": "New World Greenmeadows"
        }
    },
    {
        "productData": {
            "name": "Monster Super Fuel Zero Sugar Energy Drink 550ml",
            "productId": "5284331_ea_000",
            "productShopPage": "https://www.newworld.co.nz/shop/product/5284331_ea_000nw",
            "productImageURL": "https://a.fsimg.co.nz/product/retail/fan/image/master/5284331.png",
            "productDescription": "Product of Imported",
            "volume": "550mL",
            "multipack": {
                "quantity": "1"
            }
        },
        "priceData": {
            "bestPrice": "3.49",
            "price": "3.49",
            "pricePerLitre": 6.345454545454546,
            "bestPricePerLitre": 6.345454545454546
        },
        "store": {
            "id": "0870db3b-2e91-43b7-89aa-ce3c031b3856",
            "name": "New World Greenmeadows"
        }
    },
    {
        "productData": {
            "name": "Mother Energy Drink Can 500ml",
            "productId": "5011153_ea_000",
            "productShopPage": "https://www.newworld.co.nz/shop/product/5011153_ea_000nw",
            "productImageURL": "https://a.fsimg.co.nz/product/retail/fan/image/master/5011153.png",
            "productDescription": "Contains Caffeine.\n\nProduct of New Zealand",
            "volume": "500mL",
            "multipack": {
                "quantity": "1"
            }
        },
        "priceData": {
            "bestPrice": "1.99",
            "price": "1.99",
            "pricePerLitre": 4.0,
            "bestPricePerLitre": 4.0
        },
        "store": {
            "id": "0870db3b-2e91-43b7-89aa-ce3c031b3856",
            "name": "New World Greenmeadows"
        }
    },
    {
        "productData": {
            "name": "Monster Super Fuel Purple Passion Energy Drink 550ml",
            "productId": "5284332_ea_000",
            "productShopPage": "https://www.newworld.co.nz/shop/product/5284332_ea_000nw",
            "productImageURL": "https://a.fsimg.co.nz/product/retail/fan/image/master/5284332.png",
            "productDescription": "Product of Imported",
            "volume": "550mL",
            "multipack": {
                "quantity": "1"
            }
        },
        "priceData": {
            "bestPrice": "3.49",
            "price": "3.49",
            "pricePerLitre": 6.345454545454546,
            "bestPricePerLitre": 6.345454545454546
        },
        "store": {
            "id": "0870db3b-2e91-43b7-89aa-ce3c031b3856",
            "name": "New World Greenmeadows"
        }
    },
    {
        "productData": {
            "name": "Monster Pipeline Punch Energy Drink 500ml",
            "productId": "5242373_ea_000",
            "productShopPage": "https://www.newworld.co.nz/shop/product/5242373_ea_000nw",
            "productImageURL": "https://a.fsimg.co.nz/product/retail/fan/image/master/5242373.png",
            "productDescription": "Product of Imported",
            "volume": "500mL",
            "multipack": {
                "quantity": "1"
            }
        },
        "priceData": {
            "bestPrice": "2.99",
            "price": "2.99",
            "pricePerLitre": 6.0,
            "bestPricePerLitre": 6.0
        },
        "store": {
            "id": "0870db3b-2e91-43b7-89aa-ce3c031b3856",
            "name": "New World Greenmeadows"
        }
    },
    {
        "productData": {
            "name": "Monster Energy Drink 500ml",
            "productId": "5007647_ea_000",
            "productShopPage": "https://www.newworld.co.nz/shop/product/5007647_ea_000nw",
            "productImageURL": "https://a.fsimg.co.nz/product/retail/fan/image/master/5007647.png",
            "productDescription": "Contains Caffeine.\n\nProduct of Imported",
            "volume": "500mL",
            "multipack": {
                "quantity": "1"
            }
        },
        "priceData": {
            "bestPrice": "2.99",
            "price": "2.99",
            "pricePerLitre": 6.0,
            "bestPricePerLitre": 6.0
        },
        "store": {
            "id": "0870db3b-2e91-43b7-89aa-ce3c031b3856",
            "name": "New World Greenmeadows"
        }
    },
    {
        "productData": {
            "name": "V Sugarfree Guarana Energy Drink 500ml",
            "productId": "5007644_ea_000",
            "productShopPage": "https://www.newworld.co.nz/shop/product/5007644_ea_000nw",
            "productImageURL": "https://a.fsimg.co.nz/product/retail/fan/image/master/5007644.png",
            "productDescription": "Sugar Free.\n\nProduct of New Zealand",
            "volume": "500mL",
            "multipack": {
                "quantity": "1"
            }
        },
        "priceData": {
            "bestPrice": "3.49",
            "price": "3.49",
            "pricePerLitre": 7.0,
            "bestPricePerLitre": 7.0
        },
        "store": {
            "id": "0870db3b-2e91-43b7-89aa-ce3c031b3856",
            "name": "New World Greenmeadows"
        }
    },
    {
        "productData": {
            "name": "V Original Guarana Energy Drink 500ml",
            "productId": "5004703_ea_000",
            "productShopPage": "https://www.newworld.co.nz/shop/product/5004703_ea_000nw",
            "productImageURL": "https://a.fsimg.co.nz/product/retail/fan/image/master/5004703.png",
            "productDescription": "Contains Caffeine.\n\nProduct of New Zealand",
            "volume": "500mL",
            "multipack": {
                "quantity": "1"
            }
        },
        "priceData": {
            "bestPrice": "3.49",
            "price": "3.49",
            "pricePerLitre": 7.0,
            "bestPricePerLitre": 7.0
        },
        "store": {
            "id": "0870db3b-2e91-43b7-89aa-ce3c031b3856",
            "name": "New World Greenmeadows"
        }
    },
    {
        "productData": {
            "name": "V Original Guarana Energy Drink 500ml",
            "productId": "5007441_ea_000",
            "productShopPage": "https://www.newworld.co.nz/shop/product/5007441_ea_000nw",
            "productImageURL": "https://a.fsimg.co.nz/product/retail/fan/image/master/5007441.png",
            "productDescription": "Buy 2 for $5.00.\n\n\nContains Wheat Derivatives, Caffeine.\n\nProduct of New Zealand",
            "volume": "500mL",
            "multipack": {
                "quantity": "1"
            }
        },
        "priceData": {
            "bestPrice": 2.5,
            "price": 2.0,
            "pricePerLitre": 4.0,
            "bestPricePerLitre": 5.0,
            "multiBuy": {
                "quantity": 2.0,
                "value": 5.0,
                "perUnit": 2.5
            }
        },
        "store": {
            "id": "0870db3b-2e91-43b7-89aa-ce3c031b3856",
            "name": "New World Greenmeadows"
        }
    },
    {
        "productData": {
            "name": "V Blue Guarana Energy Drink 250ml",
            "productId": "5007495_ea_000",
            "productShopPage": "https://www.newworld.co.nz/shop/product/5007495_ea_000nw",
            "productImageURL": "https://a.fsimg.co.nz/product/retail/fan/image/master/5007495.png",
            "productDescription": "Contains Caffeine, Wheat Derivatives.\n\nProduct of New Zealand",
            "volume": "250mL",
            "multipack": {
                "quantity": "1"
            }
        },
        "priceData": {
            "bestPrice": "1.99",
            "price": "1.99",
            "pricePerLitre": 8.0,
            "bestPricePerLitre": 8.0
        },
        "store": {
            "id": "60928d93-06fa-4d8f-92a6-8c359e7e846d",
            "name": "New World Metro Auckland"
        }
    },
    {
        "productData": {
            "name": "V Sugarfree Guarana Energy Drink 250ml",
            "productId": "5001639_ea_000",
            "productShopPage": "https://www.newworld.co.nz/shop/product/5001639_ea_000nw",
            "productImageURL": "https://a.fsimg.co.nz/product/retail/fan/image/master/5001639.png",
            "productDescription": "Sugar Free. Contains Caffeine.\n\nProduct of New Zealand",
            "volume": "250mL",
            "multipack": {
                "quantity": "1"
            }
        },
        "priceData": {
            "bestPrice": "1.99",
            "price": "1.99",
            "pricePerLitre": 8.0,
            "bestPricePerLitre": 8.0
        },
        "store": {
            "id": "60928d93-06fa-4d8f-92a6-8c359e7e846d",
            "name": "New World Metro Auckland"
        }
    },
    {
        "productData": {
            "name": "Live Plus Persist Energy Drink 250ml",
            "productId": "5236678_ea_000",
            "productShopPage": "https://www.newworld.co.nz/shop/product/5236678_ea_000nw",
            "productImageURL": "https://a.fsimg.co.nz/product/retail/fan/image/master/5236678.png",
            "productDescription": "Limit 12 assorted.\n\n\n\n\nProduct of New Zealand",
            "volume": "",
            "multipack": {
                "quantity": ""
            }
        },
        "priceData": {
            "bestPrice": "0.99",
            "price": "0.99"
        },
        "store": {
            "id": "60928d93-06fa-4d8f-92a6-8c359e7e846d",
            "name": "New World Metro Auckland"
        }
    },
    {
        "productData": {
            "name": "V Sugarfree Blue Guarana Energy Drink 500ml",
            "productId": "5283362_ea_000",
            "productShopPage": "https://www.newworld.co.nz/shop/product/5283362_ea_000nw",
            "productImageURL": "https://a.fsimg.co.nz/product/retail/fan/image/master/5283362.png",
            "productDescription": "Sugar free\n\nProduct of New Zealand",
            "volume": "500mL",
            "multipack": {
                "quantity": "1"
            }
        },
        "priceData": {
            "bestPrice": "3.49",
            "price": "3.49",
            "pricePerLitre": 7.0,
            "bestPricePerLitre": 7.0
        },
        "store": {
            "id": "60928d93-06fa-4d8f-92a6-8c359e7e846d",
            "name": "New World Metro Auckland"
        }
    },
    {
        "productData": {
            "name": "V Original Guarana Energy Drink 350ml",
            "productId": "5003156_ea_000",
            "productShopPage": "https://www.newworld.co.nz/shop/product/5003156_ea_000nw",
            "productImageURL": "https://a.fsimg.co.nz/product/retail/fan/image/master/5003156.png",
            "productDescription": "Buy 2 for $5.00.\n\n\nContains Caffeine.\n\nProduct of New Zealand",
            "volume": "350mL",
            "multipack": {
                "quantity": "1"
            }
        },
        "priceData": {
            "bestPrice": 2.5,
            "price": 2.0,
            "pricePerLitre": 5.714285714285714,
            "bestPricePerLitre": 7.142857142857143,
            "multiBuy": {
                "quantity": 2.0,
                "value": 5.0,
                "perUnit": 2.5
            }
        },
        "store": {
            "id": "60928d93-06fa-4d8f-92a6-8c359e7e846d",
            "name": "New World Metro Auckland"
        }
    },
    {
        "productData": {
            "name": "V Blue Guarana Energy Drink 4pk",
            "productId": "5210055_ea_000",
            "productShopPage": "https://www.newworld.co.nz/shop/product/5210055_ea_000nw",
            "productImageURL": "https://a.fsimg.co.nz/product/retail/fan/image/master/5210055.png",
            "productDescription": "Product of New Zealand",
            "volume": "275mL",
            "multipack": {
                "quantity": "4"
            }
        },
        "priceData": {
            "bestPrice": "5.99",
            "price": "5.99",
            "pricePerLitre": 5.4,
            "bestPricePerLitre": 5.4
        },
        "store": {
            "id": "60928d93-06fa-4d8f-92a6-8c359e7e846d",
            "name": "New World Metro Auckland"
        }
    },
    {
        "productData": {
            "name": "V Blue Guarana Energy Drink 350ml",
            "productId": "5007492_ea_000",
            "productShopPage": "https://www.newworld.co.nz/shop/product/5007492_ea_000nw",
            "productImageURL": "https://a.fsimg.co.nz/product/retail/fan/image/master/5007492.png",
            "productDescription": "Buy 2 for $5.00.\n\n\nContains Caffeine, Wheat Derivatives.\n\nProduct of New Zealand",
            "volume": "350mL",
            "multipack": {
                "quantity": "1"
            }
        },
        "priceData": {
            "bestPrice": 2.5,
            "price": 2.0,
            "pricePerLitre": 5.714285714285714,
            "bestPricePerLitre": 7.142857142857143,
            "multiBuy": {
                "quantity": 2.0,
                "value": 5.0,
                "perUnit": 2.5
            }
        },
        "store": {
            "id": "60928d93-06fa-4d8f-92a6-8c359e7e846d",
            "name": "New World Metro Auckland"
        }
    },
    {
        "productData": {
            "name": "V Blue Energy Drink 500ml",
            "productId": "5020662_ea_000",
            "productShopPage": "https://www.newworld.co.nz/shop/product/5020662_ea_000nw",
            "productImageURL": "https://a.fsimg.co.nz/product/retail/fan/image/master/5020662.png",
            "productDescription": "Buy 2 for $5.00.\n\n\n\n\nProduct of New Zealand",
            "volume": "500mL",
            "multipack": {
                "quantity": "1"
            }
        },
        "priceData": {
            "bestPrice": 2.5,
            "price": 2.0,
            "pricePerLitre": 4.0,
            "bestPricePerLitre": 5.0,
            "multiBuy": {
                "quantity": 2.0,
                "value": 5.0,
                "perUnit": 2.5
            }
        },
        "store": {
            "id": "60928d93-06fa-4d8f-92a6-8c359e7e846d",
            "name": "New World Metro Auckland"
        }
    },
    {
        "productData": {
            "name": "V Blue Guarana Energy Drink 500ml",
            "productId": "5007494_ea_000",
            "productShopPage": "https://www.newworld.co.nz/shop/product/5007494_ea_000nw",
            "productImageURL": "https://a.fsimg.co.nz/product/retail/fan/image/master/5007494.png",
            "productDescription": "Contains Wheat Derivatives, Caffeine.\n\nProduct of New Zealand",
            "volume": "500mL",
            "multipack": {
                "quantity": "1"
            }
        },
        "priceData": {
            "bestPrice": "3.49",
            "price": "3.49",
            "pricePerLitre": 7.0,
            "bestPricePerLitre": 7.0
        },
        "store": {
            "id": "60928d93-06fa-4d8f-92a6-8c359e7e846d",
            "name": "New World Metro Auckland"
        }
    },
    {
        "productData": {
            "name": "Red Bull Energy Drink 473ml",
            "productId": "5005255_ea_000",
            "productShopPage": "https://www.newworld.co.nz/shop/product/5005255_ea_000nw",
            "productImageURL": "https://a.fsimg.co.nz/product/retail/fan/image/master/5005255.png",
            "productDescription": "Red Bull Energy Drink's special formula contains ingredients of high quality: Caffeine, Taurine, B-Group Vitamins, Sugars, Alpine Water.One 250ml can of Red Bull Energy Drinks contains 80 mg of caffeine, about the same amount as in a cup of home-brewed coffee.The amount of sugars in a can of Red Bull Energy Drink is comparable to the level of sugars in an equivalent amount of apple or orange juice – 11 g per 100ml.Red Bull cans are made of 100% recyclable aluminium.Red Bull Energy Drink 473ml canVitalizes Body and Mind.®RED BULL GIVES YOU WINGSInspired by functional drinks from the Far East, Dietrich Mateschitz founded Red Bull in the mid-1980s. He developed a new product and a unique marketing concept and launched Red Bull Energy Drink on April 1, 1987 in Austria. A brand new product category - Energy Drinks - was born.\n\nProduct of Imported",
            "volume": "473mL",
            "multipack": {
                "quantity": "1"
            }
        },
        "priceData": {
            "bestPrice": "3.99",
            "price": "3.99",
            "pricePerLitre": 8.4,
            "bestPricePerLitre": 8.4
        },
        "store": {
            "id": "60928d93-06fa-4d8f-92a6-8c359e7e846d",
            "name": "New World Metro Auckland"
        }
    },
    {
        "productData": {
            "name": "V Original Guarana Energy Drink 250ml",
            "productId": "5003151_ea_000",
            "productShopPage": "https://www.newworld.co.nz/shop/product/5003151_ea_000nw",
            "productImageURL": "https://a.fsimg.co.nz/product/retail/fan/image/master/5003151.png",
            "productDescription": "Contains Caffeine.\n\nProduct of New Zealand",
            "volume": "250mL",
            "multipack": {
                "quantity": "1"
            }
        },
        "priceData": {
            "bestPrice": "1.99",
            "price": "1.99",
            "pricePerLitre": 8.0,
            "bestPricePerLitre": 8.0
        },
        "store": {
            "id": "60928d93-06fa-4d8f-92a6-8c359e7e846d",
            "name": "New World Metro Auckland"
        }
    },
    {
        "productData": {
            "name": "Red Bull Energy Drink 250ml Cans 4pk",
            "productId": "5001443_ea_000",
            "productShopPage": "https://www.newworld.co.nz/shop/product/5001443_ea_000nw",
            "productImageURL": "https://a.fsimg.co.nz/product/retail/fan/image/master/5001443.png",
            "productDescription": "Red Bull Energy Drink's special formula contains ingredients of high quality: Caffeine, Taurine, B-Group Vitamins, Sugars, Alpine Water.One 250ml can of Red Bull Energy Drinks contains 80 mg of caffeine, about the same amount as in a cup of home-brewed coffee.The amount of sugars in a can of Red Bull Energy Drink is comparable to the level of sugars in an equivalent amount of apple or orange juice – 11 g per 100ml.Red Bull cans are made of 100% recyclable aluminium.Pack of four 250ml Red Bull Energy Drink cansVitalizes Body and Mind.®RED BULL GIVES YOU WINGSInspired by functional drinks from the Far East, Dietrich Mateschitz founded Red Bull in the mid-1980s. He developed a new product and a unique marketing concept and launched Red Bull Energy Drink on April 1, 1987 in Austria. A brand new product category - Energy Drinks - was born.",
            "volume": "250mL",
            "multipack": {
                "quantity": "4"
            }
        },
        "priceData": {
            "bestPrice": "8.99",
            "price": "8.99",
            "pricePerLitre": 9.0,
            "bestPricePerLitre": 9.0
        },
        "store": {
            "id": "60928d93-06fa-4d8f-92a6-8c359e7e846d",
            "name": "New World Metro Auckland"
        }
    },
    {
        "productData": {
            "name": "V Green Guarana Energy Drink 710ml",
            "productId": "5030250_ea_000",
            "productShopPage": "https://www.newworld.co.nz/shop/product/5030250_ea_000nw",
            "productImageURL": "https://a.fsimg.co.nz/product/retail/fan/image/master/5030250.png",
            "productDescription": "Contains Wheat Derivatives\n\nProduct of Imported",
            "volume": "250mL",
            "multipack": {
                "quantity": "3"
            }
        },
        "priceData": {
            "bestPrice": "3.49",
            "price": "3.49",
            "pricePerLitre": 4.9,
            "bestPricePerLitre": 4.9
        },
        "store": {
            "id": "60928d93-06fa-4d8f-92a6-8c359e7e846d",
            "name": "New World Metro Auckland"
        }
    },
    {
        "productData": {
            "name": "V Pure Natural Energy Drink Can 250ml",
            "productId": "5237735_ea_000",
            "productShopPage": "https://www.newworld.co.nz/shop/product/5237735_ea_000nw",
            "productImageURL": "https://a.fsimg.co.nz/product/retail/fan/image/master/5237735.png",
            "productDescription": "6 natural ingredients; Nothing artificial; Apple juice - Apple and lemon juice is reconstituted; Lemon juice - Apple and lemon juice is reconstituted\n\nProduct of New Zealand",
            "volume": "250mL",
            "multipack": {
                "quantity": "1"
            }
        },
        "priceData": {
            "bestPrice": "1.99",
            "price": "1.99",
            "pricePerLitre": 8.0,
            "bestPricePerLitre": 8.0
        },
        "store": {
            "id": "60928d93-06fa-4d8f-92a6-8c359e7e846d",
            "name": "New World Metro Auckland"
        }
    },
    {
        "productData": {
            "name": "Rockstar Original Energy Drink 500ml",
            "productId": "5215383_ea_000",
            "productShopPage": "https://www.newworld.co.nz/shop/product/5215383_ea_000nw",
            "productImageURL": "https://a.fsimg.co.nz/product/retail/fan/image/master/5215383.png",
            "productDescription": "Buy 3 for $5.00.\n\n\nCaffeine; B vitamins; Vitamin C; Taurine; Ginseng\n\nProduct of New Zealand",
            "volume": "500mL",
            "multipack": {
                "quantity": "1"
            }
        },
        "priceData": {
            "bestPrice": 1.6666666666666667,
            "price": 1.0,
            "pricePerLitre": 2.0,
            "bestPricePerLitre": 3.3333333333333335,
            "multiBuy": {
                "quantity": 3.0,
                "value": 5.0,
                "perUnit": 1.6666666666666667
            }
        },
        "store": {
            "id": "60928d93-06fa-4d8f-92a6-8c359e7e846d",
            "name": "New World Metro Auckland"
        }
    },
    {
        "productData": {
            "name": "V Blue Can 4pk",
            "productId": "5030249_ea_000",
            "productShopPage": "https://www.newworld.co.nz/shop/product/5030249_ea_000nw",
            "productImageURL": "https://a.fsimg.co.nz/product/retail/fan/image/master/5030249.png",
            "productDescription": "Limit 12 assorted.\n\n\nContains Wheat Derivatives, Caffeine.\n\nProduct of New Zealand",
            "volume": "250mL",
            "multipack": {
                "quantity": "4"
            }
        },
        "priceData": {
            "bestPrice": "5.99",
            "price": "5.99",
            "pricePerLitre": 5.99,
            "bestPricePerLitre": 5.99
        },
        "store": {
            "id": "60928d93-06fa-4d8f-92a6-8c359e7e846d",
            "name": "New World Metro Auckland"
        }
    },
    {
        "productData": {
            "name": "V Energy Drink Sugarfree Cans 4pk",
            "productId": "5004117_ea_000",
            "productShopPage": "https://www.newworld.co.nz/shop/product/5004117_ea_000nw",
            "productImageURL": "https://a.fsimg.co.nz/product/retail/fan/image/master/5004117.png",
            "productDescription": "Limit 12 assorted.\n\n\nSugar Free. Contains Caffeine.\n\nProduct of New Zealand",
            "volume": "250mL",
            "multipack": {
                "quantity": "4"
            }
        },
        "priceData": {
            "bestPrice": "5.99",
            "price": "5.99",
            "pricePerLitre": 5.99,
            "bestPricePerLitre": 5.99
        },
        "store": {
            "id": "60928d93-06fa-4d8f-92a6-8c359e7e846d",
            "name": "New World Metro Auckland"
        }
    },
    {
        "productData": {
            "name": "Monster Zero Sugar Ultra Rosa Energy Drink 500ml",
            "productId": "5278094_ea_000",
            "productShopPage": "https://www.newworld.co.nz/shop/product/5278094_ea_000nw",
            "productImageURL": "https://a.fsimg.co.nz/product/retail/fan/image/master/5278094.png",
            "productDescription": "Product of Imported",
            "volume": "500mL",
            "multipack": {
                "quantity": "1"
            }
        },
        "priceData": {
            "bestPrice": "2.99",
            "price": "2.99",
            "pricePerLitre": 6.0,
            "bestPricePerLitre": 6.0
        },
        "store": {
            "id": "60928d93-06fa-4d8f-92a6-8c359e7e846d",
            "name": "New World Metro Auckland"
        }
    },
    {
        "productData": {
            "name": "Monster Ultra Paradise Energy Drink 500ml",
            "productId": "5261257_ea_000",
            "productShopPage": "https://www.newworld.co.nz/shop/product/5261257_ea_000nw",
            "productImageURL": "https://a.fsimg.co.nz/product/retail/fan/image/master/5261257.png",
            "productDescription": "Product of Imported",
            "volume": "500mL",
            "multipack": {
                "quantity": "1"
            }
        },
        "priceData": {
            "bestPrice": "2.99",
            "price": "2.99",
            "pricePerLitre": 6.0,
            "bestPricePerLitre": 6.0
        },
        "store": {
            "id": "60928d93-06fa-4d8f-92a6-8c359e7e846d",
            "name": "New World Metro Auckland"
        }
    },
    {
        "productData": {
            "name": "V Energy Drink Green Cans 4pk",
            "productId": "5002893_ea_000",
            "productShopPage": "https://www.newworld.co.nz/shop/product/5002893_ea_000nw",
            "productImageURL": "https://a.fsimg.co.nz/product/retail/fan/image/master/5002893.png",
            "productDescription": "Limit 12 assorted.\n\n\nContains Caffeine.\n\nProduct of New Zealand",
            "volume": "250mL",
            "multipack": {
                "quantity": "4"
            }
        },
        "priceData": {
            "bestPrice": "5.99",
            "price": "5.99",
            "pricePerLitre": 5.99,
            "bestPricePerLitre": 5.99
        },
        "store": {
            "id": "60928d93-06fa-4d8f-92a6-8c359e7e846d",
            "name": "New World Metro Auckland"
        }
    },
    {
        "productData": {
            "name": "Monster Ultra Zero Drink 500ml",
            "productId": "5090618_ea_000",
            "productShopPage": "https://www.newworld.co.nz/shop/product/5090618_ea_000nw",
            "productImageURL": "https://a.fsimg.co.nz/product/retail/fan/image/master/5090618.png",
            "productDescription": "A little less sweet, lighter-tasting, zero calories, but with a full load of our Monster energy blend. Sure, white is the new black. Monster Energy Zero Ultra. Unleash the Ultra Beast!\n\nProduct of Imported",
            "volume": "500mL",
            "multipack": {
                "quantity": "1"
            }
        },
        "priceData": {
            "bestPrice": "2.99",
            "price": "2.99",
            "pricePerLitre": 6.0,
            "bestPricePerLitre": 6.0
        },
        "store": {
            "id": "60928d93-06fa-4d8f-92a6-8c359e7e846d",
            "name": "New World Metro Auckland"
        }
    },
    {
        "productData": {
            "name": "Monster Super Fuel Zero Sugar Energy Drink 550ml",
            "productId": "5284331_ea_000",
            "productShopPage": "https://www.newworld.co.nz/shop/product/5284331_ea_000nw",
            "productImageURL": "https://a.fsimg.co.nz/product/retail/fan/image/master/5284331.png",
            "productDescription": "Product of Imported",
            "volume": "550mL",
            "multipack": {
                "quantity": "1"
            }
        },
        "priceData": {
            "bestPrice": "3.49",
            "price": "3.49",
            "pricePerLitre": 6.345454545454546,
            "bestPricePerLitre": 6.345454545454546
        },
        "store": {
            "id": "60928d93-06fa-4d8f-92a6-8c359e7e846d",
            "name": "New World Metro Auckland"
        }
    },
    {
        "productData": {
            "name": "Mother Energy Drink Can 500ml",
            "productId": "5011153_ea_000",
            "productShopPage": "https://www.newworld.co.nz/shop/product/5011153_ea_000nw",
            "productImageURL": "https://a.fsimg.co.nz/product/retail/fan/image/master/5011153.png",
            "productDescription": "Contains Caffeine.\n\nProduct of New Zealand",
            "volume": "500mL",
            "multipack": {
                "quantity": "1"
            }
        },
        "priceData": {
            "bestPrice": "1.99",
            "price": "1.99",
            "pricePerLitre": 4.0,
            "bestPricePerLitre": 4.0
        },
        "store": {
            "id": "60928d93-06fa-4d8f-92a6-8c359e7e846d",
            "name": "New World Metro Auckland"
        }
    },
    {
        "productData": {
            "name": "Monster Super Fuel Purple Passion Energy Drink 550ml",
            "productId": "5284332_ea_000",
            "productShopPage": "https://www.newworld.co.nz/shop/product/5284332_ea_000nw",
            "productImageURL": "https://a.fsimg.co.nz/product/retail/fan/image/master/5284332.png",
            "productDescription": "Product of Imported",
            "volume": "550mL",
            "multipack": {
                "quantity": "1"
            }
        },
        "priceData": {
            "bestPrice": "3.49",
            "price": "3.49",
            "pricePerLitre": 6.345454545454546,
            "bestPricePerLitre": 6.345454545454546
        },
        "store": {
            "id": "60928d93-06fa-4d8f-92a6-8c359e7e846d",
            "name": "New World Metro Auckland"
        }
    },
    {
        "productData": {
            "name": "Monster Energy Drink 500ml",
            "productId": "5007647_ea_000",
            "productShopPage": "https://www.newworld.co.nz/shop/product/5007647_ea_000nw",
            "productImageURL": "https://a.fsimg.co.nz/product/retail/fan/image/master/5007647.png",
            "productDescription": "Contains Caffeine.\n\nProduct of Imported",
            "volume": "500mL",
            "multipack": {
                "quantity": "1"
            }
        },
        "priceData": {
            "bestPrice": "2.99",
            "price": "2.99",
            "pricePerLitre": 6.0,
            "bestPricePerLitre": 6.0
        },
        "store": {
            "id": "60928d93-06fa-4d8f-92a6-8c359e7e846d",
            "name": "New World Metro Auckland"
        }
    },
    {
        "productData": {
            "name": "V Sugarfree Guarana Energy Drink 500ml",
            "productId": "5007644_ea_000",
            "productShopPage": "https://www.newworld.co.nz/shop/product/5007644_ea_000nw",
            "productImageURL": "https://a.fsimg.co.nz/product/retail/fan/image/master/5007644.png",
            "productDescription": "Sugar Free.\n\nProduct of New Zealand",
            "volume": "500mL",
            "multipack": {
                "quantity": "1"
            }
        },
        "priceData": {
            "bestPrice": "3.49",
            "price": "3.49",
            "pricePerLitre": 7.0,
            "bestPricePerLitre": 7.0
        },
        "store": {
            "id": "60928d93-06fa-4d8f-92a6-8c359e7e846d",
            "name": "New World Metro Auckland"
        }
    },
    {
        "productData": {
            "name": "V Original Guarana Energy Drink 500ml",
            "productId": "5004703_ea_000",
            "productShopPage": "https://www.newworld.co.nz/shop/product/5004703_ea_000nw",
            "productImageURL": "https://a.fsimg.co.nz/product/retail/fan/image/master/5004703.png",
            "productDescription": "Contains Caffeine.\n\nProduct of New Zealand",
            "volume": "500mL",
            "multipack": {
                "quantity": "1"
            }
        },
        "priceData": {
            "bestPrice": "3.49",
            "price": "3.49",
            "pricePerLitre": 7.0,
            "bestPricePerLitre": 7.0
        },
        "store": {
            "id": "60928d93-06fa-4d8f-92a6-8c359e7e846d",
            "name": "New World Metro Auckland"
        }
    },
    {
        "productData": {
            "name": "V Original Guarana Energy Drink 4pk",
            "productId": "5210048_ea_000",
            "productShopPage": "https://www.newworld.co.nz/shop/product/5210048_ea_000nw",
            "productImageURL": "https://a.fsimg.co.nz/product/retail/fan/image/master/5210048.png",
            "productDescription": "Product of New Zealand",
            "volume": "275mL",
            "multipack": {
                "quantity": "4"
            }
        },
        "priceData": {
            "bestPrice": "10.29",
            "price": "10.29",
            "pricePerLitre": 9.399999999999999,
            "bestPricePerLitre": 9.399999999999999
        },
        "store": {
            "id": "60928d93-06fa-4d8f-92a6-8c359e7e846d",
            "name": "New World Metro Auckland"
        }
    },
    {
        "productData": {
            "name": "V Original Guarana Energy Drink 500ml",
            "productId": "5007441_ea_000",
            "productShopPage": "https://www.newworld.co.nz/shop/product/5007441_ea_000nw",
            "productImageURL": "https://a.fsimg.co.nz/product/retail/fan/image/master/5007441.png",
            "productDescription": "Buy 2 for $5.00.\n\n\nContains Wheat Derivatives, Caffeine.\n\nProduct of New Zealand",
            "volume": "500mL",
            "multipack": {
                "quantity": "1"
            }
        },
        "priceData": {
            "bestPrice": 2.5,
            "price": 2.0,
            "pricePerLitre": 4.0,
            "bestPricePerLitre": 5.0,
            "multiBuy": {
                "quantity": 2.0,
                "value": 5.0,
                "perUnit": 2.5
            }
        },
        "store": {
            "id": "60928d93-06fa-4d8f-92a6-8c359e7e846d",
            "name": "New World Metro Auckland"
        }
    },
    {
        "productData": {
            "name": "V Blue Guarana Energy Drink 10pk",
            "productId": "5290181_ea_000",
            "productShopPage": "https://www.newworld.co.nz/shop/product/5290181_ea_000nw",
            "productImageURL": "https://a.fsimg.co.nz/product/retail/fan/image/master/5290181.png",
            "productDescription": "Product of New Zealand",
            "volume": "250mL",
            "multipack": {
                "quantity": "10"
            }
        },
        "priceData": {
            "bestPrice": "17.99",
            "price": "17.99",
            "pricePerLitre": 7.2,
            "bestPricePerLitre": 7.2
        },
        "store": {
            "id": "5dde0d09-05ca-4b78-ab83-00e47233cf55",
            "name": "New World Otaki"
        }
    },
    {
        "productData": {
            "name": "V Blue Guarana Energy Drink 250ml",
            "productId": "5007495_ea_000",
            "productShopPage": "https://www.newworld.co.nz/shop/product/5007495_ea_000nw",
            "productImageURL": "https://a.fsimg.co.nz/product/retail/fan/image/master/5007495.png",
            "productDescription": "Contains Caffeine, Wheat Derivatives.\n\nProduct of New Zealand",
            "volume": "250mL",
            "multipack": {
                "quantity": "1"
            }
        },
        "priceData": {
            "bestPrice": "1.99",
            "price": "1.99",
            "pricePerLitre": 8.0,
            "bestPricePerLitre": 8.0
        },
        "store": {
            "id": "5dde0d09-05ca-4b78-ab83-00e47233cf55",
            "name": "New World Otaki"
        }
    },
    {
        "productData": {
            "name": "V Sugarfree Blue Guarana Energy Drink 4pk",
            "productId": "5289891_ea_000",
            "productShopPage": "https://www.newworld.co.nz/shop/product/5289891_ea_000nw",
            "productImageURL": "https://a.fsimg.co.nz/product/retail/fan/image/master/5289891.png",
            "productDescription": "Limit 12 assorted.\n\n\n\n\nProduct of New Zealand",
            "volume": "250mL",
            "multipack": {
                "quantity": "4"
            }
        },
        "priceData": {
            "bestPrice": "5.99",
            "price": "5.99",
            "pricePerLitre": 5.99,
            "bestPricePerLitre": 5.99
        },
        "store": {
            "id": "5dde0d09-05ca-4b78-ab83-00e47233cf55",
            "name": "New World Otaki"
        }
    },
    {
        "productData": {
            "name": "V Sugarfree Guarana Energy Drink 250ml",
            "productId": "5001639_ea_000",
            "productShopPage": "https://www.newworld.co.nz/shop/product/5001639_ea_000nw",
            "productImageURL": "https://a.fsimg.co.nz/product/retail/fan/image/master/5001639.png",
            "productDescription": "Sugar Free. Contains Caffeine.\n\nProduct of New Zealand",
            "volume": "250mL",
            "multipack": {
                "quantity": "1"
            }
        },
        "priceData": {
            "bestPrice": "1.99",
            "price": "1.99",
            "pricePerLitre": 8.0,
            "bestPricePerLitre": 8.0
        },
        "store": {
            "id": "5dde0d09-05ca-4b78-ab83-00e47233cf55",
            "name": "New World Otaki"
        }
    },
    {
        "productData": {
            "name": "V Green Guarana Energy Drink 6pk",
            "productId": "5272987_ea_000",
            "productShopPage": "https://www.newworld.co.nz/shop/product/5272987_ea_000nw",
            "productImageURL": "https://a.fsimg.co.nz/product/retail/fan/image/master/5272987.png",
            "productDescription": "Product of New Zealand",
            "volume": "330mL",
            "multipack": {
                "quantity": "6"
            }
        },
        "priceData": {
            "bestPrice": "11.99",
            "price": "11.99",
            "pricePerLitre": 6.05,
            "bestPricePerLitre": 6.05
        },
        "store": {
            "id": "5dde0d09-05ca-4b78-ab83-00e47233cf55",
            "name": "New World Otaki"
        }
    },
    {
        "productData": {
            "name": "V Green Guarana Energy Drink 10pk",
            "productId": "5289889_ea_000",
            "productShopPage": "https://www.newworld.co.nz/shop/product/5289889_ea_000nw",
            "productImageURL": "https://a.fsimg.co.nz/product/retail/fan/image/master/5289889.png",
            "productDescription": "Product of New Zealand",
            "volume": "250mL",
            "multipack": {
                "quantity": "10"
            }
        },
        "priceData": {
            "bestPrice": "17.99",
            "price": "17.99",
            "pricePerLitre": 7.2,
            "bestPricePerLitre": 7.2
        },
        "store": {
            "id": "5dde0d09-05ca-4b78-ab83-00e47233cf55",
            "name": "New World Otaki"
        }
    },
    {
        "productData": {
            "name": "V Sugarfree Blue Guarana Energy Drink 500ml",
            "productId": "5283362_ea_000",
            "productShopPage": "https://www.newworld.co.nz/shop/product/5283362_ea_000nw",
            "productImageURL": "https://a.fsimg.co.nz/product/retail/fan/image/master/5283362.png",
            "productDescription": "Sugar free\n\nProduct of New Zealand",
            "volume": "500mL",
            "multipack": {
                "quantity": "1"
            }
        },
        "priceData": {
            "bestPrice": "3.49",
            "price": "3.49",
            "pricePerLitre": 7.0,
            "bestPricePerLitre": 7.0
        },
        "store": {
            "id": "5dde0d09-05ca-4b78-ab83-00e47233cf55",
            "name": "New World Otaki"
        }
    },
    {
        "productData": {
            "name": "V Original Guarana Energy Drink 350ml",
            "productId": "5003156_ea_000",
            "productShopPage": "https://www.newworld.co.nz/shop/product/5003156_ea_000nw",
            "productImageURL": "https://a.fsimg.co.nz/product/retail/fan/image/master/5003156.png",
            "productDescription": "Buy 2 for $5.00.\n\n\nContains Caffeine.\n\nProduct of New Zealand",
            "volume": "350mL",
            "multipack": {
                "quantity": "1"
            }
        },
        "priceData": {
            "bestPrice": 2.5,
            "price": 2.0,
            "pricePerLitre": 5.714285714285714,
            "bestPricePerLitre": 7.142857142857143,
            "multiBuy": {
                "quantity": 2.0,
                "value": 5.0,
                "perUnit": 2.5
            }
        },
        "store": {
            "id": "5dde0d09-05ca-4b78-ab83-00e47233cf55",
            "name": "New World Otaki"
        }
    },
    {
        "productData": {
            "name": "V Blue Guarana Energy Drink 350ml",
            "productId": "5007492_ea_000",
            "productShopPage": "https://www.newworld.co.nz/shop/product/5007492_ea_000nw",
            "productImageURL": "https://a.fsimg.co.nz/product/retail/fan/image/master/5007492.png",
            "productDescription": "Buy 2 for $5.00.\n\n\nContains Caffeine, Wheat Derivatives.\n\nProduct of New Zealand",
            "volume": "350mL",
            "multipack": {
                "quantity": "1"
            }
        },
        "priceData": {
            "bestPrice": 2.5,
            "price": 2.0,
            "pricePerLitre": 5.714285714285714,
            "bestPricePerLitre": 7.142857142857143,
            "multiBuy": {
                "quantity": 2.0,
                "value": 5.0,
                "perUnit": 2.5
            }
        },
        "store": {
            "id": "5dde0d09-05ca-4b78-ab83-00e47233cf55",
            "name": "New World Otaki"
        }
    },
    {
        "productData": {
            "name": "V Blue Energy Drink 500ml",
            "productId": "5020662_ea_000",
            "productShopPage": "https://www.newworld.co.nz/shop/product/5020662_ea_000nw",
            "productImageURL": "https://a.fsimg.co.nz/product/retail/fan/image/master/5020662.png",
            "productDescription": "Buy 2 for $5.00.\n\n\n\n\nProduct of New Zealand",
            "volume": "500mL",
            "multipack": {
                "quantity": "1"
            }
        },
        "priceData": {
            "bestPrice": 2.5,
            "price": 2.0,
            "pricePerLitre": 4.0,
            "bestPricePerLitre": 5.0,
            "multiBuy": {
                "quantity": 2.0,
                "value": 5.0,
                "perUnit": 2.5
            }
        },
        "store": {
            "id": "5dde0d09-05ca-4b78-ab83-00e47233cf55",
            "name": "New World Otaki"
        }
    },
    {
        "productData": {
            "name": "V Blue Guarana Energy Drink 500ml",
            "productId": "5007494_ea_000",
            "productShopPage": "https://www.newworld.co.nz/shop/product/5007494_ea_000nw",
            "productImageURL": "https://a.fsimg.co.nz/product/retail/fan/image/master/5007494.png",
            "productDescription": "Contains Wheat Derivatives, Caffeine.\n\nProduct of New Zealand",
            "volume": "500mL",
            "multipack": {
                "quantity": "1"
            }
        },
        "priceData": {
            "bestPrice": "3.49",
            "price": "3.49",
            "pricePerLitre": 7.0,
            "bestPricePerLitre": 7.0
        },
        "store": {
            "id": "5dde0d09-05ca-4b78-ab83-00e47233cf55",
            "name": "New World Otaki"
        }
    },
    {
        "productData": {
            "name": "Red Bull Energy Drink 473ml",
            "productId": "5005255_ea_000",
            "productShopPage": "https://www.newworld.co.nz/shop/product/5005255_ea_000nw",
            "productImageURL": "https://a.fsimg.co.nz/product/retail/fan/image/master/5005255.png",
            "productDescription": "Red Bull Energy Drink's special formula contains ingredients of high quality: Caffeine, Taurine, B-Group Vitamins, Sugars, Alpine Water.One 250ml can of Red Bull Energy Drinks contains 80 mg of caffeine, about the same amount as in a cup of home-brewed coffee.The amount of sugars in a can of Red Bull Energy Drink is comparable to the level of sugars in an equivalent amount of apple or orange juice – 11 g per 100ml.Red Bull cans are made of 100% recyclable aluminium.Red Bull Energy Drink 473ml canVitalizes Body and Mind.®RED BULL GIVES YOU WINGSInspired by functional drinks from the Far East, Dietrich Mateschitz founded Red Bull in the mid-1980s. He developed a new product and a unique marketing concept and launched Red Bull Energy Drink on April 1, 1987 in Austria. A brand new product category - Energy Drinks - was born.\n\nProduct of Imported",
            "volume": "473mL",
            "multipack": {
                "quantity": "1"
            }
        },
        "priceData": {
            "bestPrice": "3.79",
            "price": "3.79",
            "pricePerLitre": 8.0,
            "bestPricePerLitre": 8.0
        },
        "store": {
            "id": "5dde0d09-05ca-4b78-ab83-00e47233cf55",
            "name": "New World Otaki"
        }
    },
    {
        "productData": {
            "name": "V Original Guarana Energy Drink 250ml",
            "productId": "5003151_ea_000",
            "productShopPage": "https://www.newworld.co.nz/shop/product/5003151_ea_000nw",
            "productImageURL": "https://a.fsimg.co.nz/product/retail/fan/image/master/5003151.png",
            "productDescription": "Contains Caffeine.\n\nProduct of New Zealand",
            "volume": "250mL",
            "multipack": {
                "quantity": "1"
            }
        },
        "priceData": {
            "bestPrice": "1.99",
            "price": "1.99",
            "pricePerLitre": 8.0,
            "bestPricePerLitre": 8.0
        },
        "store": {
            "id": "5dde0d09-05ca-4b78-ab83-00e47233cf55",
            "name": "New World Otaki"
        }
    },
    {
        "productData": {
            "name": "Red Bull Energy Drink 250ml Cans 4pk",
            "productId": "5001443_ea_000",
            "productShopPage": "https://www.newworld.co.nz/shop/product/5001443_ea_000nw",
            "productImageURL": "https://a.fsimg.co.nz/product/retail/fan/image/master/5001443.png",
            "productDescription": "Red Bull Energy Drink's special formula contains ingredients of high quality: Caffeine, Taurine, B-Group Vitamins, Sugars, Alpine Water.One 250ml can of Red Bull Energy Drinks contains 80 mg of caffeine, about the same amount as in a cup of home-brewed coffee.The amount of sugars in a can of Red Bull Energy Drink is comparable to the level of sugars in an equivalent amount of apple or orange juice – 11 g per 100ml.Red Bull cans are made of 100% recyclable aluminium.Pack of four 250ml Red Bull Energy Drink cansVitalizes Body and Mind.®RED BULL GIVES YOU WINGSInspired by functional drinks from the Far East, Dietrich Mateschitz founded Red Bull in the mid-1980s. He developed a new product and a unique marketing concept and launched Red Bull Energy Drink on April 1, 1987 in Austria. A brand new product category - Energy Drinks - was born.",
            "volume": "250mL",
            "multipack": {
                "quantity": "4"
            }
        },
        "priceData": {
            "bestPrice": "8.59",
            "price": "8.59",
            "pricePerLitre": 8.6,
            "bestPricePerLitre": 8.6
        },
        "store": {
            "id": "5dde0d09-05ca-4b78-ab83-00e47233cf55",
            "name": "New World Otaki"
        }
    },
    {
        "productData": {
            "name": "Lucozade Orange Energy Drink 380ml",
            "productId": "5009239_ea_000",
            "productShopPage": "https://www.newworld.co.nz/shop/product/5009239_ea_000nw",
            "productImageURL": "https://a.fsimg.co.nz/product/retail/fan/image/master/5009239.png",
            "productDescription": "Powered by Glucose.\n\nProduct of New Zealand",
            "volume": "380mL",
            "multipack": {
                "quantity": "1"
            }
        },
        "priceData": {
            "bestPrice": "2.69",
            "price": "2.69",
            "pricePerLitre": 7.08,
            "bestPricePerLitre": 7.08
        },
        "store": {
            "id": "5dde0d09-05ca-4b78-ab83-00e47233cf55",
            "name": "New World Otaki"
        }
    },
    {
        "productData": {
            "name": "V Pure Natural Energy Drink Glass Bottle 330ml",
            "productId": "5237753_ea_000",
            "productShopPage": "https://www.newworld.co.nz/shop/product/5237753_ea_000nw",
            "productImageURL": "https://a.fsimg.co.nz/product/retail/fan/image/master/5237753.png",
            "productDescription": "Buy 2 for $5.00.\n\n\nNothing artificial\n\nProduct of New Zealand",
            "volume": "330mL",
            "multipack": {
                "quantity": "1"
            }
        },
        "priceData": {
            "bestPrice": 2.5,
            "price": 2.0,
            "pricePerLitre": 6.0606060606060606,
            "bestPricePerLitre": 7.575757575757575,
            "multiBuy": {
                "quantity": 2.0,
                "value": 5.0,
                "perUnit": 2.5
            }
        },
        "store": {
            "id": "5dde0d09-05ca-4b78-ab83-00e47233cf55",
            "name": "New World Otaki"
        }
    },
    {
        "productData": {
            "name": "Lucozade Original Energy Drink 380ml",
            "productId": "5009240_ea_000",
            "productShopPage": "https://www.newworld.co.nz/shop/product/5009240_ea_000nw",
            "productImageURL": "https://a.fsimg.co.nz/product/retail/fan/image/master/5009240.png",
            "productDescription": "Energy from Glucose.\n\nProduct of New Zealand",
            "volume": "380mL",
            "multipack": {
                "quantity": "1"
            }
        },
        "priceData": {
            "bestPrice": "2.69",
            "price": "2.69",
            "pricePerLitre": 7.08,
            "bestPricePerLitre": 7.08
        },
        "store": {
            "id": "5dde0d09-05ca-4b78-ab83-00e47233cf55",
            "name": "New World Otaki"
        }
    },
    {
        "productData": {
            "name": "V Raspberry Lemonade Guarana Energy Drink 4pk",
            "productId": "5289907_ea_000",
            "productShopPage": "https://www.newworld.co.nz/shop/product/5289907_ea_000nw",
            "productImageURL": "https://a.fsimg.co.nz/product/retail/fan/image/master/5289907.png",
            "productDescription": "Limit 12 assorted.\n\n\n\n\nProduct of New Zealand",
            "volume": "250mL",
            "multipack": {
                "quantity": "4"
            }
        },
        "priceData": {
            "bestPrice": "5.99",
            "price": "5.99",
            "pricePerLitre": 5.99,
            "bestPricePerLitre": 5.99
        },
        "store": {
            "id": "5dde0d09-05ca-4b78-ab83-00e47233cf55",
            "name": "New World Otaki"
        }
    },
    {
        "productData": {
            "name": "V Raspberry Lemonade Can 500ml",
            "productId": "5264523_ea_000",
            "productShopPage": "https://www.newworld.co.nz/shop/product/5264523_ea_000nw",
            "productImageURL": "https://a.fsimg.co.nz/product/retail/fan/image/master/5264523.png",
            "productDescription": "Product of New Zealand",
            "volume": "500mL",
            "multipack": {
                "quantity": "1"
            }
        },
        "priceData": {
            "bestPrice": "3.49",
            "price": "3.49",
            "pricePerLitre": 7.0,
            "bestPricePerLitre": 7.0
        },
        "store": {
            "id": "5dde0d09-05ca-4b78-ab83-00e47233cf55",
            "name": "New World Otaki"
        }
    },
    {
        "productData": {
            "name": "V Blue Guarana Energy Drink 6pk",
            "productId": "5272988_ea_000",
            "productShopPage": "https://www.newworld.co.nz/shop/product/5272988_ea_000nw",
            "productImageURL": "https://a.fsimg.co.nz/product/retail/fan/image/master/5272988.png",
            "productDescription": "Product of New Zealand",
            "volume": "330mL",
            "multipack": {
                "quantity": "6"
            }
        },
        "priceData": {
            "bestPrice": "11.99",
            "price": "11.99",
            "pricePerLitre": 6.05,
            "bestPricePerLitre": 6.05
        },
        "store": {
            "id": "5dde0d09-05ca-4b78-ab83-00e47233cf55",
            "name": "New World Otaki"
        }
    },
    {
        "productData": {
            "name": "V Blue Can 4pk",
            "productId": "5030249_ea_000",
            "productShopPage": "https://www.newworld.co.nz/shop/product/5030249_ea_000nw",
            "productImageURL": "https://a.fsimg.co.nz/product/retail/fan/image/master/5030249.png",
            "productDescription": "Limit 12 assorted.\n\n\nContains Wheat Derivatives, Caffeine.\n\nProduct of New Zealand",
            "volume": "250mL",
            "multipack": {
                "quantity": "4"
            }
        },
        "priceData": {
            "bestPrice": "5.99",
            "price": "5.99",
            "pricePerLitre": 5.99,
            "bestPricePerLitre": 5.99
        },
        "store": {
            "id": "5dde0d09-05ca-4b78-ab83-00e47233cf55",
            "name": "New World Otaki"
        }
    },
    {
        "productData": {
            "name": "V Energy Drink Sugarfree Cans 4pk",
            "productId": "5004117_ea_000",
            "productShopPage": "https://www.newworld.co.nz/shop/product/5004117_ea_000nw",
            "productImageURL": "https://a.fsimg.co.nz/product/retail/fan/image/master/5004117.png",
            "productDescription": "Limit 12 assorted.\n\n\nSugar Free. Contains Caffeine.\n\nProduct of New Zealand",
            "volume": "250mL",
            "multipack": {
                "quantity": "4"
            }
        },
        "priceData": {
            "bestPrice": "5.99",
            "price": "5.99",
            "pricePerLitre": 5.99,
            "bestPricePerLitre": 5.99
        },
        "store": {
            "id": "5dde0d09-05ca-4b78-ab83-00e47233cf55",
            "name": "New World Otaki"
        }
    },
    {
        "productData": {
            "name": "V Energy Drink Green Cans 4pk",
            "productId": "5002893_ea_000",
            "productShopPage": "https://www.newworld.co.nz/shop/product/5002893_ea_000nw",
            "productImageURL": "https://a.fsimg.co.nz/product/retail/fan/image/master/5002893.png",
            "productDescription": "Limit 12 assorted.\n\n\nContains Caffeine.\n\nProduct of New Zealand",
            "volume": "250mL",
            "multipack": {
                "quantity": "4"
            }
        },
        "priceData": {
            "bestPrice": "5.99",
            "price": "5.99",
            "pricePerLitre": 5.99,
            "bestPricePerLitre": 5.99
        },
        "store": {
            "id": "5dde0d09-05ca-4b78-ab83-00e47233cf55",
            "name": "New World Otaki"
        }
    },
    {
        "productData": {
            "name": "Monster Ultra Zero Drink 500ml",
            "productId": "5090618_ea_000",
            "productShopPage": "https://www.newworld.co.nz/shop/product/5090618_ea_000nw",
            "productImageURL": "https://a.fsimg.co.nz/product/retail/fan/image/master/5090618.png",
            "productDescription": "A little less sweet, lighter-tasting, zero calories, but with a full load of our Monster energy blend. Sure, white is the new black. Monster Energy Zero Ultra. Unleash the Ultra Beast!\n\nProduct of Imported",
            "volume": "500mL",
            "multipack": {
                "quantity": "1"
            }
        },
        "priceData": {
            "bestPrice": "2.99",
            "price": "2.99",
            "pricePerLitre": 6.0,
            "bestPricePerLitre": 6.0
        },
        "store": {
            "id": "5dde0d09-05ca-4b78-ab83-00e47233cf55",
            "name": "New World Otaki"
        }
    },
    {
        "productData": {
            "name": "Monster Super Fuel Zero Sugar Energy Drink 550ml",
            "productId": "5284331_ea_000",
            "productShopPage": "https://www.newworld.co.nz/shop/product/5284331_ea_000nw",
            "productImageURL": "https://a.fsimg.co.nz/product/retail/fan/image/master/5284331.png",
            "productDescription": "Product of Imported",
            "volume": "550mL",
            "multipack": {
                "quantity": "1"
            }
        },
        "priceData": {
            "bestPrice": "3.49",
            "price": "3.49",
            "pricePerLitre": 6.345454545454546,
            "bestPricePerLitre": 6.345454545454546
        },
        "store": {
            "id": "5dde0d09-05ca-4b78-ab83-00e47233cf55",
            "name": "New World Otaki"
        }
    },
    {
        "productData": {
            "name": "Mother Energy Drink Can 500ml",
            "productId": "5011153_ea_000",
            "productShopPage": "https://www.newworld.co.nz/shop/product/5011153_ea_000nw",
            "productImageURL": "https://a.fsimg.co.nz/product/retail/fan/image/master/5011153.png",
            "productDescription": "Contains Caffeine.\n\nProduct of New Zealand",
            "volume": "500mL",
            "multipack": {
                "quantity": "1"
            }
        },
        "priceData": {
            "bestPrice": "1.99",
            "price": "1.99",
            "pricePerLitre": 4.0,
            "bestPricePerLitre": 4.0
        },
        "store": {
            "id": "5dde0d09-05ca-4b78-ab83-00e47233cf55",
            "name": "New World Otaki"
        }
    },
    {
        "productData": {
            "name": "Monster Super Fuel Purple Passion Energy Drink 550ml",
            "productId": "5284332_ea_000",
            "productShopPage": "https://www.newworld.co.nz/shop/product/5284332_ea_000nw",
            "productImageURL": "https://a.fsimg.co.nz/product/retail/fan/image/master/5284332.png",
            "productDescription": "Product of Imported",
            "volume": "550mL",
            "multipack": {
                "quantity": "1"
            }
        },
        "priceData": {
            "bestPrice": "3.49",
            "price": "3.49",
            "pricePerLitre": 6.345454545454546,
            "bestPricePerLitre": 6.345454545454546
        },
        "store": {
            "id": "5dde0d09-05ca-4b78-ab83-00e47233cf55",
            "name": "New World Otaki"
        }
    },
    {
        "productData": {
            "name": "Monster Energy Drink 500ml",
            "productId": "5007647_ea_000",
            "productShopPage": "https://www.newworld.co.nz/shop/product/5007647_ea_000nw",
            "productImageURL": "https://a.fsimg.co.nz/product/retail/fan/image/master/5007647.png",
            "productDescription": "Contains Caffeine.\n\nProduct of Imported",
            "volume": "500mL",
            "multipack": {
                "quantity": "1"
            }
        },
        "priceData": {
            "bestPrice": "2.99",
            "price": "2.99",
            "pricePerLitre": 6.0,
            "bestPricePerLitre": 6.0
        },
        "store": {
            "id": "5dde0d09-05ca-4b78-ab83-00e47233cf55",
            "name": "New World Otaki"
        }
    },
    {
        "productData": {
            "name": "V Sugarfree Guarana Energy Drink 500ml",
            "productId": "5007644_ea_000",
            "productShopPage": "https://www.newworld.co.nz/shop/product/5007644_ea_000nw",
            "productImageURL": "https://a.fsimg.co.nz/product/retail/fan/image/master/5007644.png",
            "productDescription": "Sugar Free.\n\nProduct of New Zealand",
            "volume": "500mL",
            "multipack": {
                "quantity": "1"
            }
        },
        "priceData": {
            "bestPrice": "3.49",
            "price": "3.49",
            "pricePerLitre": 7.0,
            "bestPricePerLitre": 7.0
        },
        "store": {
            "id": "5dde0d09-05ca-4b78-ab83-00e47233cf55",
            "name": "New World Otaki"
        }
    },
    {
        "productData": {
            "name": "V Original Guarana Energy Drink 500ml",
            "productId": "5004703_ea_000",
            "productShopPage": "https://www.newworld.co.nz/shop/product/5004703_ea_000nw",
            "productImageURL": "https://a.fsimg.co.nz/product/retail/fan/image/master/5004703.png",
            "productDescription": "Contains Caffeine.\n\nProduct of New Zealand",
            "volume": "500mL",
            "multipack": {
                "quantity": "1"
            }
        },
        "priceData": {
            "bestPrice": "3.49",
            "price": "3.49",
            "pricePerLitre": 7.0,
            "bestPricePerLitre": 7.0
        },
        "store": {
            "id": "5dde0d09-05ca-4b78-ab83-00e47233cf55",
            "name": "New World Otaki"
        }
    },
    {
        "productData": {
            "name": "V Original Guarana Energy Drink 500ml",
            "productId": "5007441_ea_000",
            "productShopPage": "https://www.newworld.co.nz/shop/product/5007441_ea_000nw",
            "productImageURL": "https://a.fsimg.co.nz/product/retail/fan/image/master/5007441.png",
            "productDescription": "Buy 2 for $5.00.\n\n\nContains Wheat Derivatives, Caffeine.\n\nProduct of New Zealand",
            "volume": "500mL",
            "multipack": {
                "quantity": "1"
            }
        },
        "priceData": {
            "bestPrice": 2.5,
            "price": 2.0,
            "pricePerLitre": 4.0,
            "bestPricePerLitre": 5.0,
            "multiBuy": {
                "quantity": 2.0,
                "value": 5.0,
                "perUnit": 2.5
            }
        },
        "store": {
            "id": "5dde0d09-05ca-4b78-ab83-00e47233cf55",
            "name": "New World Otaki"
        }
    },
    {
        "productData": {
            "name": "V Blue Guarana Energy Drink 10pk",
            "productId": "5290181_ea_000",
            "productShopPage": "https://www.newworld.co.nz/shop/product/5290181_ea_000nw",
            "productImageURL": "https://a.fsimg.co.nz/product/retail/fan/image/master/5290181.png",
            "productDescription": "Product of New Zealand",
            "volume": "250mL",
            "multipack": {
                "quantity": "10"
            }
        },
        "priceData": {
            "bestPrice": "17.99",
            "price": "17.99",
            "pricePerLitre": 7.2,
            "bestPricePerLitre": 7.2
        },
        "store": {
            "id": "d999418f-c2ca-4748-b56b-15ee82c6e85e",
            "name": "New World Havelock North"
        }
    },
    {
        "productData": {
            "name": "V Blue Guarana Energy Drink 250ml",
            "productId": "5007495_ea_000",
            "productShopPage": "https://www.newworld.co.nz/shop/product/5007495_ea_000nw",
            "productImageURL": "https://a.fsimg.co.nz/product/retail/fan/image/master/5007495.png",
            "productDescription": "Contains Caffeine, Wheat Derivatives.\n\nProduct of New Zealand",
            "volume": "250mL",
            "multipack": {
                "quantity": "1"
            }
        },
        "priceData": {
            "bestPrice": "1.99",
            "price": "1.99",
            "pricePerLitre": 8.0,
            "bestPricePerLitre": 8.0
        },
        "store": {
            "id": "d999418f-c2ca-4748-b56b-15ee82c6e85e",
            "name": "New World Havelock North"
        }
    },
    {
        "productData": {
            "name": "V Sugarfree Blue Guarana Energy Drink 4pk",
            "productId": "5289891_ea_000",
            "productShopPage": "https://www.newworld.co.nz/shop/product/5289891_ea_000nw",
            "productImageURL": "https://a.fsimg.co.nz/product/retail/fan/image/master/5289891.png",
            "productDescription": "Limit 12 assorted.\n\n\n\n\nProduct of New Zealand",
            "volume": "250mL",
            "multipack": {
                "quantity": "4"
            }
        },
        "priceData": {
            "bestPrice": "5.99",
            "price": "5.99",
            "pricePerLitre": 5.99,
            "bestPricePerLitre": 5.99
        },
        "store": {
            "id": "d999418f-c2ca-4748-b56b-15ee82c6e85e",
            "name": "New World Havelock North"
        }
    },
    {
        "productData": {
            "name": "V Sugarfree Guarana Energy Drink 250ml",
            "productId": "5001639_ea_000",
            "productShopPage": "https://www.newworld.co.nz/shop/product/5001639_ea_000nw",
            "productImageURL": "https://a.fsimg.co.nz/product/retail/fan/image/master/5001639.png",
            "productDescription": "Sugar Free. Contains Caffeine.\n\nProduct of New Zealand",
            "volume": "250mL",
            "multipack": {
                "quantity": "1"
            }
        },
        "priceData": {
            "bestPrice": "1.99",
            "price": "1.99",
            "pricePerLitre": 8.0,
            "bestPricePerLitre": 8.0
        },
        "store": {
            "id": "d999418f-c2ca-4748-b56b-15ee82c6e85e",
            "name": "New World Havelock North"
        }
    },
    {
        "productData": {
            "name": "V Sugarfree Guarana Energy Drink 10pk",
            "productId": "5289890_ea_000",
            "productShopPage": "https://www.newworld.co.nz/shop/product/5289890_ea_000nw",
            "productImageURL": "https://a.fsimg.co.nz/product/retail/fan/image/master/5289890.png",
            "productDescription": "Product of New Zealand",
            "volume": "",
            "multipack": {
                "quantity": ""
            }
        },
        "priceData": {
            "bestPrice": "17.99",
            "price": "17.99",
            "pricePerLitre": 72.0,
            "bestPricePerLitre": 72.0
        },
        "store": {
            "id": "d999418f-c2ca-4748-b56b-15ee82c6e85e",
            "name": "New World Havelock North"
        }
    },
    {
        "productData": {
            "name": "V Green Guarana Energy Drink 6pk",
            "productId": "5272987_ea_000",
            "productShopPage": "https://www.newworld.co.nz/shop/product/5272987_ea_000nw",
            "productImageURL": "https://a.fsimg.co.nz/product/retail/fan/image/master/5272987.png",
            "productDescription": "Product of New Zealand",
            "volume": "330mL",
            "multipack": {
                "quantity": "6"
            }
        },
        "priceData": {
            "bestPrice": "11.99",
            "price": "11.99",
            "pricePerLitre": 6.05,
            "bestPricePerLitre": 6.05
        },
        "store": {
            "id": "d999418f-c2ca-4748-b56b-15ee82c6e85e",
            "name": "New World Havelock North"
        }
    },
    {
        "productData": {
            "name": "Live Plus Tart Apple Energy Drink 250ml",
            "productId": "5236676_ea_000",
            "productShopPage": "https://www.newworld.co.nz/shop/product/5236676_ea_000nw",
            "productImageURL": "https://a.fsimg.co.nz/product/retail/fan/image/master/5236676.png",
            "productDescription": "Limit 12 assorted.\n\n\n\n\nProduct of New Zealand",
            "volume": "250mL",
            "multipack": {
                "quantity": "1"
            }
        },
        "priceData": {
            "bestPrice": "0.99",
            "price": "0.99",
            "pricePerLitre": 3.96,
            "bestPricePerLitre": 3.96
        },
        "store": {
            "id": "d999418f-c2ca-4748-b56b-15ee82c6e85e",
            "name": "New World Havelock North"
        }
    },
    {
        "productData": {
            "name": "Live Plus Persist Energy Drink 250ml",
            "productId": "5236678_ea_000",
            "productShopPage": "https://www.newworld.co.nz/shop/product/5236678_ea_000nw",
            "productImageURL": "https://a.fsimg.co.nz/product/retail/fan/image/master/5236678.png",
            "productDescription": "Limit 12 assorted.\n\n\n\n\nProduct of New Zealand",
            "volume": "",
            "multipack": {
                "quantity": ""
            }
        },
        "priceData": {
            "bestPrice": "0.99",
            "price": "0.99"
        },
        "store": {
            "id": "d999418f-c2ca-4748-b56b-15ee82c6e85e",
            "name": "New World Havelock North"
        }
    },
    {
        "productData": {
            "name": "V Green Guarana Energy Drink 10pk",
            "productId": "5289889_ea_000",
            "productShopPage": "https://www.newworld.co.nz/shop/product/5289889_ea_000nw",
            "productImageURL": "https://a.fsimg.co.nz/product/retail/fan/image/master/5289889.png",
            "productDescription": "Product of New Zealand",
            "volume": "250mL",
            "multipack": {
                "quantity": "10"
            }
        },
        "priceData": {
            "bestPrice": "17.99",
            "price": "17.99",
            "pricePerLitre": 7.2,
            "bestPricePerLitre": 7.2
        },
        "store": {
            "id": "d999418f-c2ca-4748-b56b-15ee82c6e85e",
            "name": "New World Havelock North"
        }
    },
    {
        "productData": {
            "name": "V Sugarfree Blue Guarana Energy Drink 500ml",
            "productId": "5283362_ea_000",
            "productShopPage": "https://www.newworld.co.nz/shop/product/5283362_ea_000nw",
            "productImageURL": "https://a.fsimg.co.nz/product/retail/fan/image/master/5283362.png",
            "productDescription": "Sugar free\n\nProduct of New Zealand",
            "volume": "500mL",
            "multipack": {
                "quantity": "1"
            }
        },
        "priceData": {
            "bestPrice": "3.49",
            "price": "3.49",
            "pricePerLitre": 7.0,
            "bestPricePerLitre": 7.0
        },
        "store": {
            "id": "d999418f-c2ca-4748-b56b-15ee82c6e85e",
            "name": "New World Havelock North"
        }
    },
    {
        "productData": {
            "name": "V Original Guarana Energy Drink 350ml",
            "productId": "5003156_ea_000",
            "productShopPage": "https://www.newworld.co.nz/shop/product/5003156_ea_000nw",
            "productImageURL": "https://a.fsimg.co.nz/product/retail/fan/image/master/5003156.png",
            "productDescription": "Buy 2 for $5.00.\n\n\nContains Caffeine.\n\nProduct of New Zealand",
            "volume": "350mL",
            "multipack": {
                "quantity": "1"
            }
        },
        "priceData": {
            "bestPrice": 2.5,
            "price": 2.0,
            "pricePerLitre": 5.714285714285714,
            "bestPricePerLitre": 7.142857142857143,
            "multiBuy": {
                "quantity": 2.0,
                "value": 5.0,
                "perUnit": 2.5
            }
        },
        "store": {
            "id": "d999418f-c2ca-4748-b56b-15ee82c6e85e",
            "name": "New World Havelock North"
        }
    },
    {
        "productData": {
            "name": "V Blue Guarana Energy Drink 4pk",
            "productId": "5210055_ea_000",
            "productShopPage": "https://www.newworld.co.nz/shop/product/5210055_ea_000nw",
            "productImageURL": "https://a.fsimg.co.nz/product/retail/fan/image/master/5210055.png",
            "productDescription": "Product of New Zealand",
            "volume": "275mL",
            "multipack": {
                "quantity": "4"
            }
        },
        "priceData": {
            "bestPrice": "9.19",
            "price": "9.19",
            "pricePerLitre": 8.4,
            "bestPricePerLitre": 8.4
        },
        "store": {
            "id": "d999418f-c2ca-4748-b56b-15ee82c6e85e",
            "name": "New World Havelock North"
        }
    },
    {
        "productData": {
            "name": "V Blue Guarana Energy Drink 350ml",
            "productId": "5007492_ea_000",
            "productShopPage": "https://www.newworld.co.nz/shop/product/5007492_ea_000nw",
            "productImageURL": "https://a.fsimg.co.nz/product/retail/fan/image/master/5007492.png",
            "productDescription": "Buy 2 for $5.00.\n\n\nContains Caffeine, Wheat Derivatives.\n\nProduct of New Zealand",
            "volume": "350mL",
            "multipack": {
                "quantity": "1"
            }
        },
        "priceData": {
            "bestPrice": 2.5,
            "price": 2.0,
            "pricePerLitre": 5.714285714285714,
            "bestPricePerLitre": 7.142857142857143,
            "multiBuy": {
                "quantity": 2.0,
                "value": 5.0,
                "perUnit": 2.5
            }
        },
        "store": {
            "id": "d999418f-c2ca-4748-b56b-15ee82c6e85e",
            "name": "New World Havelock North"
        }
    },
    {
        "productData": {
            "name": "V Blue Energy Drink 500ml",
            "productId": "5020662_ea_000",
            "productShopPage": "https://www.newworld.co.nz/shop/product/5020662_ea_000nw",
            "productImageURL": "https://a.fsimg.co.nz/product/retail/fan/image/master/5020662.png",
            "productDescription": "Buy 2 for $5.00.\n\n\n\n\nProduct of New Zealand",
            "volume": "500mL",
            "multipack": {
                "quantity": "1"
            }
        },
        "priceData": {
            "bestPrice": 2.5,
            "price": 2.0,
            "pricePerLitre": 4.0,
            "bestPricePerLitre": 5.0,
            "multiBuy": {
                "quantity": 2.0,
                "value": 5.0,
                "perUnit": 2.5
            }
        },
        "store": {
            "id": "d999418f-c2ca-4748-b56b-15ee82c6e85e",
            "name": "New World Havelock North"
        }
    },
    {
        "productData": {
            "name": "V Blue Guarana Energy Drink 500ml",
            "productId": "5007494_ea_000",
            "productShopPage": "https://www.newworld.co.nz/shop/product/5007494_ea_000nw",
            "productImageURL": "https://a.fsimg.co.nz/product/retail/fan/image/master/5007494.png",
            "productDescription": "Contains Wheat Derivatives, Caffeine.\n\nProduct of New Zealand",
            "volume": "500mL",
            "multipack": {
                "quantity": "1"
            }
        },
        "priceData": {
            "bestPrice": "3.49",
            "price": "3.49",
            "pricePerLitre": 7.0,
            "bestPricePerLitre": 7.0
        },
        "store": {
            "id": "d999418f-c2ca-4748-b56b-15ee82c6e85e",
            "name": "New World Havelock North"
        }
    },
    {
        "productData": {
            "name": "Red Bull Energy Drink 473ml",
            "productId": "5005255_ea_000",
            "productShopPage": "https://www.newworld.co.nz/shop/product/5005255_ea_000nw",
            "productImageURL": "https://a.fsimg.co.nz/product/retail/fan/image/master/5005255.png",
            "productDescription": "Red Bull Energy Drink's special formula contains ingredients of high quality: Caffeine, Taurine, B-Group Vitamins, Sugars, Alpine Water.One 250ml can of Red Bull Energy Drinks contains 80 mg of caffeine, about the same amount as in a cup of home-brewed coffee.The amount of sugars in a can of Red Bull Energy Drink is comparable to the level of sugars in an equivalent amount of apple or orange juice – 11 g per 100ml.Red Bull cans are made of 100% recyclable aluminium.Red Bull Energy Drink 473ml canVitalizes Body and Mind.®RED BULL GIVES YOU WINGSInspired by functional drinks from the Far East, Dietrich Mateschitz founded Red Bull in the mid-1980s. He developed a new product and a unique marketing concept and launched Red Bull Energy Drink on April 1, 1987 in Austria. A brand new product category - Energy Drinks - was born.\n\nProduct of Imported",
            "volume": "473mL",
            "multipack": {
                "quantity": "1"
            }
        },
        "priceData": {
            "bestPrice": "3.59",
            "price": "3.59",
            "pricePerLitre": 7.6,
            "bestPricePerLitre": 7.6
        },
        "store": {
            "id": "d999418f-c2ca-4748-b56b-15ee82c6e85e",
            "name": "New World Havelock North"
        }
    },
    {
        "productData": {
            "name": "V Original Guarana Energy Drink 250ml",
            "productId": "5003151_ea_000",
            "productShopPage": "https://www.newworld.co.nz/shop/product/5003151_ea_000nw",
            "productImageURL": "https://a.fsimg.co.nz/product/retail/fan/image/master/5003151.png",
            "productDescription": "Contains Caffeine.\n\nProduct of New Zealand",
            "volume": "250mL",
            "multipack": {
                "quantity": "1"
            }
        },
        "priceData": {
            "bestPrice": "1.99",
            "price": "1.99",
            "pricePerLitre": 8.0,
            "bestPricePerLitre": 8.0
        },
        "store": {
            "id": "d999418f-c2ca-4748-b56b-15ee82c6e85e",
            "name": "New World Havelock North"
        }
    },
    {
        "productData": {
            "name": "Red Bull Energy Drink 250ml Cans 4pk",
            "productId": "5001443_ea_000",
            "productShopPage": "https://www.newworld.co.nz/shop/product/5001443_ea_000nw",
            "productImageURL": "https://a.fsimg.co.nz/product/retail/fan/image/master/5001443.png",
            "productDescription": "Red Bull Energy Drink's special formula contains ingredients of high quality: Caffeine, Taurine, B-Group Vitamins, Sugars, Alpine Water.One 250ml can of Red Bull Energy Drinks contains 80 mg of caffeine, about the same amount as in a cup of home-brewed coffee.The amount of sugars in a can of Red Bull Energy Drink is comparable to the level of sugars in an equivalent amount of apple or orange juice – 11 g per 100ml.Red Bull cans are made of 100% recyclable aluminium.Pack of four 250ml Red Bull Energy Drink cansVitalizes Body and Mind.®RED BULL GIVES YOU WINGSInspired by functional drinks from the Far East, Dietrich Mateschitz founded Red Bull in the mid-1980s. He developed a new product and a unique marketing concept and launched Red Bull Energy Drink on April 1, 1987 in Austria. A brand new product category - Energy Drinks - was born.",
            "volume": "250mL",
            "multipack": {
                "quantity": "4"
            }
        },
        "priceData": {
            "bestPrice": "8.29",
            "price": "8.29",
            "pricePerLitre": 8.299999999999999,
            "bestPricePerLitre": 8.299999999999999
        },
        "store": {
            "id": "d999418f-c2ca-4748-b56b-15ee82c6e85e",
            "name": "New World Havelock North"
        }
    },
    {
        "productData": {
            "name": "V Green Guarana Energy Drink 710ml",
            "productId": "5030250_ea_000",
            "productShopPage": "https://www.newworld.co.nz/shop/product/5030250_ea_000nw",
            "productImageURL": "https://a.fsimg.co.nz/product/retail/fan/image/master/5030250.png",
            "productDescription": "Contains Wheat Derivatives\n\nProduct of Imported",
            "volume": "250mL",
            "multipack": {
                "quantity": "3"
            }
        },
        "priceData": {
            "bestPrice": "3.49",
            "price": "3.49",
            "pricePerLitre": 4.9,
            "bestPricePerLitre": 4.9
        },
        "store": {
            "id": "d999418f-c2ca-4748-b56b-15ee82c6e85e",
            "name": "New World Havelock North"
        }
    },
    {
        "productData": {
            "name": "Lucozade Orange Energy Drink 380ml",
            "productId": "5009239_ea_000",
            "productShopPage": "https://www.newworld.co.nz/shop/product/5009239_ea_000nw",
            "productImageURL": "https://a.fsimg.co.nz/product/retail/fan/image/master/5009239.png",
            "productDescription": "Powered by Glucose.\n\nProduct of New Zealand",
            "volume": "380mL",
            "multipack": {
                "quantity": "1"
            }
        },
        "priceData": {
            "bestPrice": "2.69",
            "price": "2.69",
            "pricePerLitre": 7.08,
            "bestPricePerLitre": 7.08
        },
        "store": {
            "id": "d999418f-c2ca-4748-b56b-15ee82c6e85e",
            "name": "New World Havelock North"
        }
    },
    {
        "productData": {
            "name": "Lucozade Original Energy Drink 380ml",
            "productId": "5009240_ea_000",
            "productShopPage": "https://www.newworld.co.nz/shop/product/5009240_ea_000nw",
            "productImageURL": "https://a.fsimg.co.nz/product/retail/fan/image/master/5009240.png",
            "productDescription": "Energy from Glucose.\n\nProduct of New Zealand",
            "volume": "380mL",
            "multipack": {
                "quantity": "1"
            }
        },
        "priceData": {
            "bestPrice": "2.69",
            "price": "2.69",
            "pricePerLitre": 7.08,
            "bestPricePerLitre": 7.08
        },
        "store": {
            "id": "d999418f-c2ca-4748-b56b-15ee82c6e85e",
            "name": "New World Havelock North"
        }
    },
    {
        "productData": {
            "name": "Rockstar Watermelon Freeze Energy Drink 500ml",
            "productId": "5257298_ea_000",
            "productShopPage": "https://www.newworld.co.nz/shop/product/5257298_ea_000nw",
            "productImageURL": "https://a.fsimg.co.nz/product/retail/fan/image/master/5257298.png",
            "productDescription": "Buy 3 for $5.00.\n\n\n\n\nProduct of New Zealand",
            "volume": "500mL",
            "multipack": {
                "quantity": "1"
            }
        },
        "priceData": {
            "bestPrice": 1.6666666666666667,
            "price": 1.0,
            "pricePerLitre": 2.0,
            "bestPricePerLitre": 3.3333333333333335,
            "multiBuy": {
                "quantity": 3.0,
                "value": 5.0,
                "perUnit": 1.6666666666666667
            }
        },
        "store": {
            "id": "d999418f-c2ca-4748-b56b-15ee82c6e85e",
            "name": "New World Havelock North"
        }
    },
    {
        "productData": {
            "name": "V Raspberry Lemonade Guarana Energy Drink 4pk",
            "productId": "5289907_ea_000",
            "productShopPage": "https://www.newworld.co.nz/shop/product/5289907_ea_000nw",
            "productImageURL": "https://a.fsimg.co.nz/product/retail/fan/image/master/5289907.png",
            "productDescription": "Limit 12 assorted.\n\n\n\n\nProduct of New Zealand",
            "volume": "250mL",
            "multipack": {
                "quantity": "4"
            }
        },
        "priceData": {
            "bestPrice": "5.99",
            "price": "5.99",
            "pricePerLitre": 5.99,
            "bestPricePerLitre": 5.99
        },
        "store": {
            "id": "d999418f-c2ca-4748-b56b-15ee82c6e85e",
            "name": "New World Havelock North"
        }
    },
    {
        "productData": {
            "name": "V Raspberry Lemonade Can 500ml",
            "productId": "5264523_ea_000",
            "productShopPage": "https://www.newworld.co.nz/shop/product/5264523_ea_000nw",
            "productImageURL": "https://a.fsimg.co.nz/product/retail/fan/image/master/5264523.png",
            "productDescription": "Product of New Zealand",
            "volume": "500mL",
            "multipack": {
                "quantity": "1"
            }
        },
        "priceData": {
            "bestPrice": "3.49",
            "price": "3.49",
            "pricePerLitre": 7.0,
            "bestPricePerLitre": 7.0
        },
        "store": {
            "id": "d999418f-c2ca-4748-b56b-15ee82c6e85e",
            "name": "New World Havelock North"
        }
    },
    {
        "productData": {
            "name": "V Blue Can 4pk",
            "productId": "5030249_ea_000",
            "productShopPage": "https://www.newworld.co.nz/shop/product/5030249_ea_000nw",
            "productImageURL": "https://a.fsimg.co.nz/product/retail/fan/image/master/5030249.png",
            "productDescription": "Limit 12 assorted.\n\n\nContains Wheat Derivatives, Caffeine.\n\nProduct of New Zealand",
            "volume": "250mL",
            "multipack": {
                "quantity": "4"
            }
        },
        "priceData": {
            "bestPrice": "5.99",
            "price": "5.99",
            "pricePerLitre": 5.99,
            "bestPricePerLitre": 5.99
        },
        "store": {
            "id": "d999418f-c2ca-4748-b56b-15ee82c6e85e",
            "name": "New World Havelock North"
        }
    },
    {
        "productData": {
            "name": "Monster Zero Sugar Ultra Rosa Energy Drink 500ml",
            "productId": "5278094_ea_000",
            "productShopPage": "https://www.newworld.co.nz/shop/product/5278094_ea_000nw",
            "productImageURL": "https://a.fsimg.co.nz/product/retail/fan/image/master/5278094.png",
            "productDescription": "Product of Imported",
            "volume": "500mL",
            "multipack": {
                "quantity": "1"
            }
        },
        "priceData": {
            "bestPrice": "2.99",
            "price": "2.99",
            "pricePerLitre": 6.0,
            "bestPricePerLitre": 6.0
        },
        "store": {
            "id": "d999418f-c2ca-4748-b56b-15ee82c6e85e",
            "name": "New World Havelock North"
        }
    },
    {
        "productData": {
            "name": "V Energy Drink Green Cans 4pk",
            "productId": "5002893_ea_000",
            "productShopPage": "https://www.newworld.co.nz/shop/product/5002893_ea_000nw",
            "productImageURL": "https://a.fsimg.co.nz/product/retail/fan/image/master/5002893.png",
            "productDescription": "Limit 12 assorted.\n\n\nContains Caffeine.\n\nProduct of New Zealand",
            "volume": "250mL",
            "multipack": {
                "quantity": "4"
            }
        },
        "priceData": {
            "bestPrice": "5.99",
            "price": "5.99",
            "pricePerLitre": 5.99,
            "bestPricePerLitre": 5.99
        },
        "store": {
            "id": "d999418f-c2ca-4748-b56b-15ee82c6e85e",
            "name": "New World Havelock North"
        }
    },
    {
        "productData": {
            "name": "Monster Ultra Zero Drink 500ml",
            "productId": "5090618_ea_000",
            "productShopPage": "https://www.newworld.co.nz/shop/product/5090618_ea_000nw",
            "productImageURL": "https://a.fsimg.co.nz/product/retail/fan/image/master/5090618.png",
            "productDescription": "A little less sweet, lighter-tasting, zero calories, but with a full load of our Monster energy blend. Sure, white is the new black. Monster Energy Zero Ultra. Unleash the Ultra Beast!\n\nProduct of Imported",
            "volume": "500mL",
            "multipack": {
                "quantity": "1"
            }
        },
        "priceData": {
            "bestPrice": "2.99",
            "price": "2.99",
            "pricePerLitre": 6.0,
            "bestPricePerLitre": 6.0
        },
        "store": {
            "id": "d999418f-c2ca-4748-b56b-15ee82c6e85e",
            "name": "New World Havelock North"
        }
    },
    {
        "productData": {
            "name": "Monster Super Fuel Zero Sugar Energy Drink 550ml",
            "productId": "5284331_ea_000",
            "productShopPage": "https://www.newworld.co.nz/shop/product/5284331_ea_000nw",
            "productImageURL": "https://a.fsimg.co.nz/product/retail/fan/image/master/5284331.png",
            "productDescription": "Product of Imported",
            "volume": "550mL",
            "multipack": {
                "quantity": "1"
            }
        },
        "priceData": {
            "bestPrice": "3.49",
            "price": "3.49",
            "pricePerLitre": 6.345454545454546,
            "bestPricePerLitre": 6.345454545454546
        },
        "store": {
            "id": "d999418f-c2ca-4748-b56b-15ee82c6e85e",
            "name": "New World Havelock North"
        }
    },
    {
        "productData": {
            "name": "Mother Energy Drink Can 500ml",
            "productId": "5011153_ea_000",
            "productShopPage": "https://www.newworld.co.nz/shop/product/5011153_ea_000nw",
            "productImageURL": "https://a.fsimg.co.nz/product/retail/fan/image/master/5011153.png",
            "productDescription": "Contains Caffeine.\n\nProduct of New Zealand",
            "volume": "500mL",
            "multipack": {
                "quantity": "1"
            }
        },
        "priceData": {
            "bestPrice": "1.99",
            "price": "1.99",
            "pricePerLitre": 4.0,
            "bestPricePerLitre": 4.0
        },
        "store": {
            "id": "d999418f-c2ca-4748-b56b-15ee82c6e85e",
            "name": "New World Havelock North"
        }
    },
    {
        "productData": {
            "name": "Monster Super Fuel Purple Passion Energy Drink 550ml",
            "productId": "5284332_ea_000",
            "productShopPage": "https://www.newworld.co.nz/shop/product/5284332_ea_000nw",
            "productImageURL": "https://a.fsimg.co.nz/product/retail/fan/image/master/5284332.png",
            "productDescription": "Product of Imported",
            "volume": "550mL",
            "multipack": {
                "quantity": "1"
            }
        },
        "priceData": {
            "bestPrice": "3.49",
            "price": "3.49",
            "pricePerLitre": 6.345454545454546,
            "bestPricePerLitre": 6.345454545454546
        },
        "store": {
            "id": "d999418f-c2ca-4748-b56b-15ee82c6e85e",
            "name": "New World Havelock North"
        }
    },
    {
        "productData": {
            "name": "Monster Energy Drink 500ml",
            "productId": "5007647_ea_000",
            "productShopPage": "https://www.newworld.co.nz/shop/product/5007647_ea_000nw",
            "productImageURL": "https://a.fsimg.co.nz/product/retail/fan/image/master/5007647.png",
            "productDescription": "Contains Caffeine.\n\nProduct of Imported",
            "volume": "500mL",
            "multipack": {
                "quantity": "1"
            }
        },
        "priceData": {
            "bestPrice": "2.99",
            "price": "2.99",
            "pricePerLitre": 6.0,
            "bestPricePerLitre": 6.0
        },
        "store": {
            "id": "d999418f-c2ca-4748-b56b-15ee82c6e85e",
            "name": "New World Havelock North"
        }
    },
    {
        "productData": {
            "name": "Monster Energy Drink 4pk",
            "productId": "5107264_ea_000",
            "productShopPage": "https://www.newworld.co.nz/shop/product/5107264_ea_000nw",
            "productImageURL": "https://a.fsimg.co.nz/product/retail/fan/image/master/5107264.png",
            "productDescription": "Product of Imported",
            "volume": "",
            "multipack": {
                "quantity": ""
            }
        },
        "priceData": {
            "bestPrice": "11.99",
            "price": "11.99",
            "pricePerLitre": 6.0,
            "bestPricePerLitre": 6.0
        },
        "store": {
            "id": "d999418f-c2ca-4748-b56b-15ee82c6e85e",
            "name": "New World Havelock North"
        }
    },
    {
        "productData": {
            "name": "V Sugarfree Guarana Energy Drink 500ml",
            "productId": "5007644_ea_000",
            "productShopPage": "https://www.newworld.co.nz/shop/product/5007644_ea_000nw",
            "productImageURL": "https://a.fsimg.co.nz/product/retail/fan/image/master/5007644.png",
            "productDescription": "Sugar Free.\n\nProduct of New Zealand",
            "volume": "500mL",
            "multipack": {
                "quantity": "1"
            }
        },
        "priceData": {
            "bestPrice": "3.49",
            "price": "3.49",
            "pricePerLitre": 7.0,
            "bestPricePerLitre": 7.0
        },
        "store": {
            "id": "d999418f-c2ca-4748-b56b-15ee82c6e85e",
            "name": "New World Havelock North"
        }
    },
    {
        "productData": {
            "name": "V Original Guarana Energy Drink 500ml",
            "productId": "5004703_ea_000",
            "productShopPage": "https://www.newworld.co.nz/shop/product/5004703_ea_000nw",
            "productImageURL": "https://a.fsimg.co.nz/product/retail/fan/image/master/5004703.png",
            "productDescription": "Contains Caffeine.\n\nProduct of New Zealand",
            "volume": "500mL",
            "multipack": {
                "quantity": "1"
            }
        },
        "priceData": {
            "bestPrice": "3.49",
            "price": "3.49",
            "pricePerLitre": 7.0,
            "bestPricePerLitre": 7.0
        },
        "store": {
            "id": "d999418f-c2ca-4748-b56b-15ee82c6e85e",
            "name": "New World Havelock North"
        }
    },
    {
        "productData": {
            "name": "V Original Guarana Energy Drink 500ml",
            "productId": "5007441_ea_000",
            "productShopPage": "https://www.newworld.co.nz/shop/product/5007441_ea_000nw",
            "productImageURL": "https://a.fsimg.co.nz/product/retail/fan/image/master/5007441.png",
            "productDescription": "Buy 2 for $5.00.\n\n\nContains Wheat Derivatives, Caffeine.\n\nProduct of New Zealand",
            "volume": "500mL",
            "multipack": {
                "quantity": "1"
            }
        },
        "priceData": {
            "bestPrice": 2.5,
            "price": 2.0,
            "pricePerLitre": 4.0,
            "bestPricePerLitre": 5.0,
            "multiBuy": {
                "quantity": 2.0,
                "value": 5.0,
                "perUnit": 2.5
            }
        },
        "store": {
            "id": "d999418f-c2ca-4748-b56b-15ee82c6e85e",
            "name": "New World Havelock North"
        }
    },
    {
        "productData": {
            "name": "V Blue Guarana Energy Drink 10pk",
            "productId": "5290181_ea_000",
            "productShopPage": "https://www.newworld.co.nz/shop/product/5290181_ea_000nw",
            "productImageURL": "https://a.fsimg.co.nz/product/retail/fan/image/master/5290181.png",
            "productDescription": "Product of New Zealand",
            "volume": "250mL",
            "multipack": {
                "quantity": "10"
            }
        },
        "priceData": {
            "bestPrice": "17.99",
            "price": "17.99",
            "pricePerLitre": 7.2,
            "bestPricePerLitre": 7.2
        },
        "store": {
            "id": "2431cc5b-52ef-4b19-8424-2f4ef22b88b1",
            "name": "New World Victoria Park"
        }
    },
    {
        "productData": {
            "name": "V Blue Guarana Energy Drink 250ml",
            "productId": "5007495_ea_000",
            "productShopPage": "https://www.newworld.co.nz/shop/product/5007495_ea_000nw",
            "productImageURL": "https://a.fsimg.co.nz/product/retail/fan/image/master/5007495.png",
            "productDescription": "Contains Caffeine, Wheat Derivatives.\n\nProduct of New Zealand",
            "volume": "250mL",
            "multipack": {
                "quantity": "1"
            }
        },
        "priceData": {
            "bestPrice": "1.99",
            "price": "1.99",
            "pricePerLitre": 8.0,
            "bestPricePerLitre": 8.0
        },
        "store": {
            "id": "2431cc5b-52ef-4b19-8424-2f4ef22b88b1",
            "name": "New World Victoria Park"
        }
    },
    {
        "productData": {
            "name": "V Sugarfree Blue Guarana Energy Drink 4pk",
            "productId": "5289891_ea_000",
            "productShopPage": "https://www.newworld.co.nz/shop/product/5289891_ea_000nw",
            "productImageURL": "https://a.fsimg.co.nz/product/retail/fan/image/master/5289891.png",
            "productDescription": "Limit 12 assorted.\n\n\n\n\nProduct of New Zealand",
            "volume": "250mL",
            "multipack": {
                "quantity": "4"
            }
        },
        "priceData": {
            "bestPrice": "5.99",
            "price": "5.99",
            "pricePerLitre": 5.99,
            "bestPricePerLitre": 5.99
        },
        "store": {
            "id": "2431cc5b-52ef-4b19-8424-2f4ef22b88b1",
            "name": "New World Victoria Park"
        }
    },
    {
        "productData": {
            "name": "V Sugarfree Guarana Energy Drink 250ml",
            "productId": "5001639_ea_000",
            "productShopPage": "https://www.newworld.co.nz/shop/product/5001639_ea_000nw",
            "productImageURL": "https://a.fsimg.co.nz/product/retail/fan/image/master/5001639.png",
            "productDescription": "Sugar Free. Contains Caffeine.\n\nProduct of New Zealand",
            "volume": "250mL",
            "multipack": {
                "quantity": "1"
            }
        },
        "priceData": {
            "bestPrice": "1.99",
            "price": "1.99",
            "pricePerLitre": 8.0,
            "bestPricePerLitre": 8.0
        },
        "store": {
            "id": "2431cc5b-52ef-4b19-8424-2f4ef22b88b1",
            "name": "New World Victoria Park"
        }
    },
    {
        "productData": {
            "name": "V Sugarfree Guarana Energy Drink 10pk",
            "productId": "5289890_ea_000",
            "productShopPage": "https://www.newworld.co.nz/shop/product/5289890_ea_000nw",
            "productImageURL": "https://a.fsimg.co.nz/product/retail/fan/image/master/5289890.png",
            "productDescription": "Product of New Zealand",
            "volume": "",
            "multipack": {
                "quantity": ""
            }
        },
        "priceData": {
            "bestPrice": "17.99",
            "price": "17.99",
            "pricePerLitre": 72.0,
            "bestPricePerLitre": 72.0
        },
        "store": {
            "id": "2431cc5b-52ef-4b19-8424-2f4ef22b88b1",
            "name": "New World Victoria Park"
        }
    },
    {
        "productData": {
            "name": "V Green Guarana Energy Drink 6pk",
            "productId": "5272987_ea_000",
            "productShopPage": "https://www.newworld.co.nz/shop/product/5272987_ea_000nw",
            "productImageURL": "https://a.fsimg.co.nz/product/retail/fan/image/master/5272987.png",
            "productDescription": "Product of New Zealand",
            "volume": "330mL",
            "multipack": {
                "quantity": "6"
            }
        },
        "priceData": {
            "bestPrice": "11.99",
            "price": "11.99",
            "pricePerLitre": 6.05,
            "bestPricePerLitre": 6.05
        },
        "store": {
            "id": "2431cc5b-52ef-4b19-8424-2f4ef22b88b1",
            "name": "New World Victoria Park"
        }
    },
    {
        "productData": {
            "name": "Live Plus Ascend Energy Drink 250ml",
            "productId": "5236675_ea_000",
            "productShopPage": "https://www.newworld.co.nz/shop/product/5236675_ea_000nw",
            "productImageURL": "https://a.fsimg.co.nz/product/retail/fan/image/master/5236675.png",
            "productDescription": "Limit 12 assorted.\n\n\n\n\nProduct of New Zealand",
            "volume": "",
            "multipack": {
                "quantity": ""
            }
        },
        "priceData": {
            "bestPrice": "0.99",
            "price": "0.99"
        },
        "store": {
            "id": "2431cc5b-52ef-4b19-8424-2f4ef22b88b1",
            "name": "New World Victoria Park"
        }
    },
    {
        "productData": {
            "name": "Live Plus Tart Apple Energy Drink 250ml",
            "productId": "5236676_ea_000",
            "productShopPage": "https://www.newworld.co.nz/shop/product/5236676_ea_000nw",
            "productImageURL": "https://a.fsimg.co.nz/product/retail/fan/image/master/5236676.png",
            "productDescription": "Limit 12 assorted.\n\n\n\n\nProduct of New Zealand",
            "volume": "250mL",
            "multipack": {
                "quantity": "1"
            }
        },
        "priceData": {
            "bestPrice": "0.99",
            "price": "0.99",
            "pricePerLitre": 3.96,
            "bestPricePerLitre": 3.96
        },
        "store": {
            "id": "2431cc5b-52ef-4b19-8424-2f4ef22b88b1",
            "name": "New World Victoria Park"
        }
    },
    {
        "productData": {
            "name": "Live Plus Persist Energy Drink 250ml",
            "productId": "5236678_ea_000",
            "productShopPage": "https://www.newworld.co.nz/shop/product/5236678_ea_000nw",
            "productImageURL": "https://a.fsimg.co.nz/product/retail/fan/image/master/5236678.png",
            "productDescription": "Limit 12 assorted.\n\n\n\n\nProduct of New Zealand",
            "volume": "",
            "multipack": {
                "quantity": ""
            }
        },
        "priceData": {
            "bestPrice": "0.99",
            "price": "0.99"
        },
        "store": {
            "id": "2431cc5b-52ef-4b19-8424-2f4ef22b88b1",
            "name": "New World Victoria Park"
        }
    },
    {
        "productData": {
            "name": "V Green Guarana Energy Drink 10pk",
            "productId": "5289889_ea_000",
            "productShopPage": "https://www.newworld.co.nz/shop/product/5289889_ea_000nw",
            "productImageURL": "https://a.fsimg.co.nz/product/retail/fan/image/master/5289889.png",
            "productDescription": "Product of New Zealand",
            "volume": "250mL",
            "multipack": {
                "quantity": "10"
            }
        },
        "priceData": {
            "bestPrice": "17.99",
            "price": "17.99",
            "pricePerLitre": 7.2,
            "bestPricePerLitre": 7.2
        },
        "store": {
            "id": "2431cc5b-52ef-4b19-8424-2f4ef22b88b1",
            "name": "New World Victoria Park"
        }
    },
    {
        "productData": {
            "name": "V Sugarfree Blue Guarana Energy Drink 500ml",
            "productId": "5283362_ea_000",
            "productShopPage": "https://www.newworld.co.nz/shop/product/5283362_ea_000nw",
            "productImageURL": "https://a.fsimg.co.nz/product/retail/fan/image/master/5283362.png",
            "productDescription": "Sugar free\n\nProduct of New Zealand",
            "volume": "500mL",
            "multipack": {
                "quantity": "1"
            }
        },
        "priceData": {
            "bestPrice": "3.49",
            "price": "3.49",
            "pricePerLitre": 7.0,
            "bestPricePerLitre": 7.0
        },
        "store": {
            "id": "2431cc5b-52ef-4b19-8424-2f4ef22b88b1",
            "name": "New World Victoria Park"
        }
    },
    {
        "productData": {
            "name": "V Original Guarana Energy Drink 350ml",
            "productId": "5003156_ea_000",
            "productShopPage": "https://www.newworld.co.nz/shop/product/5003156_ea_000nw",
            "productImageURL": "https://a.fsimg.co.nz/product/retail/fan/image/master/5003156.png",
            "productDescription": "Buy 2 for $5.00.\n\n\nContains Caffeine.\n\nProduct of New Zealand",
            "volume": "350mL",
            "multipack": {
                "quantity": "1"
            }
        },
        "priceData": {
            "bestPrice": 2.5,
            "price": 2.0,
            "pricePerLitre": 5.714285714285714,
            "bestPricePerLitre": 7.142857142857143,
            "multiBuy": {
                "quantity": 2.0,
                "value": 5.0,
                "perUnit": 2.5
            }
        },
        "store": {
            "id": "2431cc5b-52ef-4b19-8424-2f4ef22b88b1",
            "name": "New World Victoria Park"
        }
    },
    {
        "productData": {
            "name": "V Blue Guarana Energy Drink Cans 10pk",
            "productId": "5228254_ea_000",
            "productShopPage": "https://www.newworld.co.nz/shop/product/5228254_ea_000nw",
            "productImageURL": "https://a.fsimg.co.nz/product/retail/fan/image/master/5228254.png",
            "productDescription": "Product of New Zealand",
            "volume": "200mL",
            "multipack": {
                "quantity": "10"
            }
        },
        "priceData": {
            "bestPrice": "15.29",
            "price": "15.29",
            "pricePerLitre": 7.6450000000000005,
            "bestPricePerLitre": 7.6450000000000005
        },
        "store": {
            "id": "2431cc5b-52ef-4b19-8424-2f4ef22b88b1",
            "name": "New World Victoria Park"
        }
    },
    {
        "productData": {
            "name": "V Blue Guarana Energy Drink 350ml",
            "productId": "5007492_ea_000",
            "productShopPage": "https://www.newworld.co.nz/shop/product/5007492_ea_000nw",
            "productImageURL": "https://a.fsimg.co.nz/product/retail/fan/image/master/5007492.png",
            "productDescription": "Buy 2 for $5.00.\n\n\nContains Caffeine, Wheat Derivatives.\n\nProduct of New Zealand",
            "volume": "350mL",
            "multipack": {
                "quantity": "1"
            }
        },
        "priceData": {
            "bestPrice": 2.5,
            "price": 2.0,
            "pricePerLitre": 5.714285714285714,
            "bestPricePerLitre": 7.142857142857143,
            "multiBuy": {
                "quantity": 2.0,
                "value": 5.0,
                "perUnit": 2.5
            }
        },
        "store": {
            "id": "2431cc5b-52ef-4b19-8424-2f4ef22b88b1",
            "name": "New World Victoria Park"
        }
    },
    {
        "productData": {
            "name": "V Blue Energy Drink 500ml",
            "productId": "5020662_ea_000",
            "productShopPage": "https://www.newworld.co.nz/shop/product/5020662_ea_000nw",
            "productImageURL": "https://a.fsimg.co.nz/product/retail/fan/image/master/5020662.png",
            "productDescription": "Buy 2 for $5.00.\n\n\n\n\nProduct of New Zealand",
            "volume": "500mL",
            "multipack": {
                "quantity": "1"
            }
        },
        "priceData": {
            "bestPrice": 2.5,
            "price": 2.0,
            "pricePerLitre": 4.0,
            "bestPricePerLitre": 5.0,
            "multiBuy": {
                "quantity": 2.0,
                "value": 5.0,
                "perUnit": 2.5
            }
        },
        "store": {
            "id": "2431cc5b-52ef-4b19-8424-2f4ef22b88b1",
            "name": "New World Victoria Park"
        }
    },
    {
        "productData": {
            "name": "V Blue Guarana Energy Drink 500ml",
            "productId": "5007494_ea_000",
            "productShopPage": "https://www.newworld.co.nz/shop/product/5007494_ea_000nw",
            "productImageURL": "https://a.fsimg.co.nz/product/retail/fan/image/master/5007494.png",
            "productDescription": "Contains Wheat Derivatives, Caffeine.\n\nProduct of New Zealand",
            "volume": "500mL",
            "multipack": {
                "quantity": "1"
            }
        },
        "priceData": {
            "bestPrice": "3.49",
            "price": "3.49",
            "pricePerLitre": 7.0,
            "bestPricePerLitre": 7.0
        },
        "store": {
            "id": "2431cc5b-52ef-4b19-8424-2f4ef22b88b1",
            "name": "New World Victoria Park"
        }
    },
    {
        "productData": {
            "name": "Red Bull Energy Drink 473ml",
            "productId": "5005255_ea_000",
            "productShopPage": "https://www.newworld.co.nz/shop/product/5005255_ea_000nw",
            "productImageURL": "https://a.fsimg.co.nz/product/retail/fan/image/master/5005255.png",
            "productDescription": "Red Bull Energy Drink's special formula contains ingredients of high quality: Caffeine, Taurine, B-Group Vitamins, Sugars, Alpine Water.One 250ml can of Red Bull Energy Drinks contains 80 mg of caffeine, about the same amount as in a cup of home-brewed coffee.The amount of sugars in a can of Red Bull Energy Drink is comparable to the level of sugars in an equivalent amount of apple or orange juice – 11 g per 100ml.Red Bull cans are made of 100% recyclable aluminium.Red Bull Energy Drink 473ml canVitalizes Body and Mind.®RED BULL GIVES YOU WINGSInspired by functional drinks from the Far East, Dietrich Mateschitz founded Red Bull in the mid-1980s. He developed a new product and a unique marketing concept and launched Red Bull Energy Drink on April 1, 1987 in Austria. A brand new product category - Energy Drinks - was born.\n\nProduct of Imported",
            "volume": "473mL",
            "multipack": {
                "quantity": "1"
            }
        },
        "priceData": {
            "bestPrice": "3.59",
            "price": "3.59",
            "pricePerLitre": 7.6,
            "bestPricePerLitre": 7.6
        },
        "store": {
            "id": "2431cc5b-52ef-4b19-8424-2f4ef22b88b1",
            "name": "New World Victoria Park"
        }
    },
    {
        "productData": {
            "name": "V Original Guarana Energy Drink 250ml",
            "productId": "5003151_ea_000",
            "productShopPage": "https://www.newworld.co.nz/shop/product/5003151_ea_000nw",
            "productImageURL": "https://a.fsimg.co.nz/product/retail/fan/image/master/5003151.png",
            "productDescription": "Contains Caffeine.\n\nProduct of New Zealand",
            "volume": "250mL",
            "multipack": {
                "quantity": "1"
            }
        },
        "priceData": {
            "bestPrice": "1.99",
            "price": "1.99",
            "pricePerLitre": 8.0,
            "bestPricePerLitre": 8.0
        },
        "store": {
            "id": "2431cc5b-52ef-4b19-8424-2f4ef22b88b1",
            "name": "New World Victoria Park"
        }
    },
    {
        "productData": {
            "name": "Red Bull Energy Drink 250ml Cans 4pk",
            "productId": "5001443_ea_000",
            "productShopPage": "https://www.newworld.co.nz/shop/product/5001443_ea_000nw",
            "productImageURL": "https://a.fsimg.co.nz/product/retail/fan/image/master/5001443.png",
            "productDescription": "Red Bull Energy Drink's special formula contains ingredients of high quality: Caffeine, Taurine, B-Group Vitamins, Sugars, Alpine Water.One 250ml can of Red Bull Energy Drinks contains 80 mg of caffeine, about the same amount as in a cup of home-brewed coffee.The amount of sugars in a can of Red Bull Energy Drink is comparable to the level of sugars in an equivalent amount of apple or orange juice – 11 g per 100ml.Red Bull cans are made of 100% recyclable aluminium.Pack of four 250ml Red Bull Energy Drink cansVitalizes Body and Mind.®RED BULL GIVES YOU WINGSInspired by functional drinks from the Far East, Dietrich Mateschitz founded Red Bull in the mid-1980s. He developed a new product and a unique marketing concept and launched Red Bull Energy Drink on April 1, 1987 in Austria. A brand new product category - Energy Drinks - was born.",
            "volume": "250mL",
            "multipack": {
                "quantity": "4"
            }
        },
        "priceData": {
            "bestPrice": "8.29",
            "price": "8.29",
            "pricePerLitre": 8.299999999999999,
            "bestPricePerLitre": 8.299999999999999
        },
        "store": {
            "id": "2431cc5b-52ef-4b19-8424-2f4ef22b88b1",
            "name": "New World Victoria Park"
        }
    },
    {
        "productData": {
            "name": "Lucozade Orange Energy Drink 380ml",
            "productId": "5009239_ea_000",
            "productShopPage": "https://www.newworld.co.nz/shop/product/5009239_ea_000nw",
            "productImageURL": "https://a.fsimg.co.nz/product/retail/fan/image/master/5009239.png",
            "productDescription": "Powered by Glucose.\n\nProduct of New Zealand",
            "volume": "380mL",
            "multipack": {
                "quantity": "1"
            }
        },
        "priceData": {
            "bestPrice": "2.69",
            "price": "2.69",
            "pricePerLitre": 7.08,
            "bestPricePerLitre": 7.08
        },
        "store": {
            "id": "2431cc5b-52ef-4b19-8424-2f4ef22b88b1",
            "name": "New World Victoria Park"
        }
    },
    {
        "productData": {
            "name": "V Pure Natural Energy Drink Glass Bottle 330ml",
            "productId": "5237753_ea_000",
            "productShopPage": "https://www.newworld.co.nz/shop/product/5237753_ea_000nw",
            "productImageURL": "https://a.fsimg.co.nz/product/retail/fan/image/master/5237753.png",
            "productDescription": "Buy 2 for $5.00.\n\n\nNothing artificial\n\nProduct of New Zealand",
            "volume": "330mL",
            "multipack": {
                "quantity": "1"
            }
        },
        "priceData": {
            "bestPrice": 2.5,
            "price": 2.0,
            "pricePerLitre": 6.0606060606060606,
            "bestPricePerLitre": 7.575757575757575,
            "multiBuy": {
                "quantity": 2.0,
                "value": 5.0,
                "perUnit": 2.5
            }
        },
        "store": {
            "id": "2431cc5b-52ef-4b19-8424-2f4ef22b88b1",
            "name": "New World Victoria Park"
        }
    },
    {
        "productData": {
            "name": "Lucozade Original Energy Drink 380ml",
            "productId": "5009240_ea_000",
            "productShopPage": "https://www.newworld.co.nz/shop/product/5009240_ea_000nw",
            "productImageURL": "https://a.fsimg.co.nz/product/retail/fan/image/master/5009240.png",
            "productDescription": "Energy from Glucose.\n\nProduct of New Zealand",
            "volume": "380mL",
            "multipack": {
                "quantity": "1"
            }
        },
        "priceData": {
            "bestPrice": "2.69",
            "price": "2.69",
            "pricePerLitre": 7.08,
            "bestPricePerLitre": 7.08
        },
        "store": {
            "id": "2431cc5b-52ef-4b19-8424-2f4ef22b88b1",
            "name": "New World Victoria Park"
        }
    },
    {
        "productData": {
            "name": "Rockstar Watermelon Freeze Energy Drink 500ml",
            "productId": "5257298_ea_000",
            "productShopPage": "https://www.newworld.co.nz/shop/product/5257298_ea_000nw",
            "productImageURL": "https://a.fsimg.co.nz/product/retail/fan/image/master/5257298.png",
            "productDescription": "Buy 3 for $5.00.\n\n\n\n\nProduct of New Zealand",
            "volume": "500mL",
            "multipack": {
                "quantity": "1"
            }
        },
        "priceData": {
            "bestPrice": 1.6666666666666667,
            "price": 1.0,
            "pricePerLitre": 2.0,
            "bestPricePerLitre": 3.3333333333333335,
            "multiBuy": {
                "quantity": 3.0,
                "value": 5.0,
                "perUnit": 1.6666666666666667
            }
        },
        "store": {
            "id": "2431cc5b-52ef-4b19-8424-2f4ef22b88b1",
            "name": "New World Victoria Park"
        }
    },
    {
        "productData": {
            "name": "V Pure Natural Energy Drink Can 250ml",
            "productId": "5237735_ea_000",
            "productShopPage": "https://www.newworld.co.nz/shop/product/5237735_ea_000nw",
            "productImageURL": "https://a.fsimg.co.nz/product/retail/fan/image/master/5237735.png",
            "productDescription": "6 natural ingredients; Nothing artificial; Apple juice - Apple and lemon juice is reconstituted; Lemon juice - Apple and lemon juice is reconstituted\n\nProduct of New Zealand",
            "volume": "250mL",
            "multipack": {
                "quantity": "1"
            }
        },
        "priceData": {
            "bestPrice": "1.99",
            "price": "1.99",
            "pricePerLitre": 8.0,
            "bestPricePerLitre": 8.0
        },
        "store": {
            "id": "2431cc5b-52ef-4b19-8424-2f4ef22b88b1",
            "name": "New World Victoria Park"
        }
    },
    {
        "productData": {
            "name": "Rockstar Original Energy Drink 500ml",
            "productId": "5215383_ea_000",
            "productShopPage": "https://www.newworld.co.nz/shop/product/5215383_ea_000nw",
            "productImageURL": "https://a.fsimg.co.nz/product/retail/fan/image/master/5215383.png",
            "productDescription": "Buy 3 for $5.00.\n\n\nCaffeine; B vitamins; Vitamin C; Taurine; Ginseng\n\nProduct of New Zealand",
            "volume": "500mL",
            "multipack": {
                "quantity": "1"
            }
        },
        "priceData": {
            "bestPrice": 1.6666666666666667,
            "price": 1.0,
            "pricePerLitre": 2.0,
            "bestPricePerLitre": 3.3333333333333335,
            "multiBuy": {
                "quantity": 3.0,
                "value": 5.0,
                "perUnit": 1.6666666666666667
            }
        },
        "store": {
            "id": "2431cc5b-52ef-4b19-8424-2f4ef22b88b1",
            "name": "New World Victoria Park"
        }
    },
    {
        "productData": {
            "name": "V Berry Twist Sugar Free Can 500ml",
            "productId": "5254654_ea_000",
            "productShopPage": "https://www.newworld.co.nz/shop/product/5254654_ea_000nw",
            "productImageURL": "https://a.fsimg.co.nz/product/retail/fan/image/master/5254654.png",
            "productDescription": "Sugarfree\n\nProduct of New Zealand",
            "volume": "500mL",
            "multipack": {
                "quantity": "1"
            }
        },
        "priceData": {
            "bestPrice": "3.49",
            "price": "3.49",
            "pricePerLitre": 7.0,
            "bestPricePerLitre": 7.0
        },
        "store": {
            "id": "2431cc5b-52ef-4b19-8424-2f4ef22b88b1",
            "name": "New World Victoria Park"
        }
    },
    {
        "productData": {
            "name": "V Raspberry Lemonade Guarana Energy Drink 4pk",
            "productId": "5289907_ea_000",
            "productShopPage": "https://www.newworld.co.nz/shop/product/5289907_ea_000nw",
            "productImageURL": "https://a.fsimg.co.nz/product/retail/fan/image/master/5289907.png",
            "productDescription": "Limit 12 assorted.\n\n\n\n\nProduct of New Zealand",
            "volume": "250mL",
            "multipack": {
                "quantity": "4"
            }
        },
        "priceData": {
            "bestPrice": "5.99",
            "price": "5.99",
            "pricePerLitre": 5.99,
            "bestPricePerLitre": 5.99
        },
        "store": {
            "id": "2431cc5b-52ef-4b19-8424-2f4ef22b88b1",
            "name": "New World Victoria Park"
        }
    },
    {
        "productData": {
            "name": "V Raspberry Lemonade Can 500ml",
            "productId": "5264523_ea_000",
            "productShopPage": "https://www.newworld.co.nz/shop/product/5264523_ea_000nw",
            "productImageURL": "https://a.fsimg.co.nz/product/retail/fan/image/master/5264523.png",
            "productDescription": "Product of New Zealand",
            "volume": "500mL",
            "multipack": {
                "quantity": "1"
            }
        },
        "priceData": {
            "bestPrice": "3.49",
            "price": "3.49",
            "pricePerLitre": 7.0,
            "bestPricePerLitre": 7.0
        },
        "store": {
            "id": "2431cc5b-52ef-4b19-8424-2f4ef22b88b1",
            "name": "New World Victoria Park"
        }
    },
    {
        "productData": {
            "name": "V Blue Guarana Energy Drink 6pk",
            "productId": "5272988_ea_000",
            "productShopPage": "https://www.newworld.co.nz/shop/product/5272988_ea_000nw",
            "productImageURL": "https://a.fsimg.co.nz/product/retail/fan/image/master/5272988.png",
            "productDescription": "Product of New Zealand",
            "volume": "330mL",
            "multipack": {
                "quantity": "6"
            }
        },
        "priceData": {
            "bestPrice": "11.99",
            "price": "11.99",
            "pricePerLitre": 6.05,
            "bestPricePerLitre": 6.05
        },
        "store": {
            "id": "2431cc5b-52ef-4b19-8424-2f4ef22b88b1",
            "name": "New World Victoria Park"
        }
    },
    {
        "productData": {
            "name": "V Blue Can 4pk",
            "productId": "5030249_ea_000",
            "productShopPage": "https://www.newworld.co.nz/shop/product/5030249_ea_000nw",
            "productImageURL": "https://a.fsimg.co.nz/product/retail/fan/image/master/5030249.png",
            "productDescription": "Limit 12 assorted.\n\n\nContains Wheat Derivatives, Caffeine.\n\nProduct of New Zealand",
            "volume": "250mL",
            "multipack": {
                "quantity": "4"
            }
        },
        "priceData": {
            "bestPrice": "5.99",
            "price": "5.99",
            "pricePerLitre": 5.99,
            "bestPricePerLitre": 5.99
        },
        "store": {
            "id": "2431cc5b-52ef-4b19-8424-2f4ef22b88b1",
            "name": "New World Victoria Park"
        }
    },
    {
        "productData": {
            "name": "V Energy Drink Sugarfree Cans 4pk",
            "productId": "5004117_ea_000",
            "productShopPage": "https://www.newworld.co.nz/shop/product/5004117_ea_000nw",
            "productImageURL": "https://a.fsimg.co.nz/product/retail/fan/image/master/5004117.png",
            "productDescription": "Limit 12 assorted.\n\n\nSugar Free. Contains Caffeine.\n\nProduct of New Zealand",
            "volume": "250mL",
            "multipack": {
                "quantity": "4"
            }
        },
        "priceData": {
            "bestPrice": "5.99",
            "price": "5.99",
            "pricePerLitre": 5.99,
            "bestPricePerLitre": 5.99
        },
        "store": {
            "id": "2431cc5b-52ef-4b19-8424-2f4ef22b88b1",
            "name": "New World Victoria Park"
        }
    },
    {
        "productData": {
            "name": "Monster Mango Loco Energy Drink 500ml",
            "productId": "5242374_ea_000",
            "productShopPage": "https://www.newworld.co.nz/shop/product/5242374_ea_000nw",
            "productImageURL": "https://a.fsimg.co.nz/product/retail/fan/image/master/5242374.png",
            "productDescription": "Product of Imported",
            "volume": "500mL",
            "multipack": {
                "quantity": "1"
            }
        },
        "priceData": {
            "bestPrice": "2.99",
            "price": "2.99",
            "pricePerLitre": 6.0,
            "bestPricePerLitre": 6.0
        },
        "store": {
            "id": "2431cc5b-52ef-4b19-8424-2f4ef22b88b1",
            "name": "New World Victoria Park"
        }
    },
    {
        "productData": {
            "name": "Monster Zero Sugar Ultra Rosa Energy Drink 500ml",
            "productId": "5278094_ea_000",
            "productShopPage": "https://www.newworld.co.nz/shop/product/5278094_ea_000nw",
            "productImageURL": "https://a.fsimg.co.nz/product/retail/fan/image/master/5278094.png",
            "productDescription": "Product of Imported",
            "volume": "500mL",
            "multipack": {
                "quantity": "1"
            }
        },
        "priceData": {
            "bestPrice": "2.99",
            "price": "2.99",
            "pricePerLitre": 6.0,
            "bestPricePerLitre": 6.0
        },
        "store": {
            "id": "2431cc5b-52ef-4b19-8424-2f4ef22b88b1",
            "name": "New World Victoria Park"
        }
    },
    {
        "productData": {
            "name": "Monster Ultra Paradise Energy Drink 500ml",
            "productId": "5261257_ea_000",
            "productShopPage": "https://www.newworld.co.nz/shop/product/5261257_ea_000nw",
            "productImageURL": "https://a.fsimg.co.nz/product/retail/fan/image/master/5261257.png",
            "productDescription": "Product of Imported",
            "volume": "500mL",
            "multipack": {
                "quantity": "1"
            }
        },
        "priceData": {
            "bestPrice": "2.99",
            "price": "2.99",
            "pricePerLitre": 6.0,
            "bestPricePerLitre": 6.0
        },
        "store": {
            "id": "2431cc5b-52ef-4b19-8424-2f4ef22b88b1",
            "name": "New World Victoria Park"
        }
    },
    {
        "productData": {
            "name": "V Energy Drink Green Cans 4pk",
            "productId": "5002893_ea_000",
            "productShopPage": "https://www.newworld.co.nz/shop/product/5002893_ea_000nw",
            "productImageURL": "https://a.fsimg.co.nz/product/retail/fan/image/master/5002893.png",
            "productDescription": "Limit 12 assorted.\n\n\nContains Caffeine.\n\nProduct of New Zealand",
            "volume": "250mL",
            "multipack": {
                "quantity": "4"
            }
        },
        "priceData": {
            "bestPrice": "5.99",
            "price": "5.99",
            "pricePerLitre": 5.99,
            "bestPricePerLitre": 5.99
        },
        "store": {
            "id": "2431cc5b-52ef-4b19-8424-2f4ef22b88b1",
            "name": "New World Victoria Park"
        }
    },
    {
        "productData": {
            "name": "Monster Ultra Zero Drink 500ml",
            "productId": "5090618_ea_000",
            "productShopPage": "https://www.newworld.co.nz/shop/product/5090618_ea_000nw",
            "productImageURL": "https://a.fsimg.co.nz/product/retail/fan/image/master/5090618.png",
            "productDescription": "A little less sweet, lighter-tasting, zero calories, but with a full load of our Monster energy blend. Sure, white is the new black. Monster Energy Zero Ultra. Unleash the Ultra Beast!\n\nProduct of Imported",
            "volume": "500mL",
            "multipack": {
                "quantity": "1"
            }
        },
        "priceData": {
            "bestPrice": "2.99",
            "price": "2.99",
            "pricePerLitre": 6.0,
            "bestPricePerLitre": 6.0
        },
        "store": {
            "id": "2431cc5b-52ef-4b19-8424-2f4ef22b88b1",
            "name": "New World Victoria Park"
        }
    },
    {
        "productData": {
            "name": "Monster Super Fuel Zero Sugar Energy Drink 550ml",
            "productId": "5284331_ea_000",
            "productShopPage": "https://www.newworld.co.nz/shop/product/5284331_ea_000nw",
            "productImageURL": "https://a.fsimg.co.nz/product/retail/fan/image/master/5284331.png",
            "productDescription": "Product of Imported",
            "volume": "550mL",
            "multipack": {
                "quantity": "1"
            }
        },
        "priceData": {
            "bestPrice": "3.49",
            "price": "3.49",
            "pricePerLitre": 6.345454545454546,
            "bestPricePerLitre": 6.345454545454546
        },
        "store": {
            "id": "2431cc5b-52ef-4b19-8424-2f4ef22b88b1",
            "name": "New World Victoria Park"
        }
    },
    {
        "productData": {
            "name": "Mother Energy Drink Can 500ml",
            "productId": "5011153_ea_000",
            "productShopPage": "https://www.newworld.co.nz/shop/product/5011153_ea_000nw",
            "productImageURL": "https://a.fsimg.co.nz/product/retail/fan/image/master/5011153.png",
            "productDescription": "Contains Caffeine.\n\nProduct of New Zealand",
            "volume": "500mL",
            "multipack": {
                "quantity": "1"
            }
        },
        "priceData": {
            "bestPrice": "1.99",
            "price": "1.99",
            "pricePerLitre": 4.0,
            "bestPricePerLitre": 4.0
        },
        "store": {
            "id": "2431cc5b-52ef-4b19-8424-2f4ef22b88b1",
            "name": "New World Victoria Park"
        }
    },
    {
        "productData": {
            "name": "Monster Super Fuel Purple Passion Energy Drink 550ml",
            "productId": "5284332_ea_000",
            "productShopPage": "https://www.newworld.co.nz/shop/product/5284332_ea_000nw",
            "productImageURL": "https://a.fsimg.co.nz/product/retail/fan/image/master/5284332.png",
            "productDescription": "Product of Imported",
            "volume": "550mL",
            "multipack": {
                "quantity": "1"
            }
        },
        "priceData": {
            "bestPrice": "3.49",
            "price": "3.49",
            "pricePerLitre": 6.345454545454546,
            "bestPricePerLitre": 6.345454545454546
        },
        "store": {
            "id": "2431cc5b-52ef-4b19-8424-2f4ef22b88b1",
            "name": "New World Victoria Park"
        }
    },
    {
        "productData": {
            "name": "Monster Pipeline Punch Energy Drink 500ml",
            "productId": "5242373_ea_000",
            "productShopPage": "https://www.newworld.co.nz/shop/product/5242373_ea_000nw",
            "productImageURL": "https://a.fsimg.co.nz/product/retail/fan/image/master/5242373.png",
            "productDescription": "Product of Imported",
            "volume": "500mL",
            "multipack": {
                "quantity": "1"
            }
        },
        "priceData": {
            "bestPrice": "2.99",
            "price": "2.99",
            "pricePerLitre": 6.0,
            "bestPricePerLitre": 6.0
        },
        "store": {
            "id": "2431cc5b-52ef-4b19-8424-2f4ef22b88b1",
            "name": "New World Victoria Park"
        }
    },
    {
        "productData": {
            "name": "Monster Energy Drink 500ml",
            "productId": "5007647_ea_000",
            "productShopPage": "https://www.newworld.co.nz/shop/product/5007647_ea_000nw",
            "productImageURL": "https://a.fsimg.co.nz/product/retail/fan/image/master/5007647.png",
            "productDescription": "Contains Caffeine.\n\nProduct of Imported",
            "volume": "500mL",
            "multipack": {
                "quantity": "1"
            }
        },
        "priceData": {
            "bestPrice": "2.99",
            "price": "2.99",
            "pricePerLitre": 6.0,
            "bestPricePerLitre": 6.0
        },
        "store": {
            "id": "2431cc5b-52ef-4b19-8424-2f4ef22b88b1",
            "name": "New World Victoria Park"
        }
    },
    {
        "productData": {
            "name": "V Sugarfree Guarana Energy Drink 500ml",
            "productId": "5007644_ea_000",
            "productShopPage": "https://www.newworld.co.nz/shop/product/5007644_ea_000nw",
            "productImageURL": "https://a.fsimg.co.nz/product/retail/fan/image/master/5007644.png",
            "productDescription": "Sugar Free.\n\nProduct of New Zealand",
            "volume": "500mL",
            "multipack": {
                "quantity": "1"
            }
        },
        "priceData": {
            "bestPrice": "3.49",
            "price": "3.49",
            "pricePerLitre": 7.0,
            "bestPricePerLitre": 7.0
        },
        "store": {
            "id": "2431cc5b-52ef-4b19-8424-2f4ef22b88b1",
            "name": "New World Victoria Park"
        }
    },
    {
        "productData": {
            "name": "V Original Guarana Energy Drink 500ml",
            "productId": "5004703_ea_000",
            "productShopPage": "https://www.newworld.co.nz/shop/product/5004703_ea_000nw",
            "productImageURL": "https://a.fsimg.co.nz/product/retail/fan/image/master/5004703.png",
            "productDescription": "Contains Caffeine.\n\nProduct of New Zealand",
            "volume": "500mL",
            "multipack": {
                "quantity": "1"
            }
        },
        "priceData": {
            "bestPrice": "3.49",
            "price": "3.49",
            "pricePerLitre": 7.0,
            "bestPricePerLitre": 7.0
        },
        "store": {
            "id": "2431cc5b-52ef-4b19-8424-2f4ef22b88b1",
            "name": "New World Victoria Park"
        }
    },
    {
        "productData": {
            "name": "V Original Guarana Energy Drink 500ml",
            "productId": "5007441_ea_000",
            "productShopPage": "https://www.newworld.co.nz/shop/product/5007441_ea_000nw",
            "productImageURL": "https://a.fsimg.co.nz/product/retail/fan/image/master/5007441.png",
            "productDescription": "Buy 2 for $5.00.\n\n\nContains Wheat Derivatives, Caffeine.\n\nProduct of New Zealand",
            "volume": "500mL",
            "multipack": {
                "quantity": "1"
            }
        },
        "priceData": {
            "bestPrice": 2.5,
            "price": 2.0,
            "pricePerLitre": 4.0,
            "bestPricePerLitre": 5.0,
            "multiBuy": {
                "quantity": 2.0,
                "value": 5.0,
                "perUnit": 2.5
            }
        },
        "store": {
            "id": "2431cc5b-52ef-4b19-8424-2f4ef22b88b1",
            "name": "New World Victoria Park"
        }
    }
]