[
    {
        "productData": {
            "name": "Mother Kicked Apple 500ml",
            "productId": "mother-kicked-apple-500ml",
            "productShopPage": "https://bellblock.store.supervalue.co.nz/lines/mother-kicked-apple-500ml",
            "productImageURL": "https://dtgxwmigmg3gc.cloudfront.net/imagery/assets/derivations/icon/512/512/true/eyJpZCI6IjNhZTlkYjkwYTM4MDFjMGEwYjUwYThhMDAwYjkyZjM0Iiwic3RvcmFnZSI6InB1YmxpY19zdG9yZSJ9?signature=c1a1db0a5d7b074c388cf08560fd44a4a2b6127821554198e54eeea8474325f6",
            "productDescription": ""
        },
        "priceData": {
            "bestPrice": "2.20",
            "price": "2.20",
            "pricePerLitre": 4.4,
            "bestPricePerLitre": 4.4
        },
        "store": {
            "id": "5e79272860b75a65720662ba",
            "name": "Bell Block"
        },
        "timestamp": "2021-08-16T18:23:43.916311"
    },
    {
        "productData": {
            "name": "Monster Energy Ultra Zero 500ml",
            "productId": "monster-energy-ultra-zero-500ml",
            "productShopPage": "https://bellblock.store.supervalue.co.nz/lines/monster-energy-ultra-zero-500ml",
            "productImageURL": "https://dtgxwmigmg3gc.cloudfront.net/imagery/assets/derivations/icon/512/512/true/eyJpZCI6IjdhN2FhYTUwZWU2NTYwYjBiNGY1NThhMTgwNmVlODI3Iiwic3RvcmFnZSI6InB1YmxpY19zdG9yZSJ9?signature=7907c49ba7d043175a426f84a71776de7dd51fa5c249237063aca9cb098abdbe",
            "productDescription": ""
        },
        "priceData": {
            "bestPrice": "2.60",
            "price": "2.60",
            "pricePerLitre": 5.2,
            "bestPricePerLitre": 5.2
        },
        "store": {
            "id": "5e79272860b75a65720662ba",
            "name": "Bell Block"
        },
        "timestamp": "2021-08-16T18:23:48.414087"
    },
    {
        "productData": {
            "name": "Monster Energy Drink Can Green 500ml",
            "productId": "monster-energy-green-500ml",
            "productShopPage": "https://bellblock.store.supervalue.co.nz/lines/monster-energy-green-500ml",
            "productImageURL": "https://dtgxwmigmg3gc.cloudfront.net/imagery/assets/derivations/icon/512/512/true/eyJpZCI6ImU3ZjNiNjJiNzI4Y2M0MTIxMjhiNjQ2ZmQ2OTQzMGEzIiwic3RvcmFnZSI6InB1YmxpY19zdG9yZSJ9?signature=637eac56411f57a79f345ea693f1418330d5742c3a04caddb460696dba06da06",
            "productDescription": ""
        },
        "priceData": {
            "bestPrice": "2.60",
            "price": "2.60",
            "pricePerLitre": 5.2,
            "bestPricePerLitre": 5.2
        },
        "store": {
            "id": "5e79272860b75a65720662ba",
            "name": "Bell Block"
        },
        "timestamp": "2021-08-16T18:23:49.283148"
    },
    {
        "productData": {
            "name": "Monster Energy Drink Ultra Rosa 500ml",
            "productId": "monster-energy-drink-ultra-rosa-500ml",
            "productShopPage": "https://bellblock.store.supervalue.co.nz/lines/monster-energy-drink-ultra-rosa-500ml",
            "productImageURL": "https://dtgxwmigmg3gc.cloudfront.net/imagery/assets/derivations/icon/512/512/true/eyJpZCI6IjZjYzFjMzcwYzM4Mzk4N2MyOTUzNWIyMTFjZTJlYjgxIiwic3RvcmFnZSI6InB1YmxpY19zdG9yZSJ9?signature=9cd08284785f9b24647ecc7d1dc08214d9d00318cc809bebdef1921d6b78bb95",
            "productDescription": ""
        },
        "priceData": {
            "bestPrice": "2.60",
            "price": "2.60",
            "pricePerLitre": 5.2,
            "bestPricePerLitre": 5.2
        },
        "store": {
            "id": "5e79272860b75a65720662ba",
            "name": "Bell Block"
        },
        "timestamp": "2021-08-16T18:23:50.296354"
    },
    {
        "productData": {
            "name": "Mother Energy Drink Berry 500ml",
            "productId": "mother-energy-drink-berry-500ml",
            "productShopPage": "https://bellblock.store.supervalue.co.nz/lines/mother-energy-drink-berry-500ml",
            "productImageURL": "https://dtgxwmigmg3gc.cloudfront.net/imagery/assets/derivations/icon/512/512/true/eyJpZCI6ImRhYTJlNjUzNzRjZjViNjI0ZDljNzUzNDA3YmE0ZDFkIiwic3RvcmFnZSI6InB1YmxpY19zdG9yZSJ9?signature=d9ffb465d71d599811c2ff7a788845bfe297eb3624ad7866a89cf0b3ece073f0",
            "productDescription": ""
        },
        "priceData": {
            "bestPrice": "2.20",
            "price": "2.20",
            "pricePerLitre": 4.4,
            "bestPricePerLitre": 4.4
        },
        "store": {
            "id": "5e79272860b75a65720662ba",
            "name": "Bell Block"
        },
        "timestamp": "2021-08-16T18:23:52.952822"
    },
    {
        "productData": {
            "name": "Mother Energy Drink Black 500ml",
            "productId": "mother-energy-drink-black-500ml",
            "productShopPage": "https://bellblock.store.supervalue.co.nz/lines/mother-energy-drink-black-500ml",
            "productImageURL": "https://dtgxwmigmg3gc.cloudfront.net/imagery/assets/derivations/icon/512/512/true/eyJpZCI6ImYyMzA5MjhkYjg3ODFhYmYzZDU3ZjE1YjNmYzU2MWFjIiwic3RvcmFnZSI6InB1YmxpY19zdG9yZSJ9?signature=d3dbddb83d3d457075cd5d8936bef0c5b48fce4fa3fe725995d8b6d57219ceb5",
            "productDescription": ""
        },
        "priceData": {
            "bestPrice": "2.20",
            "price": "2.20",
            "pricePerLitre": 4.4,
            "bestPricePerLitre": 4.4
        },
        "store": {
            "id": "5e79272860b75a65720662ba",
            "name": "Bell Block"
        },
        "timestamp": "2021-08-16T18:23:54.006081"
    },
    {
        "productData": {
            "name": "Mother Energy Drink Passion 500ml",
            "productId": "mother-energy-drink-passion-500ml",
            "productShopPage": "https://bellblock.store.supervalue.co.nz/lines/mother-energy-drink-passion-500ml",
            "productImageURL": "https://dtgxwmigmg3gc.cloudfront.net/imagery/assets/derivations/icon/512/512/true/eyJpZCI6ImQwODE2YTc4ZjBmNGU4NTU5Mzg1YjkxZmI5YjIzZjM0Iiwic3RvcmFnZSI6InB1YmxpY19zdG9yZSJ9?signature=713c495fef96a6427b917f0c7c7e855a963749ac5c1bf7dfd71e24ae08ea3123",
            "productDescription": ""
        },
        "priceData": {
            "bestPrice": "2.20",
            "price": "2.20",
            "pricePerLitre": 4.4,
            "bestPricePerLitre": 4.4
        },
        "store": {
            "id": "5e79272860b75a65720662ba",
            "name": "Bell Block"
        },
        "timestamp": "2021-08-16T18:23:55.944323"
    },
    {
        "productData": {
            "name": "Mother Epic Swell Energy Drink Twisted Apple 500ml",
            "productId": "mother-epic-swell-energy-drink-twisted-apple-500ml",
            "productShopPage": "https://bellblock.store.supervalue.co.nz/lines/mother-epic-swell-energy-drink-twisted-apple-500ml",
            "productImageURL": "https://dtgxwmigmg3gc.cloudfront.net/imagery/assets/derivations/icon/512/512/true/eyJpZCI6ImE2ZjYxOGNhNjUyYzMxNzRhNjg2MDBhMGVjZmQ3MmJkIiwic3RvcmFnZSI6InB1YmxpY19zdG9yZSJ9?signature=954f74f8aba0fb24cb2a5248b1e93fe8a62fb8c7f902abbb08b7aed24bc44c80",
            "productDescription": ""
        },
        "priceData": {
            "bestPrice": "2.20",
            "price": "2.20",
            "pricePerLitre": 4.4,
            "bestPricePerLitre": 4.4
        },
        "store": {
            "id": "5e79272860b75a65720662ba",
            "name": "Bell Block"
        },
        "timestamp": "2021-08-16T18:23:58.860111"
    },
    {
        "productData": {
            "name": "Monster Energy Juice Mango Loco 500ml",
            "productId": "monster-energy-juice-mango-loco-500ml-can",
            "productShopPage": "https://bellblock.store.supervalue.co.nz/lines/monster-energy-juice-mango-loco-500ml-can",
            "productImageURL": "https://dtgxwmigmg3gc.cloudfront.net/imagery/assets/derivations/icon/512/512/true/eyJpZCI6ImUyNmIyNzdlMzJkOTg5NjI4YWYxYzg2MTU2MjI0ZjgzIiwic3RvcmFnZSI6InB1YmxpY19zdG9yZSJ9?signature=db65ff44183396e60e8f4c13003417fb1277f7685b136cf223d7701f7e945faf",
            "productDescription": ""
        },
        "priceData": {
            "bestPrice": "2.60",
            "price": "2.60",
            "pricePerLitre": 5.2,
            "bestPricePerLitre": 5.2
        },
        "store": {
            "id": "5e79272860b75a65720662ba",
            "name": "Bell Block"
        },
        "timestamp": "2021-08-16T18:23:59.761602"
    },
    {
        "productData": {
            "name": "V Energy Drink 710ml Can",
            "productId": "v-energy-drink-710ml-can",
            "productShopPage": "https://bellblock.store.supervalue.co.nz/lines/v-energy-drink-710ml-can",
            "productImageURL": "https://dtgxwmigmg3gc.cloudfront.net/imagery/assets/derivations/icon/512/512/true/eyJpZCI6ImU1Mjg5NDIyNDI0MzhlNGM0N2IxY2FmMmExOWQ0OGI0Iiwic3RvcmFnZSI6InB1YmxpY19zdG9yZSJ9?signature=875386458f8ad66eb59967a1ca6ad24a19d1592f97a894e439af7d9be1852340",
            "productDescription": ""
        },
        "priceData": {
            "bestPrice": "3.30",
            "price": "3.30",
            "pricePerLitre": 4.6000000000000005,
            "bestPricePerLitre": 4.6000000000000005
        },
        "store": {
            "id": "5e79272860b75a65720662ba",
            "name": "Bell Block"
        },
        "timestamp": "2021-08-16T18:24:00.657471"
    },
    {
        "productData": {
            "name": "V Energy Drink Guarana 500ml",
            "productId": "v-energy-drink-guarana-500ml",
            "productShopPage": "https://bellblock.store.supervalue.co.nz/lines/v-energy-drink-guarana-500ml",
            "productImageURL": "https://dtgxwmigmg3gc.cloudfront.net/imagery/assets/derivations/icon/512/512/true/eyJpZCI6IjgzZDAxMjhiMzg4NmEwZmE4YTE2ZjY2NWIzNmM2NzI2Iiwic3RvcmFnZSI6InB1YmxpY19zdG9yZSJ9?signature=f55ecc561066291a4e74a967db35ea2355f881bd1708bf400fd790032384ae4f",
            "productDescription": ""
        },
        "priceData": {
            "bestPrice": "2.60",
            "price": "2.60",
            "pricePerLitre": 5.2,
            "bestPricePerLitre": 5.2
        },
        "store": {
            "id": "5e79272860b75a65720662ba",
            "name": "Bell Block"
        },
        "timestamp": "2021-08-16T18:24:01.789088"
    },
    {
        "productData": {
            "name": "V Energy Drink Sugarfree 500ml",
            "productId": "v-energy-drink-sugarfree-500ml",
            "productShopPage": "https://bellblock.store.supervalue.co.nz/lines/v-energy-drink-sugarfree-500ml",
            "productImageURL": "https://dtgxwmigmg3gc.cloudfront.net/imagery/assets/derivations/icon/512/512/true/eyJpZCI6ImVkZTAxNTNmMDI1NmU1NDZjNWQ5MTc3MjE3ZTQ3YTQ0Iiwic3RvcmFnZSI6InB1YmxpY19zdG9yZSJ9?signature=abcf72d9faa9ee3044eaa3b7ee0bf9b4fd8f582379018d8727f2234b7d3f3c85",
            "productDescription": ""
        },
        "priceData": {
            "bestPrice": "2.60",
            "price": "2.60",
            "pricePerLitre": 5.2,
            "bestPricePerLitre": 5.2
        },
        "store": {
            "id": "5e79272860b75a65720662ba",
            "name": "Bell Block"
        },
        "timestamp": "2021-08-16T18:24:02.728089"
    },
    {
        "productData": {
            "name": "V Energy Drink Sugar Free Guarana 250ml",
            "productId": "v-energy-drink-sugar-free-guarana-250ml",
            "productShopPage": "https://bellblock.store.supervalue.co.nz/lines/v-energy-drink-sugar-free-guarana-250ml",
            "productImageURL": "https://dtgxwmigmg3gc.cloudfront.net/imagery/assets/derivations/icon/512/512/true/eyJpZCI6ImZiNzM1NmU4NTMyZDllODlkZTljZmNlOGY2MzQ5NGQwIiwic3RvcmFnZSI6InB1YmxpY19zdG9yZSJ9?signature=72b0ce0a48ca796717c115fe5e8b4564501470f63bf80ae865d26e9d131a2b8c",
            "productDescription": ""
        },
        "priceData": {
            "bestPrice": "2.50",
            "price": "2.50",
            "pricePerLitre": 10.0,
            "bestPricePerLitre": 10.0
        },
        "store": {
            "id": "5e79272860b75a65720662ba",
            "name": "Bell Block"
        },
        "timestamp": "2021-08-16T18:24:03.528923"
    },
    {
        "productData": {
            "name": "V Energy Drink Blue 200ml 10 Pack",
            "productId": "v-energy-drink-blue-200ml-10-pack",
            "productShopPage": "https://bellblock.store.supervalue.co.nz/lines/v-energy-drink-blue-200ml-10-pack",
            "productImageURL": "https://dtgxwmigmg3gc.cloudfront.net/imagery/assets/derivations/icon/512/512/true/eyJpZCI6IjRkNjE1NmI5MzlmM2E0NzM2YWI0OTFjYWM2MjUxYTkzIiwic3RvcmFnZSI6InB1YmxpY19zdG9yZSJ9?signature=3a63f5716ca94a52d300802a59ee52975e80ad89eebee6aba9539402ed8118cd",
            "productDescription": ""
        },
        "priceData": {
            "bestPrice": "15.00",
            "price": "15.00",
            "pricePerLitre": 7.5,
            "bestPricePerLitre": 7.5
        },
        "store": {
            "id": "5e79272860b75a65720662ba",
            "name": "Bell Block"
        },
        "timestamp": "2021-08-16T18:24:04.406655"
    },
    {
        "productData": {
            "name": "V Energy Drink Blue Guarana Spritzed 350ml",
            "productId": "v-blue-energy-drink-blue-guarana-spritzed-350ml",
            "productShopPage": "https://bellblock.store.supervalue.co.nz/lines/v-blue-energy-drink-blue-guarana-spritzed-350ml",
            "productImageURL": "https://dtgxwmigmg3gc.cloudfront.net/imagery/assets/derivations/icon/512/512/true/eyJpZCI6ImY2OTRlZGI4NjdlNWMzZDM5NzgzMDQ0ODFkMzUxZGZiIiwic3RvcmFnZSI6InB1YmxpY19zdG9yZSJ9?signature=591b3079cb9c2407a29b3bc348eaf42dc1d34daba5c9d7aba65be654725b6719",
            "productDescription": ""
        },
        "priceData": {
            "bestPrice": "3.79",
            "price": "3.79",
            "pricePerLitre": 10.8,
            "bestPricePerLitre": 10.8
        },
        "store": {
            "id": "5e79272860b75a65720662ba",
            "name": "Bell Block"
        },
        "timestamp": "2021-08-16T18:24:05.428073"
    },
    {
        "productData": {
            "name": "V Energy Drink Green Guarana 350ml",
            "productId": "v-energy-drink-green-guarana-350ml",
            "productShopPage": "https://bellblock.store.supervalue.co.nz/lines/v-energy-drink-green-guarana-350ml",
            "productImageURL": "https://dtgxwmigmg3gc.cloudfront.net/imagery/assets/derivations/icon/512/512/true/eyJpZCI6IjRiNjY4ZjYxOTQ2ODYyN2MzM2NiZWMyNGUyNmIyODk4Iiwic3RvcmFnZSI6InB1YmxpY19zdG9yZSJ9?signature=4cded9cb42349eef45a593461f311b1bb7fa881295733879671ad9fe9887d30c",
            "productDescription": ""
        },
        "priceData": {
            "bestPrice": "3.79",
            "price": "3.79",
            "pricePerLitre": 10.8,
            "bestPricePerLitre": 10.8
        },
        "store": {
            "id": "5e79272860b75a65720662ba",
            "name": "Bell Block"
        },
        "timestamp": "2021-08-16T18:24:06.534924"
    },
    {
        "productData": {
            "name": "V Energy Drink Guarana Can 250ml",
            "productId": "v-energy-drink-guarana-can-250ml",
            "productShopPage": "https://bellblock.store.supervalue.co.nz/lines/v-energy-drink-guarana-can-250ml",
            "productImageURL": "https://dtgxwmigmg3gc.cloudfront.net/imagery/assets/derivations/icon/512/512/true/eyJpZCI6Ijc3Nzk1NjE2ZDhhNmFiMThhYzEzODYzOTg2ZmNkNzgwIiwic3RvcmFnZSI6InB1YmxpY19zdG9yZSJ9?signature=f5de1854d43e19cc62bff86893d4a55615cd916f8425a4dccd170b52eba81255",
            "productDescription": ""
        },
        "priceData": {
            "bestPrice": "2.50",
            "price": "2.50",
            "pricePerLitre": 10.0,
            "bestPricePerLitre": 10.0
        },
        "store": {
            "id": "5e79272860b75a65720662ba",
            "name": "Bell Block"
        },
        "timestamp": "2021-08-16T18:24:07.413155"
    },
    {
        "productData": {
            "name": "V Energy Drink Guarana Can 500ml",
            "productId": "v-energy-drink-guarana-can-500ml",
            "productShopPage": "https://bellblock.store.supervalue.co.nz/lines/v-energy-drink-guarana-can-500ml",
            "productImageURL": "https://dtgxwmigmg3gc.cloudfront.net/imagery/assets/derivations/icon/512/512/true/eyJpZCI6ImI0NjgzNGZjNDRkMjU0MjgzYzJjZGNhMzA2NWIxYjA5Iiwic3RvcmFnZSI6InB1YmxpY19zdG9yZSJ9?signature=265e8273409849423466e7623cbbdf8352940707b8830803eec391e8f32c9c5f",
            "productDescription": ""
        },
        "priceData": {
            "bestPrice": "3.60",
            "price": "3.60",
            "pricePerLitre": 7.199999999999999,
            "bestPricePerLitre": 7.199999999999999
        },
        "store": {
            "id": "5e79272860b75a65720662ba",
            "name": "Bell Block"
        },
        "timestamp": "2021-08-16T18:24:08.263439"
    },
    {
        "productData": {
            "name": "V Energy Drink Raspberry Lemonade 250ml Can",
            "productId": "v-energy-drink-raspberry-lemonade-250ml-can",
            "productShopPage": "https://bellblock.store.supervalue.co.nz/lines/v-energy-drink-raspberry-lemonade-250ml-can",
            "productImageURL": "https://dtgxwmigmg3gc.cloudfront.net/imagery/assets/derivations/icon/512/512/true/eyJpZCI6IjQ3NjlkNDlmM2VhMDAzN2ZkYmEwOGQ0NTdhYWM3MjliIiwic3RvcmFnZSI6InB1YmxpY19zdG9yZSJ9?signature=520799c1f7f8b0e3f14138196729b0cf852eb8d76ea360ff1925cd69eae4abb6",
            "productDescription": ""
        },
        "priceData": {
            "bestPrice": "2.50",
            "price": "2.50",
            "pricePerLitre": 10.0,
            "bestPricePerLitre": 10.0
        },
        "store": {
            "id": "5e79272860b75a65720662ba",
            "name": "Bell Block"
        },
        "timestamp": "2021-08-16T18:24:09.169103"
    },
    {
        "productData": {
            "name": "V Energy Drink Raspberry Lemonade 350ml",
            "productId": "v-energy-drink-raspberry-lemonade-350ml",
            "productShopPage": "https://bellblock.store.supervalue.co.nz/lines/v-energy-drink-raspberry-lemonade-350ml",
            "productImageURL": "https://dtgxwmigmg3gc.cloudfront.net/imagery/assets/derivations/icon/512/512/true/eyJpZCI6IjliNWMwMGJkN2IxYWRhY2UxNzU5NzY1ZTI4MjUzZDgyIiwic3RvcmFnZSI6InB1YmxpY19zdG9yZSJ9?signature=1813e587f3636e394a15aa9e19234f9343024a6880220b0dda0a5d69b1f1c010",
            "productDescription": ""
        },
        "priceData": {
            "bestPrice": "3.79",
            "price": "3.79",
            "pricePerLitre": 10.8,
            "bestPricePerLitre": 10.8
        },
        "store": {
            "id": "5e79272860b75a65720662ba",
            "name": "Bell Block"
        },
        "timestamp": "2021-08-16T18:24:10.126703"
    },
    {
        "productData": {
            "name": "V Energy Drink Sugar Free Guarana 500ml",
            "productId": "v-energy-drink-sugar-free-guarana-500ml",
            "productShopPage": "https://bellblock.store.supervalue.co.nz/lines/v-energy-drink-sugar-free-guarana-500ml",
            "productImageURL": "https://dtgxwmigmg3gc.cloudfront.net/imagery/assets/derivations/icon/512/512/true/eyJpZCI6Ijg4MGExMDYxOTY4NTJiYzM1ZTExMmU2MGE2OWYxNDE3Iiwic3RvcmFnZSI6InB1YmxpY19zdG9yZSJ9?signature=b0536d25b9da8158705e24c88e21fabbf85c1dabc19f18108c386e956ffd7045",
            "productDescription": ""
        },
        "priceData": {
            "bestPrice": "3.60",
            "price": "3.60",
            "pricePerLitre": 7.199999999999999,
            "bestPricePerLitre": 7.199999999999999
        },
        "store": {
            "id": "5e79272860b75a65720662ba",
            "name": "Bell Block"
        },
        "timestamp": "2021-08-16T18:24:10.991167"
    },
    {
        "productData": {
            "name": "V Energy Drink Skills Cans 275ml 4 Pack",
            "productId": "v-energy-drink-skills-cans-275ml-4-pack",
            "productShopPage": "https://bellblock.store.supervalue.co.nz/lines/v-energy-drink-skills-cans-275ml-4-pack",
            "productImageURL": "https://dtgxwmigmg3gc.cloudfront.net/imagery/assets/derivations/icon/512/512/true/eyJpZCI6ImZhMzA2N2NiM2YxMmVkM2ZhZjhhYmM4OGE1YTJhNzczIiwic3RvcmFnZSI6InB1YmxpY19zdG9yZSJ9?signature=34fcde8f5a021036c475a1dfff6748625e0747bb134ec737312b15bbe8e883eb",
            "productDescription": ""
        },
        "priceData": {
            "bestPrice": "8.00",
            "price": "8.00",
            "pricePerLitre": 7.3,
            "bestPricePerLitre": 7.3
        },
        "store": {
            "id": "5e79272860b75a65720662ba",
            "name": "Bell Block"
        },
        "timestamp": "2021-08-16T18:24:12.041018"
    },
    {
        "productData": {
            "name": "V Guarana Energy Drink Fridge Pack 10x200ml",
            "productId": "v-guarana-energy-drink-fridge-pack-10x200ml",
            "productShopPage": "https://bellblock.store.supervalue.co.nz/lines/v-guarana-energy-drink-fridge-pack-10x200ml",
            "productImageURL": "https://dtgxwmigmg3gc.cloudfront.net/imagery/assets/derivations/icon/512/512/true/eyJpZCI6IjBlMjAzZTJiY2QyZDVhYzQ2NGY2NzhmMDFkMmM3YjBhIiwic3RvcmFnZSI6InB1YmxpY19zdG9yZSJ9?signature=a3283c38928a5e2c367f0886f5948460cf671d41affa4dd3a2634f1621779d47",
            "productDescription": ""
        },
        "priceData": {
            "bestPrice": "15.00",
            "price": "15.00",
            "pricePerLitre": 7.5,
            "bestPricePerLitre": 7.5
        },
        "store": {
            "id": "5e79272860b75a65720662ba",
            "name": "Bell Block"
        },
        "timestamp": "2021-08-16T18:24:12.895875"
    },
    {
        "productData": {
            "name": "V Blue Energy Drink Bottle 500ml",
            "productId": "v-blue-energy-drink-bottle-500ml",
            "productShopPage": "https://bellblock.store.supervalue.co.nz/lines/v-blue-energy-drink-bottle-500ml",
            "productImageURL": "https://dtgxwmigmg3gc.cloudfront.net/imagery/assets/derivations/icon/512/512/true/eyJpZCI6IjgyYWYxYWY4MGI4MzUxODhiYmVhZGVhM2U2NzY0MzI5Iiwic3RvcmFnZSI6InB1YmxpY19zdG9yZSJ9?signature=7e70fc576864a528a1431734d680cbf177a11b419a692dbfd34800c31b8944ec",
            "productDescription": ""
        },
        "priceData": {
            "bestPrice": "2.60",
            "price": "2.60",
            "pricePerLitre": 5.2,
            "bestPricePerLitre": 5.2
        },
        "store": {
            "id": "5e79272860b75a65720662ba",
            "name": "Bell Block"
        },
        "timestamp": "2021-08-16T18:24:13.748148"
    },
    {
        "productData": {
            "name": "V Raspberry Lemonade Energy Drink 500ml",
            "productId": "v-energy-drink-raspberry-lemonade-500ml-can",
            "productShopPage": "https://bellblock.store.supervalue.co.nz/lines/v-energy-drink-raspberry-lemonade-500ml-can",
            "productImageURL": "https://dtgxwmigmg3gc.cloudfront.net/imagery/assets/derivations/icon/512/512/true/eyJpZCI6ImE3N2Y5NzBmY2FhOWZhYmZiOTc3MmYyMzE4MGRiOTcxIiwic3RvcmFnZSI6InB1YmxpY19zdG9yZSJ9?signature=2bb7890fe6d7b0c0c6a522be31c78077be0aa570ca4c8aa5549ccf80761262dc",
            "productDescription": ""
        },
        "priceData": {
            "bestPrice": "3.60",
            "price": "3.60",
            "pricePerLitre": 7.199999999999999,
            "bestPricePerLitre": 7.199999999999999
        },
        "store": {
            "id": "5e79272860b75a65720662ba",
            "name": "Bell Block"
        },
        "timestamp": "2021-08-16T18:24:15.577492"
    },
    {
        "productData": {
            "name": "V Sugarfree Energy Drink Berry Twist 350ml",
            "productId": "v-sugarfree-energy-drink-berry-twist-350ml",
            "productShopPage": "https://bellblock.store.supervalue.co.nz/lines/v-sugarfree-energy-drink-berry-twist-350ml",
            "productImageURL": "https://dtgxwmigmg3gc.cloudfront.net/imagery/assets/derivations/icon/512/512/true/eyJpZCI6IjMxY2RlOWU3MTE1YTA4ZGRhYzFiODM0NjQ4NDFmOTM5Iiwic3RvcmFnZSI6InB1YmxpY19zdG9yZSJ9?signature=055982afa93dd6614e2f3de353af4c76a52ab79cac4e2b4660a75933fb1bc9a4",
            "productDescription": ""
        },
        "priceData": {
            "bestPrice": "3.79",
            "price": "3.79",
            "pricePerLitre": 10.8,
            "bestPricePerLitre": 10.8
        },
        "store": {
            "id": "5e79272860b75a65720662ba",
            "name": "Bell Block"
        },
        "timestamp": "2021-08-16T18:24:16.531966"
    },
    {
        "productData": {
            "name": "V Blue Energy Drink 275ml Cans 4 Pack",
            "productId": "v-blue-energy-drink-275ml-cans-4-pack",
            "productShopPage": "https://bellblock.store.supervalue.co.nz/lines/v-blue-energy-drink-275ml-cans-4-pack",
            "productImageURL": "https://dtgxwmigmg3gc.cloudfront.net/imagery/assets/derivations/icon/512/512/true/eyJpZCI6IjcxMTc0MzEzN2QzNTUzODQwMmUyODZjMDJkNTM3OTk3Iiwic3RvcmFnZSI6InB1YmxpY19zdG9yZSJ9?signature=5697ef2f72e1e995472b76c19c7c6201b3deb266e060743ac9ae1219dbf2226c",
            "productDescription": ""
        },
        "priceData": {
            "bestPrice": "8.00",
            "price": "8.00",
            "pricePerLitre": 7.3,
            "bestPricePerLitre": 7.3
        },
        "store": {
            "id": "5e79272860b75a65720662ba",
            "name": "Bell Block"
        },
        "timestamp": "2021-08-16T18:24:17.372756"
    },
    {
        "productData": {
            "name": "V Blue Energy Drink Blue Guarana Can 250ml",
            "productId": "v-blue-energy-drink-blue-guarana-can-250ml",
            "productShopPage": "https://bellblock.store.supervalue.co.nz/lines/v-blue-energy-drink-blue-guarana-can-250ml",
            "productImageURL": "https://dtgxwmigmg3gc.cloudfront.net/imagery/assets/derivations/icon/512/512/true/eyJpZCI6IjBmZjQwNDEyZWQ2ZDk4YTg3YWQ2ZDUyMWZlNjM1YzJkIiwic3RvcmFnZSI6InB1YmxpY19zdG9yZSJ9?signature=8f745abe5614ec47b3d7a07f1a34ba529184a87b2a696211ba5a0f9f29c86bf0",
            "productDescription": ""
        },
        "priceData": {
            "bestPrice": "2.50",
            "price": "2.50",
            "pricePerLitre": 10.0,
            "bestPricePerLitre": 10.0
        },
        "store": {
            "id": "5e79272860b75a65720662ba",
            "name": "Bell Block"
        },
        "timestamp": "2021-08-16T18:24:18.273706"
    },
    {
        "productData": {
            "name": "V Blue Energy Drink Blue Guarana Can 500ml",
            "productId": "v-blue-energy-drink-blue-guarana-can-500ml",
            "productShopPage": "https://bellblock.store.supervalue.co.nz/lines/v-blue-energy-drink-blue-guarana-can-500ml",
            "productImageURL": "https://dtgxwmigmg3gc.cloudfront.net/imagery/assets/derivations/icon/512/512/true/eyJpZCI6ImFmYjEyYjVjYTU2YWI5ZDJhMTVmNGY2MDg2NWFlNzgxIiwic3RvcmFnZSI6InB1YmxpY19zdG9yZSJ9?signature=b537a8cc5a2c0f90f1702b2c541db44c3a740a0ec4a96e92ab2d6537f9320e8d",
            "productDescription": ""
        },
        "priceData": {
            "bestPrice": "3.60",
            "price": "3.60",
            "pricePerLitre": 7.199999999999999,
            "bestPricePerLitre": 7.199999999999999
        },
        "store": {
            "id": "5e79272860b75a65720662ba",
            "name": "Bell Block"
        },
        "timestamp": "2021-08-16T18:24:19.390373"
    },
    {
        "productData": {
            "name": "Monster Super Fuel Purple Passion 550ml",
            "productId": "monster-super-fuel-purple-passion-550ml",
            "productShopPage": "https://bellblock.store.supervalue.co.nz/lines/monster-super-fuel-purple-passion-550ml",
            "productImageURL": "https://dtgxwmigmg3gc.cloudfront.net/imagery/assets/derivations/icon/512/512/true/eyJpZCI6IjNkMTY1OTQwMzgyOTZjZjVlMjNlNjBjMDQ3NTE1YWM0Iiwic3RvcmFnZSI6InB1YmxpY19zdG9yZSJ9?signature=4d4ccd77dab941d955a8037242a41833afdc7251d3bd5b5c4b99705770273998",
            "productDescription": ""
        },
        "priceData": {
            "bestPrice": "3.60",
            "price": "3.60",
            "pricePerLitre": 6.5,
            "bestPricePerLitre": 6.5
        },
        "store": {
            "id": "5e79272860b75a65720662ba",
            "name": "Bell Block"
        },
        "timestamp": "2021-08-16T18:24:34.288820"
    },
    {
        "productData": {
            "name": "Monster Energy Pipeline Punch 500ml",
            "productId": "monster-energy-pipeline-punch-500ml",
            "productShopPage": "https://bellblock.store.supervalue.co.nz/lines/monster-energy-pipeline-punch-500ml",
            "productImageURL": "https://dtgxwmigmg3gc.cloudfront.net/imagery/assets/derivations/icon/512/512/true/eyJpZCI6IjM3ZWY2OTY5OWFlNTJlZTRjNTY1ZmFmYWIwOTIxMjg4Iiwic3RvcmFnZSI6InB1YmxpY19zdG9yZSJ9?signature=79ed6699c35bd716a9d5d9457c39ce62c523edaa4059b6b45d4dcc7caf65cef9",
            "productDescription": ""
        },
        "priceData": {
            "bestPrice": "2.60",
            "price": "2.60",
            "pricePerLitre": 5.2,
            "bestPricePerLitre": 5.2
        },
        "store": {
            "id": "5e79272860b75a65720662ba",
            "name": "Bell Block"
        },
        "timestamp": "2021-08-16T18:24:35.186192"
    },
    {
        "productData": {
            "name": "Live Plus Energy Drink Citrus Flavour 500ml",
            "productId": "live-plus-persist-500ml",
            "productShopPage": "https://bellblock.store.supervalue.co.nz/lines/live-plus-persist-500ml",
            "productImageURL": "https://dtgxwmigmg3gc.cloudfront.net/imagery/assets/derivations/icon/512/512/true/eyJpZCI6IjFlNWQ5YzI4OWM1N2UzNmYzZmI2NThlMDQzZTI3ZjE4Iiwic3RvcmFnZSI6InB1YmxpY19zdG9yZSJ9?signature=756b17fefe47174b90e7dbec8cd09db27f9f59f4994bc750b71256ae93ba9fa8",
            "productDescription": ""
        },
        "priceData": {
            "bestPrice": "2.20",
            "price": "2.20",
            "pricePerLitre": 4.4,
            "bestPricePerLitre": 4.4
        },
        "store": {
            "id": "5e79272860b75a65720662ba",
            "name": "Bell Block"
        },
        "timestamp": "2021-08-16T18:24:36.135436"
    },
    {
        "productData": {
            "name": "Rockstar Punched Energy Guava 500ml",
            "productId": "rockstar-punched-energy-guava-500ml",
            "productShopPage": "https://bellblock.store.supervalue.co.nz/lines/rockstar-punched-energy-guava-500ml",
            "productImageURL": "https://dtgxwmigmg3gc.cloudfront.net/imagery/assets/derivations/icon/512/512/true/eyJpZCI6IjBmNGEyNjU2MGQwM2Y4OGI4MWE3ZTMyODUzYTRlN2QyIiwic3RvcmFnZSI6InB1YmxpY19zdG9yZSJ9?signature=fab45ac774e74d87cf7a79de075f47290676fd6d4afcf212198c745670d5ce29",
            "productDescription": ""
        },
        "priceData": {
            "bestPrice": "2.20",
            "price": "2.20",
            "pricePerLitre": 4.4,
            "bestPricePerLitre": 4.4
        },
        "store": {
            "id": "5e79272860b75a65720662ba",
            "name": "Bell Block"
        },
        "timestamp": "2021-08-16T18:24:44.427695"
    },
    {
        "productData": {
            "name": "Rockstar Energy Drink Blueberry Can 500ml",
            "productId": "rockstar-energy-drink-xdurance-blueberry-can-500ml",
            "productShopPage": "https://bellblock.store.supervalue.co.nz/lines/rockstar-energy-drink-xdurance-blueberry-can-500ml",
            "productImageURL": "https://dtgxwmigmg3gc.cloudfront.net/imagery/assets/derivations/icon/512/512/true/eyJpZCI6IjY1MTQ4NjBlZDIwNjhlNzI5ZmRhZGMxOTM0ODQyYWU3Iiwic3RvcmFnZSI6InB1YmxpY19zdG9yZSJ9?signature=1eec52fc35535ecd0973dd7428b24690138b0ff6988229d86ccc26bfb1bbfd24",
            "productDescription": ""
        },
        "priceData": {
            "bestPrice": "2.20",
            "price": "2.20",
            "pricePerLitre": 4.4,
            "bestPricePerLitre": 4.4
        },
        "store": {
            "id": "5e79272860b75a65720662ba",
            "name": "Bell Block"
        },
        "timestamp": "2021-08-16T18:24:46.068917"
    },
    {
        "productData": {
            "name": "Mother Kicked Apple 500ml",
            "productId": "mother-kicked-apple-500ml",
            "productShopPage": "https://cannonscreek.store.supervalue.co.nz/lines/mother-kicked-apple-500ml",
            "productImageURL": "https://dtgxwmigmg3gc.cloudfront.net/imagery/assets/derivations/icon/512/512/true/eyJpZCI6IjNhZTlkYjkwYTM4MDFjMGEwYjUwYThhMDAwYjkyZjM0Iiwic3RvcmFnZSI6InB1YmxpY19zdG9yZSJ9?signature=c1a1db0a5d7b074c388cf08560fd44a4a2b6127821554198e54eeea8474325f6",
            "productDescription": ""
        },
        "priceData": {
            "bestPrice": "2.20",
            "price": "2.20",
            "pricePerLitre": 4.4,
            "bestPricePerLitre": 4.4
        },
        "store": {
            "id": "5e77de4ad7477609720bd184",
            "name": "Cannons Creek"
        },
        "timestamp": "2021-08-16T18:24:47.289480"
    },
    {
        "productData": {
            "name": "Monster Energy Import 550ml",
            "productId": "monster-energy-import-550ml",
            "productShopPage": "https://cannonscreek.store.supervalue.co.nz/lines/monster-energy-import-550ml",
            "productImageURL": "https://dtgxwmigmg3gc.cloudfront.net/imagery/assets/derivations/icon/512/512/true/eyJpZCI6IjExYzliZTgxY2M3MTNjMDQzM2NmZGQ2ZWE1NjI3MTA0Iiwic3RvcmFnZSI6InB1YmxpY19zdG9yZSJ9?signature=e09322a0a00112a858095e689d2e825f79d154fd3e8577005948dde9d51afb47",
            "productDescription": ""
        },
        "priceData": {
            "bestPrice": "3.35",
            "price": "3.35"
        },
        "store": {
            "id": "5e77de4ad7477609720bd184",
            "name": "Cannons Creek"
        },
        "timestamp": "2021-08-16T18:24:48.963961"
    },
    {
        "productData": {
            "name": "Monster Energy Ultra Sunrise 500ml",
            "productId": "monster-energy-ultra-sunrise-500ml",
            "productShopPage": "https://cannonscreek.store.supervalue.co.nz/lines/monster-energy-ultra-sunrise-500ml",
            "productImageURL": "https://dtgxwmigmg3gc.cloudfront.net/imagery/assets/derivations/icon/512/512/true/eyJpZCI6ImFlNTVkY2RiZTZiZjg3OGZjZTdlOTU1OTFhMDE4YTdiIiwic3RvcmFnZSI6InB1YmxpY19zdG9yZSJ9?signature=b98350feca08b6ab128cc925fef23a58f65a36f94ede15cb2174f6f88a0f8a0f",
            "productDescription": ""
        },
        "priceData": {
            "bestPrice": "2.60",
            "price": "2.60",
            "pricePerLitre": 5.2,
            "bestPricePerLitre": 5.2
        },
        "store": {
            "id": "5e77de4ad7477609720bd184",
            "name": "Cannons Creek"
        },
        "timestamp": "2021-08-16T18:24:50.867989"
    },
    {
        "productData": {
            "name": "Monster Energy Ultra Zero 500ml",
            "productId": "monster-energy-ultra-zero-500ml",
            "productShopPage": "https://cannonscreek.store.supervalue.co.nz/lines/monster-energy-ultra-zero-500ml",
            "productImageURL": "https://dtgxwmigmg3gc.cloudfront.net/imagery/assets/derivations/icon/512/512/true/eyJpZCI6IjdhN2FhYTUwZWU2NTYwYjBiNGY1NThhMTgwNmVlODI3Iiwic3RvcmFnZSI6InB1YmxpY19zdG9yZSJ9?signature=7907c49ba7d043175a426f84a71776de7dd51fa5c249237063aca9cb098abdbe",
            "productDescription": ""
        },
        "priceData": {
            "bestPrice": "2.60",
            "price": "2.60",
            "pricePerLitre": 5.2,
            "bestPricePerLitre": 5.2
        },
        "store": {
            "id": "5e77de4ad7477609720bd184",
            "name": "Cannons Creek"
        },
        "timestamp": "2021-08-16T18:24:51.772027"
    },
    {
        "productData": {
            "name": "Monster Energy Drink Can Green 500ml",
            "productId": "monster-energy-green-500ml",
            "productShopPage": "https://cannonscreek.store.supervalue.co.nz/lines/monster-energy-green-500ml",
            "productImageURL": "https://dtgxwmigmg3gc.cloudfront.net/imagery/assets/derivations/icon/512/512/true/eyJpZCI6ImU3ZjNiNjJiNzI4Y2M0MTIxMjhiNjQ2ZmQ2OTQzMGEzIiwic3RvcmFnZSI6InB1YmxpY19zdG9yZSJ9?signature=637eac56411f57a79f345ea693f1418330d5742c3a04caddb460696dba06da06",
            "productDescription": ""
        },
        "priceData": {
            "bestPrice": "2.60",
            "price": "2.60",
            "pricePerLitre": 5.2,
            "bestPricePerLitre": 5.2
        },
        "store": {
            "id": "5e77de4ad7477609720bd184",
            "name": "Cannons Creek"
        },
        "timestamp": "2021-08-16T18:24:52.765986"
    },
    {
        "productData": {
            "name": "Monster Energy Drink Ultra Rosa 500ml",
            "productId": "monster-energy-drink-ultra-rosa-500ml",
            "productShopPage": "https://cannonscreek.store.supervalue.co.nz/lines/monster-energy-drink-ultra-rosa-500ml",
            "productImageURL": "https://dtgxwmigmg3gc.cloudfront.net/imagery/assets/derivations/icon/512/512/true/eyJpZCI6IjZjYzFjMzcwYzM4Mzk4N2MyOTUzNWIyMTFjZTJlYjgxIiwic3RvcmFnZSI6InB1YmxpY19zdG9yZSJ9?signature=9cd08284785f9b24647ecc7d1dc08214d9d00318cc809bebdef1921d6b78bb95",
            "productDescription": ""
        },
        "priceData": {
            "bestPrice": "2.60",
            "price": "2.60",
            "pricePerLitre": 5.2,
            "bestPricePerLitre": 5.2
        },
        "store": {
            "id": "5e77de4ad7477609720bd184",
            "name": "Cannons Creek"
        },
        "timestamp": "2021-08-16T18:24:53.709247"
    },
    {
        "productData": {
            "name": "Mother Energy Drink Berry 500ml",
            "productId": "mother-energy-drink-berry-500ml",
            "productShopPage": "https://cannonscreek.store.supervalue.co.nz/lines/mother-energy-drink-berry-500ml",
            "productImageURL": "https://dtgxwmigmg3gc.cloudfront.net/imagery/assets/derivations/icon/512/512/true/eyJpZCI6ImRhYTJlNjUzNzRjZjViNjI0ZDljNzUzNDA3YmE0ZDFkIiwic3RvcmFnZSI6InB1YmxpY19zdG9yZSJ9?signature=d9ffb465d71d599811c2ff7a788845bfe297eb3624ad7866a89cf0b3ece073f0",
            "productDescription": ""
        },
        "priceData": {
            "bestPrice": "2.20",
            "price": "2.20",
            "pricePerLitre": 4.4,
            "bestPricePerLitre": 4.4
        },
        "store": {
            "id": "5e77de4ad7477609720bd184",
            "name": "Cannons Creek"
        },
        "timestamp": "2021-08-16T18:24:56.390662"
    },
    {
        "productData": {
            "name": "Mother Energy Drink Black 500ml",
            "productId": "mother-energy-drink-black-500ml",
            "productShopPage": "https://cannonscreek.store.supervalue.co.nz/lines/mother-energy-drink-black-500ml",
            "productImageURL": "https://dtgxwmigmg3gc.cloudfront.net/imagery/assets/derivations/icon/512/512/true/eyJpZCI6ImYyMzA5MjhkYjg3ODFhYmYzZDU3ZjE1YjNmYzU2MWFjIiwic3RvcmFnZSI6InB1YmxpY19zdG9yZSJ9?signature=d3dbddb83d3d457075cd5d8936bef0c5b48fce4fa3fe725995d8b6d57219ceb5",
            "productDescription": ""
        },
        "priceData": {
            "bestPrice": "2.20",
            "price": "2.20",
            "pricePerLitre": 4.4,
            "bestPricePerLitre": 4.4
        },
        "store": {
            "id": "5e77de4ad7477609720bd184",
            "name": "Cannons Creek"
        },
        "timestamp": "2021-08-16T18:24:57.227410"
    },
    {
        "productData": {
            "name": "Mother Energy Drink Passion 500ml",
            "productId": "mother-energy-drink-passion-500ml",
            "productShopPage": "https://cannonscreek.store.supervalue.co.nz/lines/mother-energy-drink-passion-500ml",
            "productImageURL": "https://dtgxwmigmg3gc.cloudfront.net/imagery/assets/derivations/icon/512/512/true/eyJpZCI6ImQwODE2YTc4ZjBmNGU4NTU5Mzg1YjkxZmI5YjIzZjM0Iiwic3RvcmFnZSI6InB1YmxpY19zdG9yZSJ9?signature=713c495fef96a6427b917f0c7c7e855a963749ac5c1bf7dfd71e24ae08ea3123",
            "productDescription": ""
        },
        "priceData": {
            "bestPrice": "2.20",
            "price": "2.20",
            "pricePerLitre": 4.4,
            "bestPricePerLitre": 4.4
        },
        "store": {
            "id": "5e77de4ad7477609720bd184",
            "name": "Cannons Creek"
        },
        "timestamp": "2021-08-16T18:24:59.235753"
    },
    {
        "productData": {
            "name": "Mother Tropical Blast 500ml",
            "productId": "mother-tropical-blast-500ml",
            "productShopPage": "https://cannonscreek.store.supervalue.co.nz/lines/mother-tropical-blast-500ml",
            "productImageURL": "https://dtgxwmigmg3gc.cloudfront.net/imagery/assets/derivations/icon/512/512/true/eyJpZCI6ImEyZmM1OTUwNDhlODM5YTRhMjQ2MTI1OGEyYzNlZWZhIiwic3RvcmFnZSI6InB1YmxpY19zdG9yZSJ9?signature=6c9470ee4067e8ec32b58eeac9d628404d3986058a9b1cdef46014d1bee50944",
            "productDescription": ""
        },
        "priceData": {
            "bestPrice": "2.20",
            "price": "2.20",
            "pricePerLitre": 4.4,
            "bestPricePerLitre": 4.4
        },
        "store": {
            "id": "5e77de4ad7477609720bd184",
            "name": "Cannons Creek"
        },
        "timestamp": "2021-08-16T18:25:00.144845"
    },
    {
        "productData": {
            "name": "Mother Epic Swell Energy Drink Twisted Apple 500ml",
            "productId": "mother-epic-swell-energy-drink-twisted-apple-500ml",
            "productShopPage": "https://cannonscreek.store.supervalue.co.nz/lines/mother-epic-swell-energy-drink-twisted-apple-500ml",
            "productImageURL": "https://dtgxwmigmg3gc.cloudfront.net/imagery/assets/derivations/icon/512/512/true/eyJpZCI6ImE2ZjYxOGNhNjUyYzMxNzRhNjg2MDBhMGVjZmQ3MmJkIiwic3RvcmFnZSI6InB1YmxpY19zdG9yZSJ9?signature=954f74f8aba0fb24cb2a5248b1e93fe8a62fb8c7f902abbb08b7aed24bc44c80",
            "productDescription": ""
        },
        "priceData": {
            "bestPrice": "2.20",
            "price": "2.20",
            "pricePerLitre": 4.4,
            "bestPricePerLitre": 4.4
        },
        "store": {
            "id": "5e77de4ad7477609720bd184",
            "name": "Cannons Creek"
        },
        "timestamp": "2021-08-16T18:25:01.929841"
    },
    {
        "productData": {
            "name": "V Energy Drink 710ml Can",
            "productId": "v-energy-drink-710ml-can",
            "productShopPage": "https://cannonscreek.store.supervalue.co.nz/lines/v-energy-drink-710ml-can",
            "productImageURL": "https://dtgxwmigmg3gc.cloudfront.net/imagery/assets/derivations/icon/512/512/true/eyJpZCI6ImU1Mjg5NDIyNDI0MzhlNGM0N2IxY2FmMmExOWQ0OGI0Iiwic3RvcmFnZSI6InB1YmxpY19zdG9yZSJ9?signature=875386458f8ad66eb59967a1ca6ad24a19d1592f97a894e439af7d9be1852340",
            "productDescription": ""
        },
        "priceData": {
            "bestPrice": "3.30",
            "price": "3.30",
            "pricePerLitre": 4.6000000000000005,
            "bestPricePerLitre": 4.6000000000000005
        },
        "store": {
            "id": "5e77de4ad7477609720bd184",
            "name": "Cannons Creek"
        },
        "timestamp": "2021-08-16T18:25:03.704147"
    },
    {
        "productData": {
            "name": "V Energy Drink Guarana 500ml",
            "productId": "v-energy-drink-guarana-500ml",
            "productShopPage": "https://cannonscreek.store.supervalue.co.nz/lines/v-energy-drink-guarana-500ml",
            "productImageURL": "https://dtgxwmigmg3gc.cloudfront.net/imagery/assets/derivations/icon/512/512/true/eyJpZCI6IjgzZDAxMjhiMzg4NmEwZmE4YTE2ZjY2NWIzNmM2NzI2Iiwic3RvcmFnZSI6InB1YmxpY19zdG9yZSJ9?signature=f55ecc561066291a4e74a967db35ea2355f881bd1708bf400fd790032384ae4f",
            "productDescription": ""
        },
        "priceData": {
            "bestPrice": "2.60",
            "price": "2.60",
            "pricePerLitre": 5.2,
            "bestPricePerLitre": 5.2
        },
        "store": {
            "id": "5e77de4ad7477609720bd184",
            "name": "Cannons Creek"
        },
        "timestamp": "2021-08-16T18:25:04.603083"
    },
    {
        "productData": {
            "name": "V Energy Drink Sugarfree 500ml",
            "productId": "v-energy-drink-sugarfree-500ml",
            "productShopPage": "https://cannonscreek.store.supervalue.co.nz/lines/v-energy-drink-sugarfree-500ml",
            "productImageURL": "https://dtgxwmigmg3gc.cloudfront.net/imagery/assets/derivations/icon/512/512/true/eyJpZCI6ImVkZTAxNTNmMDI1NmU1NDZjNWQ5MTc3MjE3ZTQ3YTQ0Iiwic3RvcmFnZSI6InB1YmxpY19zdG9yZSJ9?signature=abcf72d9faa9ee3044eaa3b7ee0bf9b4fd8f582379018d8727f2234b7d3f3c85",
            "productDescription": ""
        },
        "priceData": {
            "bestPrice": "2.60",
            "price": "2.60",
            "pricePerLitre": 5.2,
            "bestPricePerLitre": 5.2
        },
        "store": {
            "id": "5e77de4ad7477609720bd184",
            "name": "Cannons Creek"
        },
        "timestamp": "2021-08-16T18:25:05.598103"
    },
    {
        "productData": {
            "name": "V Energy Drink Blue Guarana Spritzed 350ml",
            "productId": "v-blue-energy-drink-blue-guarana-spritzed-350ml",
            "productShopPage": "https://cannonscreek.store.supervalue.co.nz/lines/v-blue-energy-drink-blue-guarana-spritzed-350ml",
            "productImageURL": "https://dtgxwmigmg3gc.cloudfront.net/imagery/assets/derivations/icon/512/512/true/eyJpZCI6ImY2OTRlZGI4NjdlNWMzZDM5NzgzMDQ0ODFkMzUxZGZiIiwic3RvcmFnZSI6InB1YmxpY19zdG9yZSJ9?signature=591b3079cb9c2407a29b3bc348eaf42dc1d34daba5c9d7aba65be654725b6719",
            "productDescription": ""
        },
        "priceData": {
            "bestPrice": "3.79",
            "price": "3.79",
            "pricePerLitre": 10.8,
            "bestPricePerLitre": 10.8
        },
        "store": {
            "id": "5e77de4ad7477609720bd184",
            "name": "Cannons Creek"
        },
        "timestamp": "2021-08-16T18:25:08.397555"
    },
    {
        "productData": {
            "name": "V Energy Drink Green Guarana 350ml",
            "productId": "v-energy-drink-green-guarana-350ml",
            "productShopPage": "https://cannonscreek.store.supervalue.co.nz/lines/v-energy-drink-green-guarana-350ml",
            "productImageURL": "https://dtgxwmigmg3gc.cloudfront.net/imagery/assets/derivations/icon/512/512/true/eyJpZCI6IjRiNjY4ZjYxOTQ2ODYyN2MzM2NiZWMyNGUyNmIyODk4Iiwic3RvcmFnZSI6InB1YmxpY19zdG9yZSJ9?signature=4cded9cb42349eef45a593461f311b1bb7fa881295733879671ad9fe9887d30c",
            "productDescription": ""
        },
        "priceData": {
            "bestPrice": "3.79",
            "price": "3.79",
            "pricePerLitre": 10.8,
            "bestPricePerLitre": 10.8
        },
        "store": {
            "id": "5e77de4ad7477609720bd184",
            "name": "Cannons Creek"
        },
        "timestamp": "2021-08-16T18:25:09.365981"
    },
    {
        "productData": {
            "name": "V Energy Drink Guarana Can 250ml",
            "productId": "v-energy-drink-guarana-can-250ml",
            "productShopPage": "https://cannonscreek.store.supervalue.co.nz/lines/v-energy-drink-guarana-can-250ml",
            "productImageURL": "https://dtgxwmigmg3gc.cloudfront.net/imagery/assets/derivations/icon/512/512/true/eyJpZCI6Ijc3Nzk1NjE2ZDhhNmFiMThhYzEzODYzOTg2ZmNkNzgwIiwic3RvcmFnZSI6InB1YmxpY19zdG9yZSJ9?signature=f5de1854d43e19cc62bff86893d4a55615cd916f8425a4dccd170b52eba81255",
            "productDescription": ""
        },
        "priceData": {
            "bestPrice": "2.50",
            "price": "2.50",
            "pricePerLitre": 10.0,
            "bestPricePerLitre": 10.0
        },
        "store": {
            "id": "5e77de4ad7477609720bd184",
            "name": "Cannons Creek"
        },
        "timestamp": "2021-08-16T18:25:10.266567"
    },
    {
        "productData": {
            "name": "V Energy Drink Guarana Can 500ml",
            "productId": "v-energy-drink-guarana-can-500ml",
            "productShopPage": "https://cannonscreek.store.supervalue.co.nz/lines/v-energy-drink-guarana-can-500ml",
            "productImageURL": "https://dtgxwmigmg3gc.cloudfront.net/imagery/assets/derivations/icon/512/512/true/eyJpZCI6ImI0NjgzNGZjNDRkMjU0MjgzYzJjZGNhMzA2NWIxYjA5Iiwic3RvcmFnZSI6InB1YmxpY19zdG9yZSJ9?signature=265e8273409849423466e7623cbbdf8352940707b8830803eec391e8f32c9c5f",
            "productDescription": ""
        },
        "priceData": {
            "bestPrice": "3.60",
            "price": "3.60",
            "pricePerLitre": 7.199999999999999,
            "bestPricePerLitre": 7.199999999999999
        },
        "store": {
            "id": "5e77de4ad7477609720bd184",
            "name": "Cannons Creek"
        },
        "timestamp": "2021-08-16T18:25:11.144885"
    },
    {
        "productData": {
            "name": "V Blue Energy Drink Bottle 500ml",
            "productId": "v-blue-energy-drink-bottle-500ml",
            "productShopPage": "https://cannonscreek.store.supervalue.co.nz/lines/v-blue-energy-drink-bottle-500ml",
            "productImageURL": "https://dtgxwmigmg3gc.cloudfront.net/imagery/assets/derivations/icon/512/512/true/eyJpZCI6IjgyYWYxYWY4MGI4MzUxODhiYmVhZGVhM2U2NzY0MzI5Iiwic3RvcmFnZSI6InB1YmxpY19zdG9yZSJ9?signature=7e70fc576864a528a1431734d680cbf177a11b419a692dbfd34800c31b8944ec",
            "productDescription": ""
        },
        "priceData": {
            "bestPrice": "2.60",
            "price": "2.60",
            "pricePerLitre": 5.2,
            "bestPricePerLitre": 5.2
        },
        "store": {
            "id": "5e77de4ad7477609720bd184",
            "name": "Cannons Creek"
        },
        "timestamp": "2021-08-16T18:25:16.241339"
    },
    {
        "productData": {
            "name": "V Blue Sugarfree Energy Drink 500ml",
            "productId": "v-blue-sugarfree-energy-drink-500ml",
            "productShopPage": "https://cannonscreek.store.supervalue.co.nz/lines/v-blue-sugarfree-energy-drink-500ml",
            "productImageURL": "https://dtgxwmigmg3gc.cloudfront.net/imagery/assets/derivations/icon/512/512/true/eyJpZCI6ImVmYjQyOWRmM2JjZjc3NTY1ZDIwMTEyNTY0MDdmZjA1Iiwic3RvcmFnZSI6InB1YmxpY19zdG9yZSJ9?signature=2911d59474d8305039a3be3bef0f887c38d9ab84596314b13cc4b150101175ab",
            "productDescription": ""
        },
        "priceData": {
            "bestPrice": "3.60",
            "price": "3.60",
            "pricePerLitre": 7.199999999999999,
            "bestPricePerLitre": 7.199999999999999
        },
        "store": {
            "id": "5e77de4ad7477609720bd184",
            "name": "Cannons Creek"
        },
        "timestamp": "2021-08-16T18:25:17.298980"
    },
    {
        "productData": {
            "name": "V Blue Energy Drink 275ml Cans 4 Pack",
            "productId": "v-blue-energy-drink-275ml-cans-4-pack",
            "productShopPage": "https://cannonscreek.store.supervalue.co.nz/lines/v-blue-energy-drink-275ml-cans-4-pack",
            "productImageURL": "https://dtgxwmigmg3gc.cloudfront.net/imagery/assets/derivations/icon/512/512/true/eyJpZCI6IjcxMTc0MzEzN2QzNTUzODQwMmUyODZjMDJkNTM3OTk3Iiwic3RvcmFnZSI6InB1YmxpY19zdG9yZSJ9?signature=5697ef2f72e1e995472b76c19c7c6201b3deb266e060743ac9ae1219dbf2226c",
            "productDescription": ""
        },
        "priceData": {
            "bestPrice": "8.00",
            "price": "8.00",
            "pricePerLitre": 7.3,
            "bestPricePerLitre": 7.3
        },
        "store": {
            "id": "5e77de4ad7477609720bd184",
            "name": "Cannons Creek"
        },
        "timestamp": "2021-08-16T18:25:20.097867"
    },
    {
        "productData": {
            "name": "V Blue Energy Drink Blue Guarana Can 250ml",
            "productId": "v-blue-energy-drink-blue-guarana-can-250ml",
            "productShopPage": "https://cannonscreek.store.supervalue.co.nz/lines/v-blue-energy-drink-blue-guarana-can-250ml",
            "productImageURL": "https://dtgxwmigmg3gc.cloudfront.net/imagery/assets/derivations/icon/512/512/true/eyJpZCI6IjBmZjQwNDEyZWQ2ZDk4YTg3YWQ2ZDUyMWZlNjM1YzJkIiwic3RvcmFnZSI6InB1YmxpY19zdG9yZSJ9?signature=8f745abe5614ec47b3d7a07f1a34ba529184a87b2a696211ba5a0f9f29c86bf0",
            "productDescription": ""
        },
        "priceData": {
            "bestPrice": "2.50",
            "price": "2.50",
            "pricePerLitre": 10.0,
            "bestPricePerLitre": 10.0
        },
        "store": {
            "id": "5e77de4ad7477609720bd184",
            "name": "Cannons Creek"
        },
        "timestamp": "2021-08-16T18:25:21.015278"
    },
    {
        "productData": {
            "name": "V Blue Energy Drink Blue Guarana Can 500ml",
            "productId": "v-blue-energy-drink-blue-guarana-can-500ml",
            "productShopPage": "https://cannonscreek.store.supervalue.co.nz/lines/v-blue-energy-drink-blue-guarana-can-500ml",
            "productImageURL": "https://dtgxwmigmg3gc.cloudfront.net/imagery/assets/derivations/icon/512/512/true/eyJpZCI6ImFmYjEyYjVjYTU2YWI5ZDJhMTVmNGY2MDg2NWFlNzgxIiwic3RvcmFnZSI6InB1YmxpY19zdG9yZSJ9?signature=b537a8cc5a2c0f90f1702b2c541db44c3a740a0ec4a96e92ab2d6537f9320e8d",
            "productDescription": ""
        },
        "priceData": {
            "bestPrice": "3.60",
            "price": "3.60",
            "pricePerLitre": 7.199999999999999,
            "bestPricePerLitre": 7.199999999999999
        },
        "store": {
            "id": "5e77de4ad7477609720bd184",
            "name": "Cannons Creek"
        },
        "timestamp": "2021-08-16T18:25:21.875652"
    },
    {
        "productData": {
            "name": "V Iced Coffee Guarana Energy 500ml",
            "productId": "v-iced-coffee-guarana-energy-500ml",
            "productShopPage": "https://cannonscreek.store.supervalue.co.nz/lines/v-iced-coffee-guarana-energy-500ml",
            "productImageURL": "https://dtgxwmigmg3gc.cloudfront.net/imagery/assets/derivations/icon/512/512/true/eyJpZCI6ImM0Zjc4YjRmYWVjMjk0NTJkZTNkYzZjNmY5MzBlMjU2Iiwic3RvcmFnZSI6InB1YmxpY19zdG9yZSJ9?signature=14312b2813aab9c1ad551700ec97cd58a3a7f95bef4d0bd7ae7aa2dcf8fcdc9d",
            "productDescription": ""
        },
        "priceData": {
            "bestPrice": "4.19",
            "price": "4.19"
        },
        "store": {
            "id": "5e77de4ad7477609720bd184",
            "name": "Cannons Creek"
        },
        "timestamp": "2021-08-16T18:25:22.736278"
    },
    {
        "productData": {
            "name": "V Iced Mocha Guarana Energy 500ml",
            "productId": "v-iced-mocha-guarana-energy-500ml",
            "productShopPage": "https://cannonscreek.store.supervalue.co.nz/lines/v-iced-mocha-guarana-energy-500ml",
            "productImageURL": "https://dtgxwmigmg3gc.cloudfront.net/imagery/assets/derivations/icon/512/512/true/eyJpZCI6ImNiMDRkODVlZmQ2YjhiZGMxMWU4Zjk5OGEwOTczODg1Iiwic3RvcmFnZSI6InB1YmxpY19zdG9yZSJ9?signature=3e63d4ec34ef65794a07ea00749a785cb88ce90997e6e7d12629c3c0f205de6d",
            "productDescription": ""
        },
        "priceData": {
            "bestPrice": "4.19",
            "price": "4.19"
        },
        "store": {
            "id": "5e77de4ad7477609720bd184",
            "name": "Cannons Creek"
        },
        "timestamp": "2021-08-16T18:25:23.615133"
    },
    {
        "productData": {
            "name": "Monster Mule Ginger Brew 500ml",
            "productId": "monster-mule-ginger-brew-500ml",
            "productShopPage": "https://cannonscreek.store.supervalue.co.nz/lines/monster-mule-ginger-brew-500ml",
            "productImageURL": "https://dtgxwmigmg3gc.cloudfront.net/imagery/assets/derivations/icon/512/512/true/eyJpZCI6ImM1OTM5MTIyZTRlNmNhNzk0ODFlMDE4ZWVmMWE2Y2ZlIiwic3RvcmFnZSI6InB1YmxpY19zdG9yZSJ9?signature=5d11287f30ef58c148e37382d61c0d83097d5461683a9aa5dd9456941c1f32e5",
            "productDescription": ""
        },
        "priceData": {
            "bestPrice": "2.60",
            "price": "2.60",
            "pricePerLitre": 5.2,
            "bestPricePerLitre": 5.2
        },
        "store": {
            "id": "5e77de4ad7477609720bd184",
            "name": "Cannons Creek"
        },
        "timestamp": "2021-08-16T18:25:34.410018"
    },
    {
        "productData": {
            "name": "Monster Super Fuel Purple Passion 550ml",
            "productId": "monster-super-fuel-purple-passion-550ml",
            "productShopPage": "https://cannonscreek.store.supervalue.co.nz/lines/monster-super-fuel-purple-passion-550ml",
            "productImageURL": "https://dtgxwmigmg3gc.cloudfront.net/imagery/assets/derivations/icon/512/512/true/eyJpZCI6IjNkMTY1OTQwMzgyOTZjZjVlMjNlNjBjMDQ3NTE1YWM0Iiwic3RvcmFnZSI6InB1YmxpY19zdG9yZSJ9?signature=4d4ccd77dab941d955a8037242a41833afdc7251d3bd5b5c4b99705770273998",
            "productDescription": ""
        },
        "priceData": {
            "bestPrice": "3.60",
            "price": "3.60",
            "pricePerLitre": 6.5,
            "bestPricePerLitre": 6.5
        },
        "store": {
            "id": "5e77de4ad7477609720bd184",
            "name": "Cannons Creek"
        },
        "timestamp": "2021-08-16T18:25:37.143577"
    },
    {
        "productData": {
            "name": "Monster Energy Pipeline Punch 500ml",
            "productId": "monster-energy-pipeline-punch-500ml",
            "productShopPage": "https://cannonscreek.store.supervalue.co.nz/lines/monster-energy-pipeline-punch-500ml",
            "productImageURL": "https://dtgxwmigmg3gc.cloudfront.net/imagery/assets/derivations/icon/512/512/true/eyJpZCI6IjM3ZWY2OTY5OWFlNTJlZTRjNTY1ZmFmYWIwOTIxMjg4Iiwic3RvcmFnZSI6InB1YmxpY19zdG9yZSJ9?signature=79ed6699c35bd716a9d5d9457c39ce62c523edaa4059b6b45d4dcc7caf65cef9",
            "productDescription": ""
        },
        "priceData": {
            "bestPrice": "2.60",
            "price": "2.60",
            "pricePerLitre": 5.2,
            "bestPricePerLitre": 5.2
        },
        "store": {
            "id": "5e77de4ad7477609720bd184",
            "name": "Cannons Creek"
        },
        "timestamp": "2021-08-16T18:25:38.054597"
    },
    {
        "productData": {
            "name": "Live Plus Energy Drink Citrus Flavour 500ml",
            "productId": "live-plus-persist-500ml",
            "productShopPage": "https://cannonscreek.store.supervalue.co.nz/lines/live-plus-persist-500ml",
            "productImageURL": "https://dtgxwmigmg3gc.cloudfront.net/imagery/assets/derivations/icon/512/512/true/eyJpZCI6IjFlNWQ5YzI4OWM1N2UzNmYzZmI2NThlMDQzZTI3ZjE4Iiwic3RvcmFnZSI6InB1YmxpY19zdG9yZSJ9?signature=756b17fefe47174b90e7dbec8cd09db27f9f59f4994bc750b71256ae93ba9fa8",
            "productDescription": ""
        },
        "priceData": {
            "bestPrice": "2.20",
            "price": "2.20",
            "pricePerLitre": 4.4,
            "bestPricePerLitre": 4.4
        },
        "store": {
            "id": "5e77de4ad7477609720bd184",
            "name": "Cannons Creek"
        },
        "timestamp": "2021-08-16T18:25:39.465038"
    },
    {
        "productData": {
            "name": "V Guarana Energy Drink Blue Sugarfree 250ml",
            "productId": "v-blue-sugarfree-energy-drink-250ml",
            "productShopPage": "https://cannonscreek.store.supervalue.co.nz/lines/v-blue-sugarfree-energy-drink-250ml",
            "productImageURL": "https://dtgxwmigmg3gc.cloudfront.net/imagery/assets/derivations/icon/512/512/true/eyJpZCI6IjI3YWJiOTVhYjNhMjEwMDU2MWJhMmRhNTM3YjRhZjVmIiwic3RvcmFnZSI6InB1YmxpY19zdG9yZSJ9?signature=66769306ca1d0ba674603954d338186dc999f6d1839090d49fde9416b3252365",
            "productDescription": ""
        },
        "priceData": {
            "bestPrice": "2.50",
            "price": "2.50",
            "pricePerLitre": 10.0,
            "bestPricePerLitre": 10.0
        },
        "store": {
            "id": "5e77de4ad7477609720bd184",
            "name": "Cannons Creek"
        },
        "timestamp": "2021-08-16T18:25:42.373457"
    },
    {
        "productData": {
            "name": "Live Plus Energy Drink Original Citrus Flavour 355ml",
            "productId": "live-plus-persist-glass-355ml",
            "productShopPage": "https://cannonscreek.store.supervalue.co.nz/lines/live-plus-persist-glass-355ml",
            "productImageURL": "https://dtgxwmigmg3gc.cloudfront.net/imagery/assets/derivations/icon/512/512/true/eyJpZCI6ImYzMjZlMTdmMmI5ZGRjZGYzYmFmNzNiMWQzN2Y5NDI4Iiwic3RvcmFnZSI6InB1YmxpY19zdG9yZSJ9?signature=8fa31eb2b309e9c7a293ba2e7a7541e3cdc686b1d3f519044aa97c666ae5f630",
            "productDescription": ""
        },
        "priceData": {
            "bestPrice": "2.10",
            "price": "2.10",
            "pricePerLitre": 5.8999999999999995,
            "bestPricePerLitre": 5.8999999999999995
        },
        "store": {
            "id": "5e77de4ad7477609720bd184",
            "name": "Cannons Creek"
        },
        "timestamp": "2021-08-16T18:25:44.196085"
    },
    {
        "productData": {
            "name": "Rockstar Punched Energy Guava 500ml",
            "productId": "rockstar-punched-energy-guava-500ml",
            "productShopPage": "https://cannonscreek.store.supervalue.co.nz/lines/rockstar-punched-energy-guava-500ml",
            "productImageURL": "https://dtgxwmigmg3gc.cloudfront.net/imagery/assets/derivations/icon/512/512/true/eyJpZCI6IjBmNGEyNjU2MGQwM2Y4OGI4MWE3ZTMyODUzYTRlN2QyIiwic3RvcmFnZSI6InB1YmxpY19zdG9yZSJ9?signature=fab45ac774e74d87cf7a79de075f47290676fd6d4afcf212198c745670d5ce29",
            "productDescription": ""
        },
        "priceData": {
            "bestPrice": "2.20",
            "price": "2.20",
            "pricePerLitre": 4.4,
            "bestPricePerLitre": 4.4
        },
        "store": {
            "id": "5e77de4ad7477609720bd184",
            "name": "Cannons Creek"
        },
        "timestamp": "2021-08-16T18:25:48.841500"
    },
    {
        "productData": {
            "name": "Mother Kicked Apple 500ml",
            "productId": "mother-kicked-apple-500ml",
            "productShopPage": "https://edgecumbe.store.supervalue.co.nz/lines/mother-kicked-apple-500ml",
            "productImageURL": "https://dtgxwmigmg3gc.cloudfront.net/imagery/assets/derivations/icon/512/512/true/eyJpZCI6IjNhZTlkYjkwYTM4MDFjMGEwYjUwYThhMDAwYjkyZjM0Iiwic3RvcmFnZSI6InB1YmxpY19zdG9yZSJ9?signature=c1a1db0a5d7b074c388cf08560fd44a4a2b6127821554198e54eeea8474325f6",
            "productDescription": ""
        },
        "priceData": {
            "bestPrice": "2.20",
            "price": "2.20",
            "pricePerLitre": 4.4,
            "bestPricePerLitre": 4.4
        },
        "store": {
            "id": "5e825a4cd7477661ef04920f",
            "name": "Edgecumbe"
        },
        "timestamp": "2021-08-16T18:25:51.652236"
    },
    {
        "productData": {
            "name": "Monster Energy Ultra Paradise 500ml",
            "productId": "monster-energy-drink-ultra-paradise-500ml",
            "productShopPage": "https://edgecumbe.store.supervalue.co.nz/lines/monster-energy-drink-ultra-paradise-500ml",
            "productImageURL": "https://dtgxwmigmg3gc.cloudfront.net/imagery/assets/derivations/icon/512/512/true/eyJpZCI6ImZiZDRkZTQxNzA0M2FiYTUyMjMwZWI0NTcyZGNmYTE1Iiwic3RvcmFnZSI6InB1YmxpY19zdG9yZSJ9?signature=8a439bf26b71114289dfea1720ed331b1e4784c534deade29db8ac38b1cc7c1a",
            "productDescription": ""
        },
        "priceData": {
            "bestPrice": "2.60",
            "price": "2.60",
            "pricePerLitre": 6.0,
            "bestPricePerLitre": 6.0
        },
        "store": {
            "id": "5e825a4cd7477661ef04920f",
            "name": "Edgecumbe"
        },
        "timestamp": "2021-08-16T18:25:54.270548"
    },
    {
        "productData": {
            "name": "Monster Energy Ultra Zero 500ml",
            "productId": "monster-energy-ultra-zero-500ml",
            "productShopPage": "https://edgecumbe.store.supervalue.co.nz/lines/monster-energy-ultra-zero-500ml",
            "productImageURL": "https://dtgxwmigmg3gc.cloudfront.net/imagery/assets/derivations/icon/512/512/true/eyJpZCI6IjdhN2FhYTUwZWU2NTYwYjBiNGY1NThhMTgwNmVlODI3Iiwic3RvcmFnZSI6InB1YmxpY19zdG9yZSJ9?signature=7907c49ba7d043175a426f84a71776de7dd51fa5c249237063aca9cb098abdbe",
            "productDescription": ""
        },
        "priceData": {
            "bestPrice": "2.60",
            "price": "2.60",
            "pricePerLitre": 6.0,
            "bestPricePerLitre": 6.0
        },
        "store": {
            "id": "5e825a4cd7477661ef04920f",
            "name": "Edgecumbe"
        },
        "timestamp": "2021-08-16T18:25:56.294393"
    },
    {
        "productData": {
            "name": "Monster Energy Drink Ultra Rosa 500ml",
            "productId": "monster-energy-drink-ultra-rosa-500ml",
            "productShopPage": "https://edgecumbe.store.supervalue.co.nz/lines/monster-energy-drink-ultra-rosa-500ml",
            "productImageURL": "https://dtgxwmigmg3gc.cloudfront.net/imagery/assets/derivations/icon/512/512/true/eyJpZCI6IjZjYzFjMzcwYzM4Mzk4N2MyOTUzNWIyMTFjZTJlYjgxIiwic3RvcmFnZSI6InB1YmxpY19zdG9yZSJ9?signature=9cd08284785f9b24647ecc7d1dc08214d9d00318cc809bebdef1921d6b78bb95",
            "productDescription": ""
        },
        "priceData": {
            "bestPrice": "2.60",
            "price": "2.60",
            "pricePerLitre": 6.0,
            "bestPricePerLitre": 6.0
        },
        "store": {
            "id": "5e825a4cd7477661ef04920f",
            "name": "Edgecumbe"
        },
        "timestamp": "2021-08-16T18:25:58.045316"
    },
    {
        "productData": {
            "name": "Mother Energy Drink Berry 500ml",
            "productId": "mother-energy-drink-berry-500ml",
            "productShopPage": "https://edgecumbe.store.supervalue.co.nz/lines/mother-energy-drink-berry-500ml",
            "productImageURL": "https://dtgxwmigmg3gc.cloudfront.net/imagery/assets/derivations/icon/512/512/true/eyJpZCI6ImRhYTJlNjUzNzRjZjViNjI0ZDljNzUzNDA3YmE0ZDFkIiwic3RvcmFnZSI6InB1YmxpY19zdG9yZSJ9?signature=d9ffb465d71d599811c2ff7a788845bfe297eb3624ad7866a89cf0b3ece073f0",
            "productDescription": ""
        },
        "priceData": {
            "bestPrice": "2.20",
            "price": "2.20",
            "pricePerLitre": 4.4,
            "bestPricePerLitre": 4.4
        },
        "store": {
            "id": "5e825a4cd7477661ef04920f",
            "name": "Edgecumbe"
        },
        "timestamp": "2021-08-16T18:26:00.897374"
    },
    {
        "productData": {
            "name": "Mother Energy Drink Black 500ml",
            "productId": "mother-energy-drink-black-500ml",
            "productShopPage": "https://edgecumbe.store.supervalue.co.nz/lines/mother-energy-drink-black-500ml",
            "productImageURL": "https://dtgxwmigmg3gc.cloudfront.net/imagery/assets/derivations/icon/512/512/true/eyJpZCI6ImYyMzA5MjhkYjg3ODFhYmYzZDU3ZjE1YjNmYzU2MWFjIiwic3RvcmFnZSI6InB1YmxpY19zdG9yZSJ9?signature=d3dbddb83d3d457075cd5d8936bef0c5b48fce4fa3fe725995d8b6d57219ceb5",
            "productDescription": ""
        },
        "priceData": {
            "bestPrice": "2.20",
            "price": "2.20",
            "pricePerLitre": 4.4,
            "bestPricePerLitre": 4.4
        },
        "store": {
            "id": "5e825a4cd7477661ef04920f",
            "name": "Edgecumbe"
        },
        "timestamp": "2021-08-16T18:26:01.774088"
    },
    {
        "productData": {
            "name": "Mother Energy Drink Passion 500ml",
            "productId": "mother-energy-drink-passion-500ml",
            "productShopPage": "https://edgecumbe.store.supervalue.co.nz/lines/mother-energy-drink-passion-500ml",
            "productImageURL": "https://dtgxwmigmg3gc.cloudfront.net/imagery/assets/derivations/icon/512/512/true/eyJpZCI6ImQwODE2YTc4ZjBmNGU4NTU5Mzg1YjkxZmI5YjIzZjM0Iiwic3RvcmFnZSI6InB1YmxpY19zdG9yZSJ9?signature=713c495fef96a6427b917f0c7c7e855a963749ac5c1bf7dfd71e24ae08ea3123",
            "productDescription": ""
        },
        "priceData": {
            "bestPrice": "2.20",
            "price": "2.20",
            "pricePerLitre": 4.4,
            "bestPricePerLitre": 4.4
        },
        "store": {
            "id": "5e825a4cd7477661ef04920f",
            "name": "Edgecumbe"
        },
        "timestamp": "2021-08-16T18:26:03.538086"
    },
    {
        "productData": {
            "name": "Mother Tropical Blast 500ml",
            "productId": "mother-tropical-blast-500ml",
            "productShopPage": "https://edgecumbe.store.supervalue.co.nz/lines/mother-tropical-blast-500ml",
            "productImageURL": "https://dtgxwmigmg3gc.cloudfront.net/imagery/assets/derivations/icon/512/512/true/eyJpZCI6ImEyZmM1OTUwNDhlODM5YTRhMjQ2MTI1OGEyYzNlZWZhIiwic3RvcmFnZSI6InB1YmxpY19zdG9yZSJ9?signature=6c9470ee4067e8ec32b58eeac9d628404d3986058a9b1cdef46014d1bee50944",
            "productDescription": ""
        },
        "priceData": {
            "bestPrice": "2.20",
            "price": "2.20",
            "pricePerLitre": 4.4,
            "bestPricePerLitre": 4.4
        },
        "store": {
            "id": "5e825a4cd7477661ef04920f",
            "name": "Edgecumbe"
        },
        "timestamp": "2021-08-16T18:26:04.606933"
    },
    {
        "productData": {
            "name": "Mother Epic Swell Energy Drink Twisted Apple 500ml",
            "productId": "mother-epic-swell-energy-drink-twisted-apple-500ml",
            "productShopPage": "https://edgecumbe.store.supervalue.co.nz/lines/mother-epic-swell-energy-drink-twisted-apple-500ml",
            "productImageURL": "https://dtgxwmigmg3gc.cloudfront.net/imagery/assets/derivations/icon/512/512/true/eyJpZCI6ImE2ZjYxOGNhNjUyYzMxNzRhNjg2MDBhMGVjZmQ3MmJkIiwic3RvcmFnZSI6InB1YmxpY19zdG9yZSJ9?signature=954f74f8aba0fb24cb2a5248b1e93fe8a62fb8c7f902abbb08b7aed24bc44c80",
            "productDescription": ""
        },
        "priceData": {
            "bestPrice": "2.20",
            "price": "2.20",
            "pricePerLitre": 4.4,
            "bestPricePerLitre": 4.4
        },
        "store": {
            "id": "5e825a4cd7477661ef04920f",
            "name": "Edgecumbe"
        },
        "timestamp": "2021-08-16T18:26:06.502913"
    },
    {
        "productData": {
            "name": "V Energy Drink Sugar Free Guarana 250ml",
            "productId": "v-energy-drink-sugar-free-guarana-250ml",
            "productShopPage": "https://edgecumbe.store.supervalue.co.nz/lines/v-energy-drink-sugar-free-guarana-250ml",
            "productImageURL": "https://dtgxwmigmg3gc.cloudfront.net/imagery/assets/derivations/icon/512/512/true/eyJpZCI6ImZiNzM1NmU4NTMyZDllODlkZTljZmNlOGY2MzQ5NGQwIiwic3RvcmFnZSI6InB1YmxpY19zdG9yZSJ9?signature=72b0ce0a48ca796717c115fe5e8b4564501470f63bf80ae865d26e9d131a2b8c",
            "productDescription": ""
        },
        "priceData": {
            "bestPrice": "2.50",
            "price": "2.50",
            "pricePerLitre": 10.0,
            "bestPricePerLitre": 10.0
        },
        "store": {
            "id": "5e825a4cd7477661ef04920f",
            "name": "Edgecumbe"
        },
        "timestamp": "2021-08-16T18:26:10.869389"
    },
    {
        "productData": {
            "name": "V Energy Drink Green Guarana 350ml",
            "productId": "v-energy-drink-green-guarana-350ml",
            "productShopPage": "https://edgecumbe.store.supervalue.co.nz/lines/v-energy-drink-green-guarana-350ml",
            "productImageURL": "https://dtgxwmigmg3gc.cloudfront.net/imagery/assets/derivations/icon/512/512/true/eyJpZCI6IjRiNjY4ZjYxOTQ2ODYyN2MzM2NiZWMyNGUyNmIyODk4Iiwic3RvcmFnZSI6InB1YmxpY19zdG9yZSJ9?signature=4cded9cb42349eef45a593461f311b1bb7fa881295733879671ad9fe9887d30c",
            "productDescription": ""
        },
        "priceData": {
            "bestPrice": "3.79",
            "price": "3.79",
            "pricePerLitre": 10.8,
            "bestPricePerLitre": 10.8
        },
        "store": {
            "id": "5e825a4cd7477661ef04920f",
            "name": "Edgecumbe"
        },
        "timestamp": "2021-08-16T18:26:13.937352"
    },
    {
        "productData": {
            "name": "V Energy Drink Guarana Can 250ml",
            "productId": "v-energy-drink-guarana-can-250ml",
            "productShopPage": "https://edgecumbe.store.supervalue.co.nz/lines/v-energy-drink-guarana-can-250ml",
            "productImageURL": "https://dtgxwmigmg3gc.cloudfront.net/imagery/assets/derivations/icon/512/512/true/eyJpZCI6Ijc3Nzk1NjE2ZDhhNmFiMThhYzEzODYzOTg2ZmNkNzgwIiwic3RvcmFnZSI6InB1YmxpY19zdG9yZSJ9?signature=f5de1854d43e19cc62bff86893d4a55615cd916f8425a4dccd170b52eba81255",
            "productDescription": ""
        },
        "priceData": {
            "bestPrice": "2.50",
            "price": "2.50",
            "pricePerLitre": 10.0,
            "bestPricePerLitre": 10.0
        },
        "store": {
            "id": "5e825a4cd7477661ef04920f",
            "name": "Edgecumbe"
        },
        "timestamp": "2021-08-16T18:26:14.897276"
    },
    {
        "productData": {
            "name": "V Energy Drink Guarana Can 500ml",
            "productId": "v-energy-drink-guarana-can-500ml",
            "productShopPage": "https://edgecumbe.store.supervalue.co.nz/lines/v-energy-drink-guarana-can-500ml",
            "productImageURL": "https://dtgxwmigmg3gc.cloudfront.net/imagery/assets/derivations/icon/512/512/true/eyJpZCI6ImI0NjgzNGZjNDRkMjU0MjgzYzJjZGNhMzA2NWIxYjA5Iiwic3RvcmFnZSI6InB1YmxpY19zdG9yZSJ9?signature=265e8273409849423466e7623cbbdf8352940707b8830803eec391e8f32c9c5f",
            "productDescription": ""
        },
        "priceData": {
            "bestPrice": "3.60",
            "price": "3.60",
            "pricePerLitre": 7.199999999999999,
            "bestPricePerLitre": 7.199999999999999
        },
        "store": {
            "id": "5e825a4cd7477661ef04920f",
            "name": "Edgecumbe"
        },
        "timestamp": "2021-08-16T18:26:15.762087"
    },
    {
        "productData": {
            "name": "V Energy Drink Sugar Free Guarana 500ml",
            "productId": "v-energy-drink-sugar-free-guarana-500ml",
            "productShopPage": "https://edgecumbe.store.supervalue.co.nz/lines/v-energy-drink-sugar-free-guarana-500ml",
            "productImageURL": "https://dtgxwmigmg3gc.cloudfront.net/imagery/assets/derivations/icon/512/512/true/eyJpZCI6Ijg4MGExMDYxOTY4NTJiYzM1ZTExMmU2MGE2OWYxNDE3Iiwic3RvcmFnZSI6InB1YmxpY19zdG9yZSJ9?signature=b0536d25b9da8158705e24c88e21fabbf85c1dabc19f18108c386e956ffd7045",
            "productDescription": ""
        },
        "priceData": {
            "bestPrice": "3.60",
            "price": "3.60",
            "pricePerLitre": 7.199999999999999,
            "bestPricePerLitre": 7.199999999999999
        },
        "store": {
            "id": "5e825a4cd7477661ef04920f",
            "name": "Edgecumbe"
        },
        "timestamp": "2021-08-16T18:26:18.367441"
    },
    {
        "productData": {
            "name": "V Blue Sugarfree Energy Drink 500ml",
            "productId": "v-blue-sugarfree-energy-drink-500ml",
            "productShopPage": "https://edgecumbe.store.supervalue.co.nz/lines/v-blue-sugarfree-energy-drink-500ml",
            "productImageURL": "https://dtgxwmigmg3gc.cloudfront.net/imagery/assets/derivations/icon/512/512/true/eyJpZCI6ImVmYjQyOWRmM2JjZjc3NTY1ZDIwMTEyNTY0MDdmZjA1Iiwic3RvcmFnZSI6InB1YmxpY19zdG9yZSJ9?signature=2911d59474d8305039a3be3bef0f887c38d9ab84596314b13cc4b150101175ab",
            "productDescription": ""
        },
        "priceData": {
            "bestPrice": "3.60",
            "price": "3.60",
            "pricePerLitre": 7.199999999999999,
            "bestPricePerLitre": 7.199999999999999
        },
        "store": {
            "id": "5e825a4cd7477661ef04920f",
            "name": "Edgecumbe"
        },
        "timestamp": "2021-08-16T18:26:22.346742"
    },
    {
        "productData": {
            "name": "V Sugarfree Energy Drink Berry Twist 350ml",
            "productId": "v-sugarfree-energy-drink-berry-twist-350ml",
            "productShopPage": "https://edgecumbe.store.supervalue.co.nz/lines/v-sugarfree-energy-drink-berry-twist-350ml",
            "productImageURL": "https://dtgxwmigmg3gc.cloudfront.net/imagery/assets/derivations/icon/512/512/true/eyJpZCI6IjMxY2RlOWU3MTE1YTA4ZGRhYzFiODM0NjQ4NDFmOTM5Iiwic3RvcmFnZSI6InB1YmxpY19zdG9yZSJ9?signature=055982afa93dd6614e2f3de353af4c76a52ab79cac4e2b4660a75933fb1bc9a4",
            "productDescription": ""
        },
        "priceData": {
            "bestPrice": "3.79",
            "price": "3.79",
            "pricePerLitre": 10.8,
            "bestPricePerLitre": 10.8
        },
        "store": {
            "id": "5e825a4cd7477661ef04920f",
            "name": "Edgecumbe"
        },
        "timestamp": "2021-08-16T18:26:24.205587"
    },
    {
        "productData": {
            "name": "V Blue Energy Drink 275ml Cans 4 Pack",
            "productId": "v-blue-energy-drink-275ml-cans-4-pack",
            "productShopPage": "https://edgecumbe.store.supervalue.co.nz/lines/v-blue-energy-drink-275ml-cans-4-pack",
            "productImageURL": "https://dtgxwmigmg3gc.cloudfront.net/imagery/assets/derivations/icon/512/512/true/eyJpZCI6IjcxMTc0MzEzN2QzNTUzODQwMmUyODZjMDJkNTM3OTk3Iiwic3RvcmFnZSI6InB1YmxpY19zdG9yZSJ9?signature=5697ef2f72e1e995472b76c19c7c6201b3deb266e060743ac9ae1219dbf2226c",
            "productDescription": ""
        },
        "priceData": {
            "bestPrice": "8.00",
            "price": "8.00",
            "pricePerLitre": 9.399999999999999,
            "bestPricePerLitre": 9.399999999999999
        },
        "store": {
            "id": "5e825a4cd7477661ef04920f",
            "name": "Edgecumbe"
        },
        "timestamp": "2021-08-16T18:26:25.090606"
    },
    {
        "productData": {
            "name": "V Blue Energy Drink Blue Guarana Can 250ml",
            "productId": "v-blue-energy-drink-blue-guarana-can-250ml",
            "productShopPage": "https://edgecumbe.store.supervalue.co.nz/lines/v-blue-energy-drink-blue-guarana-can-250ml",
            "productImageURL": "https://dtgxwmigmg3gc.cloudfront.net/imagery/assets/derivations/icon/512/512/true/eyJpZCI6IjBmZjQwNDEyZWQ2ZDk4YTg3YWQ2ZDUyMWZlNjM1YzJkIiwic3RvcmFnZSI6InB1YmxpY19zdG9yZSJ9?signature=8f745abe5614ec47b3d7a07f1a34ba529184a87b2a696211ba5a0f9f29c86bf0",
            "productDescription": ""
        },
        "priceData": {
            "bestPrice": "2.50",
            "price": "2.50",
            "pricePerLitre": 10.0,
            "bestPricePerLitre": 10.0
        },
        "store": {
            "id": "5e825a4cd7477661ef04920f",
            "name": "Edgecumbe"
        },
        "timestamp": "2021-08-16T18:26:26.171919"
    },
    {
        "productData": {
            "name": "V Blue Energy Drink Blue Guarana Can 500ml",
            "productId": "v-blue-energy-drink-blue-guarana-can-500ml",
            "productShopPage": "https://edgecumbe.store.supervalue.co.nz/lines/v-blue-energy-drink-blue-guarana-can-500ml",
            "productImageURL": "https://dtgxwmigmg3gc.cloudfront.net/imagery/assets/derivations/icon/512/512/true/eyJpZCI6ImFmYjEyYjVjYTU2YWI5ZDJhMTVmNGY2MDg2NWFlNzgxIiwic3RvcmFnZSI6InB1YmxpY19zdG9yZSJ9?signature=b537a8cc5a2c0f90f1702b2c541db44c3a740a0ec4a96e92ab2d6537f9320e8d",
            "productDescription": ""
        },
        "priceData": {
            "bestPrice": "3.60",
            "price": "3.60",
            "pricePerLitre": 7.199999999999999,
            "bestPricePerLitre": 7.199999999999999
        },
        "store": {
            "id": "5e825a4cd7477661ef04920f",
            "name": "Edgecumbe"
        },
        "timestamp": "2021-08-16T18:26:27.245506"
    },
    {
        "productData": {
            "name": "V Iced Coffee Guarana Energy 500ml",
            "productId": "v-iced-coffee-guarana-energy-500ml",
            "productShopPage": "https://edgecumbe.store.supervalue.co.nz/lines/v-iced-coffee-guarana-energy-500ml",
            "productImageURL": "https://dtgxwmigmg3gc.cloudfront.net/imagery/assets/derivations/icon/512/512/true/eyJpZCI6ImM0Zjc4YjRmYWVjMjk0NTJkZTNkYzZjNmY5MzBlMjU2Iiwic3RvcmFnZSI6InB1YmxpY19zdG9yZSJ9?signature=14312b2813aab9c1ad551700ec97cd58a3a7f95bef4d0bd7ae7aa2dcf8fcdc9d",
            "productDescription": ""
        },
        "priceData": {
            "bestPrice": "4.19",
            "price": "4.19",
            "pricePerLitre": 83.80000000000001,
            "bestPricePerLitre": 83.80000000000001
        },
        "store": {
            "id": "5e825a4cd7477661ef04920f",
            "name": "Edgecumbe"
        },
        "timestamp": "2021-08-16T18:26:28.163185"
    },
    {
        "productData": {
            "name": "V Energy Drink Sugar Free Guarana 275ml 4 Pack",
            "productId": "v-energy-drink-sugar-free-guarana-275ml-4-pack",
            "productShopPage": "https://edgecumbe.store.supervalue.co.nz/lines/v-energy-drink-sugar-free-guarana-275ml-4-pack",
            "productImageURL": "https://dtgxwmigmg3gc.cloudfront.net/imagery/assets/derivations/icon/512/512/true/eyJpZCI6IjdiYzk4MzAyN2RlNTU0MjQ4NDZkZTEzOTYzMDhmZWY0Iiwic3RvcmFnZSI6InB1YmxpY19zdG9yZSJ9?signature=6fe2c0378a010de1a1a8a9b1ea9c06d97cf3e6fef4a86c66b9cdd5f4bab7bcd6",
            "productDescription": ""
        },
        "priceData": {
            "bestPrice": "8.00",
            "price": "8.00",
            "pricePerLitre": 9.399999999999999,
            "bestPricePerLitre": 9.399999999999999
        },
        "store": {
            "id": "5e825a4cd7477661ef04920f",
            "name": "Edgecumbe"
        },
        "timestamp": "2021-08-16T18:26:30.136367"
    },
    {
        "productData": {
            "name": "V Energy Drink Sugar Free Guarana Bottle 350ml",
            "productId": "v-energy-drink-sugar-free-guarana-bottle-350ml",
            "productShopPage": "https://edgecumbe.store.supervalue.co.nz/lines/v-energy-drink-sugar-free-guarana-bottle-350ml",
            "productImageURL": "https://dtgxwmigmg3gc.cloudfront.net/imagery/assets/derivations/icon/512/512/true/eyJpZCI6IjQzYmZlOTg1YzY2ZGQ0ZDI1YzUyZDk3MGJhMmJhMGM3Iiwic3RvcmFnZSI6InB1YmxpY19zdG9yZSJ9?signature=7a4bb3eb2264f52495ae9ba8fbf21b5a3e59e12c0d6208cfa1591261da333f55",
            "productDescription": ""
        },
        "priceData": {
            "bestPrice": "3.79",
            "price": "3.79",
            "pricePerLitre": 10.8,
            "bestPricePerLitre": 10.8
        },
        "store": {
            "id": "5e825a4cd7477661ef04920f",
            "name": "Edgecumbe"
        },
        "timestamp": "2021-08-16T18:26:30.958380"
    },
    {
        "productData": {
            "name": "V Pure Energy Drink 250ml",
            "productId": "v-pure-energy-drink-250ml",
            "productShopPage": "https://edgecumbe.store.supervalue.co.nz/lines/v-pure-energy-drink-250ml",
            "productImageURL": "https://dtgxwmigmg3gc.cloudfront.net/imagery/assets/derivations/icon/512/512/true/eyJpZCI6Ijk3N2I4MDM5OTQxMjFjYjI5MjRmODdmOTJkM2Q2OWIxIiwic3RvcmFnZSI6InB1YmxpY19zdG9yZSJ9?signature=b74ae9543645865e1c2414381c96a37f8a53629edb30e9b6a59f54f59ba09cfb",
            "productDescription": ""
        },
        "priceData": {
            "bestPrice": "2.50",
            "price": "2.50",
            "pricePerLitre": 10.0,
            "bestPricePerLitre": 10.0
        },
        "store": {
            "id": "5e825a4cd7477661ef04920f",
            "name": "Edgecumbe"
        },
        "timestamp": "2021-08-16T18:26:31.988291"
    },
    {
        "productData": {
            "name": "V Raspberry Lemonade Energy Drink 4x275ml",
            "productId": "v-energy-drink-raspberry-lemonade-4-x-275ml-cans",
            "productShopPage": "https://edgecumbe.store.supervalue.co.nz/lines/v-energy-drink-raspberry-lemonade-4-x-275ml-cans",
            "productImageURL": "https://dtgxwmigmg3gc.cloudfront.net/imagery/assets/derivations/icon/512/512/true/eyJpZCI6IjQ2MzE5NTc1YTNlNDc2YWFlOWFmYzkzYjg5YTIzZmU3Iiwic3RvcmFnZSI6InB1YmxpY19zdG9yZSJ9?signature=9589191fe8e8372f03cc1eafaa844916cfe9f79df0af381c3fcba9ff575f2803",
            "productDescription": ""
        },
        "priceData": {
            "bestPrice": "8.00",
            "price": "8.00",
            "pricePerLitre": 9.399999999999999,
            "bestPricePerLitre": 9.399999999999999
        },
        "store": {
            "id": "5e825a4cd7477661ef04920f",
            "name": "Edgecumbe"
        },
        "timestamp": "2021-08-16T18:26:32.844423"
    },
    {
        "productData": {
            "name": "Monster Mule Ginger Brew 500ml",
            "productId": "monster-mule-ginger-brew-500ml",
            "productShopPage": "https://edgecumbe.store.supervalue.co.nz/lines/monster-mule-ginger-brew-500ml",
            "productImageURL": "https://dtgxwmigmg3gc.cloudfront.net/imagery/assets/derivations/icon/512/512/true/eyJpZCI6ImM1OTM5MTIyZTRlNmNhNzk0ODFlMDE4ZWVmMWE2Y2ZlIiwic3RvcmFnZSI6InB1YmxpY19zdG9yZSJ9?signature=5d11287f30ef58c148e37382d61c0d83097d5461683a9aa5dd9456941c1f32e5",
            "productDescription": ""
        },
        "priceData": {
            "bestPrice": "2.60",
            "price": "2.60",
            "pricePerLitre": 6.0,
            "bestPricePerLitre": 6.0
        },
        "store": {
            "id": "5e825a4cd7477661ef04920f",
            "name": "Edgecumbe"
        },
        "timestamp": "2021-08-16T18:26:39.833274"
    },
    {
        "productData": {
            "name": "Monster Energy Pipeline Punch 500ml",
            "productId": "monster-energy-pipeline-punch-500ml",
            "productShopPage": "https://edgecumbe.store.supervalue.co.nz/lines/monster-energy-pipeline-punch-500ml",
            "productImageURL": "https://dtgxwmigmg3gc.cloudfront.net/imagery/assets/derivations/icon/512/512/true/eyJpZCI6IjM3ZWY2OTY5OWFlNTJlZTRjNTY1ZmFmYWIwOTIxMjg4Iiwic3RvcmFnZSI6InB1YmxpY19zdG9yZSJ9?signature=79ed6699c35bd716a9d5d9457c39ce62c523edaa4059b6b45d4dcc7caf65cef9",
            "productDescription": ""
        },
        "priceData": {
            "bestPrice": "2.60",
            "price": "2.60",
            "pricePerLitre": 6.0,
            "bestPricePerLitre": 6.0
        },
        "store": {
            "id": "5e825a4cd7477661ef04920f",
            "name": "Edgecumbe"
        },
        "timestamp": "2021-08-16T18:26:43.770115"
    },
    {
        "productData": {
            "name": "Live Plus Energy Drink Citrus Flavour 500ml",
            "productId": "live-plus-persist-500ml",
            "productShopPage": "https://edgecumbe.store.supervalue.co.nz/lines/live-plus-persist-500ml",
            "productImageURL": "https://dtgxwmigmg3gc.cloudfront.net/imagery/assets/derivations/icon/512/512/true/eyJpZCI6IjFlNWQ5YzI4OWM1N2UzNmYzZmI2NThlMDQzZTI3ZjE4Iiwic3RvcmFnZSI6InB1YmxpY19zdG9yZSJ9?signature=756b17fefe47174b90e7dbec8cd09db27f9f59f4994bc750b71256ae93ba9fa8",
            "productDescription": ""
        },
        "priceData": {
            "bestPrice": "2.20",
            "price": "2.20",
            "pricePerLitre": 4.4,
            "bestPricePerLitre": 4.4
        },
        "store": {
            "id": "5e825a4cd7477661ef04920f",
            "name": "Edgecumbe"
        },
        "timestamp": "2021-08-16T18:26:44.672497"
    },
    {
        "productData": {
            "name": "Live Plus Energy Drink Tart Apple Apple Flavour 500ml",
            "productId": "live-plus-ignite-500ml",
            "productShopPage": "https://edgecumbe.store.supervalue.co.nz/lines/live-plus-ignite-500ml",
            "productImageURL": "https://dtgxwmigmg3gc.cloudfront.net/imagery/assets/derivations/icon/512/512/true/eyJpZCI6IjViOGViZjhmZTQzYjFlYTMzNDM5YjJjMjg3ZDRmY2YyIiwic3RvcmFnZSI6InB1YmxpY19zdG9yZSJ9?signature=140ae19352cd0dcec7e77f90fa4dfaa9fa17086439f730510afc5d906e1415bf",
            "productDescription": ""
        },
        "priceData": {
            "bestPrice": "2.20",
            "price": "2.20",
            "pricePerLitre": 4.4,
            "bestPricePerLitre": 4.4
        },
        "store": {
            "id": "5e825a4cd7477661ef04920f",
            "name": "Edgecumbe"
        },
        "timestamp": "2021-08-16T18:26:45.640401"
    },
    {
        "productData": {
            "name": "V Guarana Energy Drink Blue Sugarfree 250ml",
            "productId": "v-blue-sugarfree-energy-drink-250ml",
            "productShopPage": "https://edgecumbe.store.supervalue.co.nz/lines/v-blue-sugarfree-energy-drink-250ml",
            "productImageURL": "https://dtgxwmigmg3gc.cloudfront.net/imagery/assets/derivations/icon/512/512/true/eyJpZCI6IjI3YWJiOTVhYjNhMjEwMDU2MWJhMmRhNTM3YjRhZjVmIiwic3RvcmFnZSI6InB1YmxpY19zdG9yZSJ9?signature=66769306ca1d0ba674603954d338186dc999f6d1839090d49fde9416b3252365",
            "productDescription": ""
        },
        "priceData": {
            "bestPrice": "2.50",
            "price": "2.50",
            "pricePerLitre": 10.0,
            "bestPricePerLitre": 10.0
        },
        "store": {
            "id": "5e825a4cd7477661ef04920f",
            "name": "Edgecumbe"
        },
        "timestamp": "2021-08-16T18:26:46.866040"
    },
    {
        "productData": {
            "name": "Live Plus Energy Drink Ignite 500ml",
            "productId": "live-plus-energy-drink-ignite-500ml",
            "productShopPage": "https://edgecumbe.store.supervalue.co.nz/lines/live-plus-energy-drink-ignite-500ml",
            "productImageURL": "https://dtgxwmigmg3gc.cloudfront.net/imagery/assets/derivations/icon/512/512/true/eyJpZCI6IjFkZThlMTA5NjUyNTgxZDc2ZDhiOWIxNjljYmVlOWVlIiwic3RvcmFnZSI6InB1YmxpY19zdG9yZSJ9?signature=5f73a57660afbef58a992f8c1d00558e127ddc20b4879ea1a95f2f74f8de2c57",
            "productDescription": ""
        },
        "priceData": {
            "bestPrice": "2.20",
            "price": "2.20",
            "pricePerLitre": 4.4,
            "bestPricePerLitre": 4.4
        },
        "store": {
            "id": "5e825a4cd7477661ef04920f",
            "name": "Edgecumbe"
        },
        "timestamp": "2021-08-16T18:26:47.736474"
    },
    {
        "productData": {
            "name": "Live Plus Energy Drink Original Citrus Flavour 355ml",
            "productId": "live-plus-persist-glass-355ml",
            "productShopPage": "https://edgecumbe.store.supervalue.co.nz/lines/live-plus-persist-glass-355ml",
            "productImageURL": "https://dtgxwmigmg3gc.cloudfront.net/imagery/assets/derivations/icon/512/512/true/eyJpZCI6ImYzMjZlMTdmMmI5ZGRjZGYzYmFmNzNiMWQzN2Y5NDI4Iiwic3RvcmFnZSI6InB1YmxpY19zdG9yZSJ9?signature=8fa31eb2b309e9c7a293ba2e7a7541e3cdc686b1d3f519044aa97c666ae5f630",
            "productDescription": ""
        },
        "priceData": {
            "bestPrice": "2.10",
            "price": "2.10",
            "pricePerLitre": 8.5,
            "bestPricePerLitre": 8.5
        },
        "store": {
            "id": "5e825a4cd7477661ef04920f",
            "name": "Edgecumbe"
        },
        "timestamp": "2021-08-16T18:26:48.608060"
    },
    {
        "productData": {
            "name": "Live Plus Energy Drink Original Citrus Flavour 6x250ml",
            "productId": "live-plus-persist-250ml-6pack",
            "productShopPage": "https://edgecumbe.store.supervalue.co.nz/lines/live-plus-persist-250ml-6pack",
            "productImageURL": "https://dtgxwmigmg3gc.cloudfront.net/imagery/assets/derivations/icon/512/512/true/eyJpZCI6IjNmODNiNGI4MzI4MzJmNzhjZmJhNDA1OGUyZWFlM2ZhIiwic3RvcmFnZSI6InB1YmxpY19zdG9yZSJ9?signature=0257f943d0c41562773e51cbd42327ad911228832e33494e9c30381e20305337",
            "productDescription": ""
        },
        "priceData": {
            "bestPrice": "8.00",
            "price": "8.00",
            "pricePerLitre": 5.300000000000001,
            "bestPricePerLitre": 5.300000000000001
        },
        "store": {
            "id": "5e825a4cd7477661ef04920f",
            "name": "Edgecumbe"
        },
        "timestamp": "2021-08-16T18:26:49.617969"
    },
    {
        "productData": {
            "name": "Live Plus Energy Drink Persist Glass 355ml",
            "productId": "live-plus-energy-drink-persist-glass-355ml",
            "productShopPage": "https://edgecumbe.store.supervalue.co.nz/lines/live-plus-energy-drink-persist-glass-355ml",
            "productImageURL": "https://dtgxwmigmg3gc.cloudfront.net/imagery/assets/derivations/icon/512/512/true/eyJpZCI6IjBiMjhiZTQ0NDk1ODBiZWI4NDRkY2JhM2MxZDdhOTMwIiwic3RvcmFnZSI6InB1YmxpY19zdG9yZSJ9?signature=62025738d86469fbbd64cd53b03b4beee6372d1fbd30b8a9c5708ffdafeebf0d",
            "productDescription": ""
        },
        "priceData": {
            "bestPrice": "2.10",
            "price": "2.10",
            "pricePerLitre": 8.5,
            "bestPricePerLitre": 8.5
        },
        "store": {
            "id": "5e825a4cd7477661ef04920f",
            "name": "Edgecumbe"
        },
        "timestamp": "2021-08-16T18:26:50.496501"
    },
    {
        "productData": {
            "name": "Live Plus Live+ Ignite Energy Drink 6 x 250ml Cans",
            "productId": "live-plus-live-ignite-energy-drink-6x250ml-cans",
            "productShopPage": "https://edgecumbe.store.supervalue.co.nz/lines/live-plus-live-ignite-energy-drink-6x250ml-cans",
            "productImageURL": "https://dtgxwmigmg3gc.cloudfront.net/imagery/assets/derivations/icon/512/512/true/eyJpZCI6Ijk5ZTU3ZDdlN2RjYzc0ZmZlOWY0NGQxMDdkYTI5ZDI5Iiwic3RvcmFnZSI6InB1YmxpY19zdG9yZSJ9?signature=16b8b1fb6c1dbc73b4d1f0110b7542a3259cd273e9b6adea8e6570f5158d8342",
            "productDescription": ""
        },
        "priceData": {
            "bestPrice": "6.00",
            "price": "6.00",
            "pricePerLitre": 4.0,
            "bestPricePerLitre": 4.0
        },
        "store": {
            "id": "5e825a4cd7477661ef04920f",
            "name": "Edgecumbe"
        },
        "timestamp": "2021-08-16T18:26:51.395758"
    },
    {
        "productData": {
            "name": "Rockstar Original Energy Drink 500ml",
            "productId": "rockstar-original-energy-drink-500ml",
            "productShopPage": "https://edgecumbe.store.supervalue.co.nz/lines/rockstar-original-energy-drink-500ml",
            "productImageURL": "https://dtgxwmigmg3gc.cloudfront.net/imagery/assets/derivations/icon/512/512/true/eyJpZCI6IjA1ZmRmMjE1MTQ0Zjk0YjgzMDFlNzEyMjQ5OWMzZjNjIiwic3RvcmFnZSI6InB1YmxpY19zdG9yZSJ9?signature=d3b539814d47e6a54c00fa8c8b73164ccb677a65cf673f3532132f7f04c657f5",
            "productDescription": ""
        },
        "priceData": {
            "bestPrice": "2.20",
            "price": "2.20",
            "pricePerLitre": 4.4,
            "bestPricePerLitre": 4.4
        },
        "store": {
            "id": "5e825a4cd7477661ef04920f",
            "name": "Edgecumbe"
        },
        "timestamp": "2021-08-16T18:26:52.593328"
    },
    {
        "productData": {
            "name": "Rockstar Punched Energy Guava 500ml",
            "productId": "rockstar-punched-energy-guava-500ml",
            "productShopPage": "https://edgecumbe.store.supervalue.co.nz/lines/rockstar-punched-energy-guava-500ml",
            "productImageURL": "https://dtgxwmigmg3gc.cloudfront.net/imagery/assets/derivations/icon/512/512/true/eyJpZCI6IjBmNGEyNjU2MGQwM2Y4OGI4MWE3ZTMyODUzYTRlN2QyIiwic3RvcmFnZSI6InB1YmxpY19zdG9yZSJ9?signature=fab45ac774e74d87cf7a79de075f47290676fd6d4afcf212198c745670d5ce29",
            "productDescription": ""
        },
        "priceData": {
            "bestPrice": "2.20",
            "price": "2.20",
            "pricePerLitre": 4.4,
            "bestPricePerLitre": 4.4
        },
        "store": {
            "id": "5e825a4cd7477661ef04920f",
            "name": "Edgecumbe"
        },
        "timestamp": "2021-08-16T18:26:53.639638"
    },
    {
        "productData": {
            "name": "Rockstar Punched Watermelon Freeze Energy Drink 500ml",
            "productId": "rockstar-punched-watermelon-freeze-energy-drink-500ml",
            "productShopPage": "https://edgecumbe.store.supervalue.co.nz/lines/rockstar-punched-watermelon-freeze-energy-drink-500ml",
            "productImageURL": "https://dtgxwmigmg3gc.cloudfront.net/imagery/assets/derivations/icon/512/512/true/eyJpZCI6IjlhMzZkN2M2YmNhYzgwZGNlNzQ1NjBkOTA5NGU3MzQ2Iiwic3RvcmFnZSI6InB1YmxpY19zdG9yZSJ9?signature=09f452e46dbf31dd8b35e72b6651c800dd4e8856d7322f55db022f54e5cc9867",
            "productDescription": ""
        },
        "priceData": {
            "bestPrice": "2.20",
            "price": "2.20",
            "pricePerLitre": 4.4,
            "bestPricePerLitre": 4.4
        },
        "store": {
            "id": "5e825a4cd7477661ef04920f",
            "name": "Edgecumbe"
        },
        "timestamp": "2021-08-16T18:26:54.505846"
    },
    {
        "productData": {
            "name": "Mother Kicked Apple 500ml",
            "productId": "mother-kicked-apple-500ml",
            "productShopPage": "https://featherston.store.supervalue.co.nz/lines/mother-kicked-apple-500ml",
            "productImageURL": "https://dtgxwmigmg3gc.cloudfront.net/imagery/assets/derivations/icon/512/512/true/eyJpZCI6IjNhZTlkYjkwYTM4MDFjMGEwYjUwYThhMDAwYjkyZjM0Iiwic3RvcmFnZSI6InB1YmxpY19zdG9yZSJ9?signature=c1a1db0a5d7b074c388cf08560fd44a4a2b6127821554198e54eeea8474325f6",
            "productDescription": ""
        },
        "priceData": {
            "bestPrice": "2.20",
            "price": "2.20",
            "pricePerLitre": 4.4,
            "bestPricePerLitre": 4.4
        },
        "store": {
            "id": "5e7550f91db5f55ff808d021",
            "name": "Featherston"
        },
        "timestamp": "2021-08-16T18:26:56.656443"
    },
    {
        "productData": {
            "name": "Monster Energy Ultra Paradise 500ml",
            "productId": "monster-energy-drink-ultra-paradise-500ml",
            "productShopPage": "https://featherston.store.supervalue.co.nz/lines/monster-energy-drink-ultra-paradise-500ml",
            "productImageURL": "https://dtgxwmigmg3gc.cloudfront.net/imagery/assets/derivations/icon/512/512/true/eyJpZCI6ImZiZDRkZTQxNzA0M2FiYTUyMjMwZWI0NTcyZGNmYTE1Iiwic3RvcmFnZSI6InB1YmxpY19zdG9yZSJ9?signature=8a439bf26b71114289dfea1720ed331b1e4784c534deade29db8ac38b1cc7c1a",
            "productDescription": ""
        },
        "priceData": {
            "bestPrice": "2.60",
            "price": "2.60",
            "pricePerLitre": 5.2,
            "bestPricePerLitre": 5.2
        },
        "store": {
            "id": "5e7550f91db5f55ff808d021",
            "name": "Featherston"
        },
        "timestamp": "2021-08-16T18:26:59.512767"
    },
    {
        "productData": {
            "name": "Monster Energy Ultra Zero 500ml",
            "productId": "monster-energy-ultra-zero-500ml",
            "productShopPage": "https://featherston.store.supervalue.co.nz/lines/monster-energy-ultra-zero-500ml",
            "productImageURL": "https://dtgxwmigmg3gc.cloudfront.net/imagery/assets/derivations/icon/512/512/true/eyJpZCI6IjdhN2FhYTUwZWU2NTYwYjBiNGY1NThhMTgwNmVlODI3Iiwic3RvcmFnZSI6InB1YmxpY19zdG9yZSJ9?signature=7907c49ba7d043175a426f84a71776de7dd51fa5c249237063aca9cb098abdbe",
            "productDescription": ""
        },
        "priceData": {
            "bestPrice": "2.60",
            "price": "2.60",
            "pricePerLitre": 5.2,
            "bestPricePerLitre": 5.2
        },
        "store": {
            "id": "5e7550f91db5f55ff808d021",
            "name": "Featherston"
        },
        "timestamp": "2021-08-16T18:27:01.639578"
    },
    {
        "productData": {
            "name": "Monster Energy Drink Can Green 500ml",
            "productId": "monster-energy-green-500ml",
            "productShopPage": "https://featherston.store.supervalue.co.nz/lines/monster-energy-green-500ml",
            "productImageURL": "https://dtgxwmigmg3gc.cloudfront.net/imagery/assets/derivations/icon/512/512/true/eyJpZCI6ImU3ZjNiNjJiNzI4Y2M0MTIxMjhiNjQ2ZmQ2OTQzMGEzIiwic3RvcmFnZSI6InB1YmxpY19zdG9yZSJ9?signature=637eac56411f57a79f345ea693f1418330d5742c3a04caddb460696dba06da06",
            "productDescription": ""
        },
        "priceData": {
            "bestPrice": "2.60",
            "price": "2.60",
            "pricePerLitre": 5.2,
            "bestPricePerLitre": 5.2
        },
        "store": {
            "id": "5e7550f91db5f55ff808d021",
            "name": "Featherston"
        },
        "timestamp": "2021-08-16T18:27:02.694590"
    },
    {
        "productData": {
            "name": "Monster Energy Drink Ultra Rosa 500ml",
            "productId": "monster-energy-drink-ultra-rosa-500ml",
            "productShopPage": "https://featherston.store.supervalue.co.nz/lines/monster-energy-drink-ultra-rosa-500ml",
            "productImageURL": "https://dtgxwmigmg3gc.cloudfront.net/imagery/assets/derivations/icon/512/512/true/eyJpZCI6IjZjYzFjMzcwYzM4Mzk4N2MyOTUzNWIyMTFjZTJlYjgxIiwic3RvcmFnZSI6InB1YmxpY19zdG9yZSJ9?signature=9cd08284785f9b24647ecc7d1dc08214d9d00318cc809bebdef1921d6b78bb95",
            "productDescription": ""
        },
        "priceData": {
            "bestPrice": "2.60",
            "price": "2.60",
            "pricePerLitre": 5.2,
            "bestPricePerLitre": 5.2
        },
        "store": {
            "id": "5e7550f91db5f55ff808d021",
            "name": "Featherston"
        },
        "timestamp": "2021-08-16T18:27:03.598540"
    },
    {
        "productData": {
            "name": "Mother Energy Drink Berry 500ml",
            "productId": "mother-energy-drink-berry-500ml",
            "productShopPage": "https://featherston.store.supervalue.co.nz/lines/mother-energy-drink-berry-500ml",
            "productImageURL": "https://dtgxwmigmg3gc.cloudfront.net/imagery/assets/derivations/icon/512/512/true/eyJpZCI6ImRhYTJlNjUzNzRjZjViNjI0ZDljNzUzNDA3YmE0ZDFkIiwic3RvcmFnZSI6InB1YmxpY19zdG9yZSJ9?signature=d9ffb465d71d599811c2ff7a788845bfe297eb3624ad7866a89cf0b3ece073f0",
            "productDescription": ""
        },
        "priceData": {
            "bestPrice": "2.20",
            "price": "2.20",
            "pricePerLitre": 4.4,
            "bestPricePerLitre": 4.4
        },
        "store": {
            "id": "5e7550f91db5f55ff808d021",
            "name": "Featherston"
        },
        "timestamp": "2021-08-16T18:27:07.274845"
    },
    {
        "productData": {
            "name": "Mother Energy Drink Black 500ml",
            "productId": "mother-energy-drink-black-500ml",
            "productShopPage": "https://featherston.store.supervalue.co.nz/lines/mother-energy-drink-black-500ml",
            "productImageURL": "https://dtgxwmigmg3gc.cloudfront.net/imagery/assets/derivations/icon/512/512/true/eyJpZCI6ImYyMzA5MjhkYjg3ODFhYmYzZDU3ZjE1YjNmYzU2MWFjIiwic3RvcmFnZSI6InB1YmxpY19zdG9yZSJ9?signature=d3dbddb83d3d457075cd5d8936bef0c5b48fce4fa3fe725995d8b6d57219ceb5",
            "productDescription": ""
        },
        "priceData": {
            "bestPrice": "2.20",
            "price": "2.20",
            "pricePerLitre": 4.4,
            "bestPricePerLitre": 4.4
        },
        "store": {
            "id": "5e7550f91db5f55ff808d021",
            "name": "Featherston"
        },
        "timestamp": "2021-08-16T18:27:08.159127"
    },
    {
        "productData": {
            "name": "Mother Energy Drink Passion 500ml",
            "productId": "mother-energy-drink-passion-500ml",
            "productShopPage": "https://featherston.store.supervalue.co.nz/lines/mother-energy-drink-passion-500ml",
            "productImageURL": "https://dtgxwmigmg3gc.cloudfront.net/imagery/assets/derivations/icon/512/512/true/eyJpZCI6ImQwODE2YTc4ZjBmNGU4NTU5Mzg1YjkxZmI5YjIzZjM0Iiwic3RvcmFnZSI6InB1YmxpY19zdG9yZSJ9?signature=713c495fef96a6427b917f0c7c7e855a963749ac5c1bf7dfd71e24ae08ea3123",
            "productDescription": ""
        },
        "priceData": {
            "bestPrice": "2.20",
            "price": "2.20",
            "pricePerLitre": 4.4,
            "bestPricePerLitre": 4.4
        },
        "store": {
            "id": "5e7550f91db5f55ff808d021",
            "name": "Featherston"
        },
        "timestamp": "2021-08-16T18:27:10.082811"
    },
    {
        "productData": {
            "name": "Mother Tropical Blast 500ml",
            "productId": "mother-tropical-blast-500ml",
            "productShopPage": "https://featherston.store.supervalue.co.nz/lines/mother-tropical-blast-500ml",
            "productImageURL": "https://dtgxwmigmg3gc.cloudfront.net/imagery/assets/derivations/icon/512/512/true/eyJpZCI6ImEyZmM1OTUwNDhlODM5YTRhMjQ2MTI1OGEyYzNlZWZhIiwic3RvcmFnZSI6InB1YmxpY19zdG9yZSJ9?signature=6c9470ee4067e8ec32b58eeac9d628404d3986058a9b1cdef46014d1bee50944",
            "productDescription": ""
        },
        "priceData": {
            "bestPrice": "2.20",
            "price": "2.20",
            "pricePerLitre": 4.4,
            "bestPricePerLitre": 4.4
        },
        "store": {
            "id": "5e7550f91db5f55ff808d021",
            "name": "Featherston"
        },
        "timestamp": "2021-08-16T18:27:11.008712"
    },
    {
        "productData": {
            "name": "Mother Epic Swell Energy Drink Twisted Apple 500ml",
            "productId": "mother-epic-swell-energy-drink-twisted-apple-500ml",
            "productShopPage": "https://featherston.store.supervalue.co.nz/lines/mother-epic-swell-energy-drink-twisted-apple-500ml",
            "productImageURL": "https://dtgxwmigmg3gc.cloudfront.net/imagery/assets/derivations/icon/512/512/true/eyJpZCI6ImE2ZjYxOGNhNjUyYzMxNzRhNjg2MDBhMGVjZmQ3MmJkIiwic3RvcmFnZSI6InB1YmxpY19zdG9yZSJ9?signature=954f74f8aba0fb24cb2a5248b1e93fe8a62fb8c7f902abbb08b7aed24bc44c80",
            "productDescription": ""
        },
        "priceData": {
            "bestPrice": "2.20",
            "price": "2.20",
            "pricePerLitre": 4.4,
            "bestPricePerLitre": 4.4
        },
        "store": {
            "id": "5e7550f91db5f55ff808d021",
            "name": "Featherston"
        },
        "timestamp": "2021-08-16T18:27:13.049953"
    },
    {
        "productData": {
            "name": "V Energy Drink Guarana 500ml",
            "productId": "v-energy-drink-guarana-500ml",
            "productShopPage": "https://featherston.store.supervalue.co.nz/lines/v-energy-drink-guarana-500ml",
            "productImageURL": "https://dtgxwmigmg3gc.cloudfront.net/imagery/assets/derivations/icon/512/512/true/eyJpZCI6IjgzZDAxMjhiMzg4NmEwZmE4YTE2ZjY2NWIzNmM2NzI2Iiwic3RvcmFnZSI6InB1YmxpY19zdG9yZSJ9?signature=f55ecc561066291a4e74a967db35ea2355f881bd1708bf400fd790032384ae4f",
            "productDescription": ""
        },
        "priceData": {
            "bestPrice": "2.60",
            "price": "2.60",
            "pricePerLitre": 5.2,
            "bestPricePerLitre": 5.2
        },
        "store": {
            "id": "5e7550f91db5f55ff808d021",
            "name": "Featherston"
        },
        "timestamp": "2021-08-16T18:27:15.797596"
    },
    {
        "productData": {
            "name": "V Energy Drink Sugarfree 500ml",
            "productId": "v-energy-drink-sugarfree-500ml",
            "productShopPage": "https://featherston.store.supervalue.co.nz/lines/v-energy-drink-sugarfree-500ml",
            "productImageURL": "https://dtgxwmigmg3gc.cloudfront.net/imagery/assets/derivations/icon/512/512/true/eyJpZCI6ImVkZTAxNTNmMDI1NmU1NDZjNWQ5MTc3MjE3ZTQ3YTQ0Iiwic3RvcmFnZSI6InB1YmxpY19zdG9yZSJ9?signature=abcf72d9faa9ee3044eaa3b7ee0bf9b4fd8f582379018d8727f2234b7d3f3c85",
            "productDescription": ""
        },
        "priceData": {
            "bestPrice": "2.60",
            "price": "2.60",
            "pricePerLitre": 5.2,
            "bestPricePerLitre": 5.2
        },
        "store": {
            "id": "5e7550f91db5f55ff808d021",
            "name": "Featherston"
        },
        "timestamp": "2021-08-16T18:27:16.668489"
    },
    {
        "productData": {
            "name": "V Energy Drink Blue Guarana Spritzed 350ml",
            "productId": "v-blue-energy-drink-blue-guarana-spritzed-350ml",
            "productShopPage": "https://featherston.store.supervalue.co.nz/lines/v-blue-energy-drink-blue-guarana-spritzed-350ml",
            "productImageURL": "https://dtgxwmigmg3gc.cloudfront.net/imagery/assets/derivations/icon/512/512/true/eyJpZCI6ImY2OTRlZGI4NjdlNWMzZDM5NzgzMDQ0ODFkMzUxZGZiIiwic3RvcmFnZSI6InB1YmxpY19zdG9yZSJ9?signature=591b3079cb9c2407a29b3bc348eaf42dc1d34daba5c9d7aba65be654725b6719",
            "productDescription": ""
        },
        "priceData": {
            "bestPrice": "3.69",
            "price": "3.69",
            "pricePerLitre": 10.5,
            "bestPricePerLitre": 10.5
        },
        "store": {
            "id": "5e7550f91db5f55ff808d021",
            "name": "Featherston"
        },
        "timestamp": "2021-08-16T18:27:19.306889"
    },
    {
        "productData": {
            "name": "V Energy Drink Green Guarana 350ml",
            "productId": "v-energy-drink-green-guarana-350ml",
            "productShopPage": "https://featherston.store.supervalue.co.nz/lines/v-energy-drink-green-guarana-350ml",
            "productImageURL": "https://dtgxwmigmg3gc.cloudfront.net/imagery/assets/derivations/icon/512/512/true/eyJpZCI6IjRiNjY4ZjYxOTQ2ODYyN2MzM2NiZWMyNGUyNmIyODk4Iiwic3RvcmFnZSI6InB1YmxpY19zdG9yZSJ9?signature=4cded9cb42349eef45a593461f311b1bb7fa881295733879671ad9fe9887d30c",
            "productDescription": ""
        },
        "priceData": {
            "bestPrice": "3.69",
            "price": "3.69",
            "pricePerLitre": 10.5,
            "bestPricePerLitre": 10.5
        },
        "store": {
            "id": "5e7550f91db5f55ff808d021",
            "name": "Featherston"
        },
        "timestamp": "2021-08-16T18:27:20.189324"
    },
    {
        "productData": {
            "name": "V Energy Drink Guarana Can 250ml",
            "productId": "v-energy-drink-guarana-can-250ml",
            "productShopPage": "https://featherston.store.supervalue.co.nz/lines/v-energy-drink-guarana-can-250ml",
            "productImageURL": "https://dtgxwmigmg3gc.cloudfront.net/imagery/assets/derivations/icon/512/512/true/eyJpZCI6Ijc3Nzk1NjE2ZDhhNmFiMThhYzEzODYzOTg2ZmNkNzgwIiwic3RvcmFnZSI6InB1YmxpY19zdG9yZSJ9?signature=f5de1854d43e19cc62bff86893d4a55615cd916f8425a4dccd170b52eba81255",
            "productDescription": ""
        },
        "priceData": {
            "bestPrice": "2.50",
            "price": "2.50",
            "pricePerLitre": 10.0,
            "bestPricePerLitre": 10.0
        },
        "store": {
            "id": "5e7550f91db5f55ff808d021",
            "name": "Featherston"
        },
        "timestamp": "2021-08-16T18:27:21.094195"
    },
    {
        "productData": {
            "name": "V Energy Drink Guarana Can 500ml",
            "productId": "v-energy-drink-guarana-can-500ml",
            "productShopPage": "https://featherston.store.supervalue.co.nz/lines/v-energy-drink-guarana-can-500ml",
            "productImageURL": "https://dtgxwmigmg3gc.cloudfront.net/imagery/assets/derivations/icon/512/512/true/eyJpZCI6ImI0NjgzNGZjNDRkMjU0MjgzYzJjZGNhMzA2NWIxYjA5Iiwic3RvcmFnZSI6InB1YmxpY19zdG9yZSJ9?signature=265e8273409849423466e7623cbbdf8352940707b8830803eec391e8f32c9c5f",
            "productDescription": ""
        },
        "priceData": {
            "bestPrice": "3.60",
            "price": "3.60",
            "pricePerLitre": 7.199999999999999,
            "bestPricePerLitre": 7.199999999999999
        },
        "store": {
            "id": "5e7550f91db5f55ff808d021",
            "name": "Featherston"
        },
        "timestamp": "2021-08-16T18:27:22.126719"
    },
    {
        "productData": {
            "name": "V Energy Drink Raspberry Lemonade 350ml",
            "productId": "v-energy-drink-raspberry-lemonade-350ml",
            "productShopPage": "https://featherston.store.supervalue.co.nz/lines/v-energy-drink-raspberry-lemonade-350ml",
            "productImageURL": "https://dtgxwmigmg3gc.cloudfront.net/imagery/assets/derivations/icon/512/512/true/eyJpZCI6IjliNWMwMGJkN2IxYWRhY2UxNzU5NzY1ZTI4MjUzZDgyIiwic3RvcmFnZSI6InB1YmxpY19zdG9yZSJ9?signature=1813e587f3636e394a15aa9e19234f9343024a6880220b0dda0a5d69b1f1c010",
            "productDescription": ""
        },
        "priceData": {
            "bestPrice": "3.69",
            "price": "3.69",
            "pricePerLitre": 10.5,
            "bestPricePerLitre": 10.5
        },
        "store": {
            "id": "5e7550f91db5f55ff808d021",
            "name": "Featherston"
        },
        "timestamp": "2021-08-16T18:27:24.115711"
    },
    {
        "productData": {
            "name": "V Energy Drink Skills Cans 275ml 4 Pack",
            "productId": "v-energy-drink-skills-cans-275ml-4-pack",
            "productShopPage": "https://featherston.store.supervalue.co.nz/lines/v-energy-drink-skills-cans-275ml-4-pack",
            "productImageURL": "https://dtgxwmigmg3gc.cloudfront.net/imagery/assets/derivations/icon/512/512/true/eyJpZCI6ImZhMzA2N2NiM2YxMmVkM2ZhZjhhYmM4OGE1YTJhNzczIiwic3RvcmFnZSI6InB1YmxpY19zdG9yZSJ9?signature=34fcde8f5a021036c475a1dfff6748625e0747bb134ec737312b15bbe8e883eb",
            "productDescription": ""
        },
        "priceData": {
            "bestPrice": "8.00",
            "price": "8.00",
            "pricePerLitre": 7.3,
            "bestPricePerLitre": 7.3
        },
        "store": {
            "id": "5e7550f91db5f55ff808d021",
            "name": "Featherston"
        },
        "timestamp": "2021-08-16T18:27:26.106710"
    },
    {
        "productData": {
            "name": "V Blue Energy Drink Bottle 500ml",
            "productId": "v-blue-energy-drink-bottle-500ml",
            "productShopPage": "https://featherston.store.supervalue.co.nz/lines/v-blue-energy-drink-bottle-500ml",
            "productImageURL": "https://dtgxwmigmg3gc.cloudfront.net/imagery/assets/derivations/icon/512/512/true/eyJpZCI6IjgyYWYxYWY4MGI4MzUxODhiYmVhZGVhM2U2NzY0MzI5Iiwic3RvcmFnZSI6InB1YmxpY19zdG9yZSJ9?signature=7e70fc576864a528a1431734d680cbf177a11b419a692dbfd34800c31b8944ec",
            "productDescription": ""
        },
        "priceData": {
            "bestPrice": "2.60",
            "price": "2.60",
            "pricePerLitre": 5.2,
            "bestPricePerLitre": 5.2
        },
        "store": {
            "id": "5e7550f91db5f55ff808d021",
            "name": "Featherston"
        },
        "timestamp": "2021-08-16T18:27:27.830282"
    },
    {
        "productData": {
            "name": "V Raspberry Lemonade Energy Drink 500ml",
            "productId": "v-energy-drink-raspberry-lemonade-500ml-can",
            "productShopPage": "https://featherston.store.supervalue.co.nz/lines/v-energy-drink-raspberry-lemonade-500ml-can",
            "productImageURL": "https://dtgxwmigmg3gc.cloudfront.net/imagery/assets/derivations/icon/512/512/true/eyJpZCI6ImE3N2Y5NzBmY2FhOWZhYmZiOTc3MmYyMzE4MGRiOTcxIiwic3RvcmFnZSI6InB1YmxpY19zdG9yZSJ9?signature=2bb7890fe6d7b0c0c6a522be31c78077be0aa570ca4c8aa5549ccf80761262dc",
            "productDescription": ""
        },
        "priceData": {
            "bestPrice": "3.60",
            "price": "3.60",
            "pricePerLitre": 7.199999999999999,
            "bestPricePerLitre": 7.199999999999999
        },
        "store": {
            "id": "5e7550f91db5f55ff808d021",
            "name": "Featherston"
        },
        "timestamp": "2021-08-16T18:27:29.685041"
    },
    {
        "productData": {
            "name": "V Blue Energy Drink Blue Guarana Can 250ml",
            "productId": "v-blue-energy-drink-blue-guarana-can-250ml",
            "productShopPage": "https://featherston.store.supervalue.co.nz/lines/v-blue-energy-drink-blue-guarana-can-250ml",
            "productImageURL": "https://dtgxwmigmg3gc.cloudfront.net/imagery/assets/derivations/icon/512/512/true/eyJpZCI6IjBmZjQwNDEyZWQ2ZDk4YTg3YWQ2ZDUyMWZlNjM1YzJkIiwic3RvcmFnZSI6InB1YmxpY19zdG9yZSJ9?signature=8f745abe5614ec47b3d7a07f1a34ba529184a87b2a696211ba5a0f9f29c86bf0",
            "productDescription": ""
        },
        "priceData": {
            "bestPrice": "2.50",
            "price": "2.50",
            "pricePerLitre": 10.0,
            "bestPricePerLitre": 10.0
        },
        "store": {
            "id": "5e7550f91db5f55ff808d021",
            "name": "Featherston"
        },
        "timestamp": "2021-08-16T18:27:32.586787"
    },
    {
        "productData": {
            "name": "V Blue Energy Drink Blue Guarana Can 500ml",
            "productId": "v-blue-energy-drink-blue-guarana-can-500ml",
            "productShopPage": "https://featherston.store.supervalue.co.nz/lines/v-blue-energy-drink-blue-guarana-can-500ml",
            "productImageURL": "https://dtgxwmigmg3gc.cloudfront.net/imagery/assets/derivations/icon/512/512/true/eyJpZCI6ImFmYjEyYjVjYTU2YWI5ZDJhMTVmNGY2MDg2NWFlNzgxIiwic3RvcmFnZSI6InB1YmxpY19zdG9yZSJ9?signature=b537a8cc5a2c0f90f1702b2c541db44c3a740a0ec4a96e92ab2d6537f9320e8d",
            "productDescription": ""
        },
        "priceData": {
            "bestPrice": "3.60",
            "price": "3.60",
            "pricePerLitre": 7.199999999999999,
            "bestPricePerLitre": 7.199999999999999
        },
        "store": {
            "id": "5e7550f91db5f55ff808d021",
            "name": "Featherston"
        },
        "timestamp": "2021-08-16T18:27:33.692436"
    },
    {
        "productData": {
            "name": "V Energy Drink Sugar Free Guarana Bottle 350ml",
            "productId": "v-energy-drink-sugar-free-guarana-bottle-350ml",
            "productShopPage": "https://featherston.store.supervalue.co.nz/lines/v-energy-drink-sugar-free-guarana-bottle-350ml",
            "productImageURL": "https://dtgxwmigmg3gc.cloudfront.net/imagery/assets/derivations/icon/512/512/true/eyJpZCI6IjQzYmZlOTg1YzY2ZGQ0ZDI1YzUyZDk3MGJhMmJhMGM3Iiwic3RvcmFnZSI6InB1YmxpY19zdG9yZSJ9?signature=7a4bb3eb2264f52495ae9ba8fbf21b5a3e59e12c0d6208cfa1591261da333f55",
            "productDescription": ""
        },
        "priceData": {
            "bestPrice": "3.69",
            "price": "3.69",
            "pricePerLitre": 10.5,
            "bestPricePerLitre": 10.5
        },
        "store": {
            "id": "5e7550f91db5f55ff808d021",
            "name": "Featherston"
        },
        "timestamp": "2021-08-16T18:27:37.270198"
    },
    {
        "productData": {
            "name": "V Raspberry Lemonade Energy Drink 4x275ml",
            "productId": "v-energy-drink-raspberry-lemonade-4-x-275ml-cans",
            "productShopPage": "https://featherston.store.supervalue.co.nz/lines/v-energy-drink-raspberry-lemonade-4-x-275ml-cans",
            "productImageURL": "https://dtgxwmigmg3gc.cloudfront.net/imagery/assets/derivations/icon/512/512/true/eyJpZCI6IjQ2MzE5NTc1YTNlNDc2YWFlOWFmYzkzYjg5YTIzZmU3Iiwic3RvcmFnZSI6InB1YmxpY19zdG9yZSJ9?signature=9589191fe8e8372f03cc1eafaa844916cfe9f79df0af381c3fcba9ff575f2803",
            "productDescription": ""
        },
        "priceData": {
            "bestPrice": "8.00",
            "price": "8.00",
            "pricePerLitre": 7.3,
            "bestPricePerLitre": 7.3
        },
        "store": {
            "id": "5e7550f91db5f55ff808d021",
            "name": "Featherston"
        },
        "timestamp": "2021-08-16T18:27:38.923617"
    },
    {
        "productData": {
            "name": "V Pure Energy Drink Bottle 330ml",
            "productId": "v-pure-330ml-bottle",
            "productShopPage": "https://featherston.store.supervalue.co.nz/lines/v-pure-330ml-bottle",
            "productImageURL": "https://dtgxwmigmg3gc.cloudfront.net/imagery/assets/derivations/icon/512/512/true/eyJpZCI6ImFjZmFlNGE1MmQ1ZmNhOTVhN2IyNzdhOGQ3ZTBjNTY0Iiwic3RvcmFnZSI6InB1YmxpY19zdG9yZSJ9?signature=ff03797de044ef70d02854192249a79b3cd819353c7171ef7358378e76bfc089",
            "productDescription": ""
        },
        "priceData": {
            "bestPrice": "3.69",
            "price": "3.69",
            "pricePerLitre": 11.200000000000001,
            "bestPricePerLitre": 11.200000000000001
        },
        "store": {
            "id": "5e7550f91db5f55ff808d021",
            "name": "Featherston"
        },
        "timestamp": "2021-08-16T18:27:40.870805"
    },
    {
        "productData": {
            "name": "V Green Energy Drink 355ml 6 Pack",
            "productId": "v-green-energy-drink-355ml-6-pack",
            "productShopPage": "https://featherston.store.supervalue.co.nz/lines/v-green-energy-drink-355ml-6-pack",
            "productImageURL": "https://dtgxwmigmg3gc.cloudfront.net/imagery/assets/derivations/icon/512/512/true/eyJpZCI6ImRiOTAxYjhjNGE3NzQyNTEyYTljM2M5YTI2ZmQ5MTE5Iiwic3RvcmFnZSI6InB1YmxpY19zdG9yZSJ9?signature=12de0554d72324a76472d930a39c587a4837a2f051666f744164725a96b2f104",
            "productDescription": ""
        },
        "priceData": {
            "bestPrice": "12.00",
            "price": "12.00",
            "pricePerLitre": 5.6000000000000005,
            "bestPricePerLitre": 5.6000000000000005
        },
        "store": {
            "id": "5e7550f91db5f55ff808d021",
            "name": "Featherston"
        },
        "timestamp": "2021-08-16T18:27:41.803248"
    },
    {
        "productData": {
            "name": "Monster Super Fuel Zero Sugar 550ml",
            "productId": "monster-super-fuel-zero-sugar-550ml",
            "productShopPage": "https://featherston.store.supervalue.co.nz/lines/monster-super-fuel-zero-sugar-550ml",
            "productImageURL": "https://dtgxwmigmg3gc.cloudfront.net/imagery/assets/derivations/icon/512/512/true/eyJpZCI6IjRkOTE3NzhmODIxNDI1ZDJjNDg3Yjc0M2YyMzEyYmYxIiwic3RvcmFnZSI6InB1YmxpY19zdG9yZSJ9?signature=4b9dbd15c40f85466e597873c567f989183b284947e8c8dc4df58667789214a2",
            "productDescription": ""
        },
        "priceData": {
            "bestPrice": "3.60",
            "price": "3.60",
            "pricePerLitre": 6.5,
            "bestPricePerLitre": 6.5
        },
        "store": {
            "id": "5e7550f91db5f55ff808d021",
            "name": "Featherston"
        },
        "timestamp": "2021-08-16T18:27:45.818757"
    },
    {
        "productData": {
            "name": "Monster Mule Ginger Brew 500ml",
            "productId": "monster-mule-ginger-brew-500ml",
            "productShopPage": "https://featherston.store.supervalue.co.nz/lines/monster-mule-ginger-brew-500ml",
            "productImageURL": "https://dtgxwmigmg3gc.cloudfront.net/imagery/assets/derivations/icon/512/512/true/eyJpZCI6ImM1OTM5MTIyZTRlNmNhNzk0ODFlMDE4ZWVmMWE2Y2ZlIiwic3RvcmFnZSI6InB1YmxpY19zdG9yZSJ9?signature=5d11287f30ef58c148e37382d61c0d83097d5461683a9aa5dd9456941c1f32e5",
            "productDescription": ""
        },
        "priceData": {
            "bestPrice": "2.60",
            "price": "2.60",
            "pricePerLitre": 5.2,
            "bestPricePerLitre": 5.2
        },
        "store": {
            "id": "5e7550f91db5f55ff808d021",
            "name": "Featherston"
        },
        "timestamp": "2021-08-16T18:27:46.823042"
    },
    {
        "productData": {
            "name": "Monster Energy 4x500ml Cans",
            "productId": "monster-energy-4x500ml-cans",
            "productShopPage": "https://featherston.store.supervalue.co.nz/lines/monster-energy-4x500ml-cans",
            "productImageURL": "https://dtgxwmigmg3gc.cloudfront.net/imagery/assets/derivations/icon/512/512/true/eyJpZCI6ImQyNWU2MTgwNzVhMmI4MmZmMGU2YmY0OGRlYmRmNTM4Iiwic3RvcmFnZSI6InB1YmxpY19zdG9yZSJ9?signature=afd9c2e0498b55fa2db714a09690152069344eca7b7dddeeb315405178827c0a",
            "productDescription": ""
        },
        "priceData": {
            "bestPrice": "12.00",
            "price": "12.00"
        },
        "store": {
            "id": "5e7550f91db5f55ff808d021",
            "name": "Featherston"
        },
        "timestamp": "2021-08-16T18:27:48.597868"
    },
    {
        "productData": {
            "name": "Monster Super Fuel Purple Passion 550ml",
            "productId": "monster-super-fuel-purple-passion-550ml",
            "productShopPage": "https://featherston.store.supervalue.co.nz/lines/monster-super-fuel-purple-passion-550ml",
            "productImageURL": "https://dtgxwmigmg3gc.cloudfront.net/imagery/assets/derivations/icon/512/512/true/eyJpZCI6IjNkMTY1OTQwMzgyOTZjZjVlMjNlNjBjMDQ3NTE1YWM0Iiwic3RvcmFnZSI6InB1YmxpY19zdG9yZSJ9?signature=4d4ccd77dab941d955a8037242a41833afdc7251d3bd5b5c4b99705770273998",
            "productDescription": ""
        },
        "priceData": {
            "bestPrice": "3.60",
            "price": "3.60",
            "pricePerLitre": 6.5,
            "bestPricePerLitre": 6.5
        },
        "store": {
            "id": "5e7550f91db5f55ff808d021",
            "name": "Featherston"
        },
        "timestamp": "2021-08-16T18:27:49.537339"
    },
    {
        "productData": {
            "name": "Monster Energy Pipeline Punch 500ml",
            "productId": "monster-energy-pipeline-punch-500ml",
            "productShopPage": "https://featherston.store.supervalue.co.nz/lines/monster-energy-pipeline-punch-500ml",
            "productImageURL": "https://dtgxwmigmg3gc.cloudfront.net/imagery/assets/derivations/icon/512/512/true/eyJpZCI6IjM3ZWY2OTY5OWFlNTJlZTRjNTY1ZmFmYWIwOTIxMjg4Iiwic3RvcmFnZSI6InB1YmxpY19zdG9yZSJ9?signature=79ed6699c35bd716a9d5d9457c39ce62c523edaa4059b6b45d4dcc7caf65cef9",
            "productDescription": ""
        },
        "priceData": {
            "bestPrice": "2.60",
            "price": "2.60",
            "pricePerLitre": 5.2,
            "bestPricePerLitre": 5.2
        },
        "store": {
            "id": "5e7550f91db5f55ff808d021",
            "name": "Featherston"
        },
        "timestamp": "2021-08-16T18:27:50.465825"
    },
    {
        "productData": {
            "name": "Live Plus Energy Drink Citrus Flavour 500ml",
            "productId": "live-plus-persist-500ml",
            "productShopPage": "https://featherston.store.supervalue.co.nz/lines/live-plus-persist-500ml",
            "productImageURL": "https://dtgxwmigmg3gc.cloudfront.net/imagery/assets/derivations/icon/512/512/true/eyJpZCI6IjFlNWQ5YzI4OWM1N2UzNmYzZmI2NThlMDQzZTI3ZjE4Iiwic3RvcmFnZSI6InB1YmxpY19zdG9yZSJ9?signature=756b17fefe47174b90e7dbec8cd09db27f9f59f4994bc750b71256ae93ba9fa8",
            "productDescription": ""
        },
        "priceData": {
            "bestPrice": "2.20",
            "price": "2.20",
            "pricePerLitre": 4.4,
            "bestPricePerLitre": 4.4
        },
        "store": {
            "id": "5e7550f91db5f55ff808d021",
            "name": "Featherston"
        },
        "timestamp": "2021-08-16T18:27:51.740248"
    },
    {
        "productData": {
            "name": "Rockstar Punched Energy Guava 500ml",
            "productId": "rockstar-punched-energy-guava-500ml",
            "productShopPage": "https://featherston.store.supervalue.co.nz/lines/rockstar-punched-energy-guava-500ml",
            "productImageURL": "https://dtgxwmigmg3gc.cloudfront.net/imagery/assets/derivations/icon/512/512/true/eyJpZCI6IjBmNGEyNjU2MGQwM2Y4OGI4MWE3ZTMyODUzYTRlN2QyIiwic3RvcmFnZSI6InB1YmxpY19zdG9yZSJ9?signature=fab45ac774e74d87cf7a79de075f47290676fd6d4afcf212198c745670d5ce29",
            "productDescription": ""
        },
        "priceData": {
            "bestPrice": "2.20",
            "price": "2.20",
            "pricePerLitre": 4.4,
            "bestPricePerLitre": 4.4
        },
        "store": {
            "id": "5e7550f91db5f55ff808d021",
            "name": "Featherston"
        },
        "timestamp": "2021-08-16T18:27:59.720622"
    },
    {
        "productData": {
            "name": "Mother Kicked Apple 500ml",
            "productId": "mother-kicked-apple-500ml",
            "productShopPage": "https://palomino.store.supervalue.co.nz/lines/mother-kicked-apple-500ml",
            "productImageURL": "https://dtgxwmigmg3gc.cloudfront.net/imagery/assets/derivations/icon/512/512/true/eyJpZCI6IjNhZTlkYjkwYTM4MDFjMGEwYjUwYThhMDAwYjkyZjM0Iiwic3RvcmFnZSI6InB1YmxpY19zdG9yZSJ9?signature=c1a1db0a5d7b074c388cf08560fd44a4a2b6127821554198e54eeea8474325f6",
            "productDescription": ""
        },
        "priceData": {
            "bestPrice": "2.20",
            "price": "2.20",
            "pricePerLitre": 4.4,
            "bestPricePerLitre": 4.4
        },
        "store": {
            "id": "5e9e498dd7477672ed001b6a",
            "name": "Palomino"
        },
        "timestamp": "2021-08-16T18:28:03.582192"
    },
    {
        "productData": {
            "name": "Monster Energy Ultra Paradise 500ml",
            "productId": "monster-energy-drink-ultra-paradise-500ml",
            "productShopPage": "https://palomino.store.supervalue.co.nz/lines/monster-energy-drink-ultra-paradise-500ml",
            "productImageURL": "https://dtgxwmigmg3gc.cloudfront.net/imagery/assets/derivations/icon/512/512/true/eyJpZCI6ImZiZDRkZTQxNzA0M2FiYTUyMjMwZWI0NTcyZGNmYTE1Iiwic3RvcmFnZSI6InB1YmxpY19zdG9yZSJ9?signature=8a439bf26b71114289dfea1720ed331b1e4784c534deade29db8ac38b1cc7c1a",
            "productDescription": ""
        },
        "priceData": {
            "bestPrice": "2.60",
            "price": "2.60",
            "pricePerLitre": 5.2,
            "bestPricePerLitre": 5.2
        },
        "store": {
            "id": "5e9e498dd7477672ed001b6a",
            "name": "Palomino"
        },
        "timestamp": "2021-08-16T18:28:40.737747"
    },
    {
        "productData": {
            "name": "Monster Energy Ultra Sunrise 500ml",
            "productId": "monster-energy-ultra-sunrise-500ml",
            "productShopPage": "https://palomino.store.supervalue.co.nz/lines/monster-energy-ultra-sunrise-500ml",
            "productImageURL": "https://dtgxwmigmg3gc.cloudfront.net/imagery/assets/derivations/icon/512/512/true/eyJpZCI6ImFlNTVkY2RiZTZiZjg3OGZjZTdlOTU1OTFhMDE4YTdiIiwic3RvcmFnZSI6InB1YmxpY19zdG9yZSJ9?signature=b98350feca08b6ab128cc925fef23a58f65a36f94ede15cb2174f6f88a0f8a0f",
            "productDescription": ""
        },
        "priceData": {
            "bestPrice": "2.60",
            "price": "2.60",
            "pricePerLitre": 5.2,
            "bestPricePerLitre": 5.2
        },
        "store": {
            "id": "5e9e498dd7477672ed001b6a",
            "name": "Palomino"
        },
        "timestamp": "2021-08-16T18:28:42.082078"
    },
    {
        "productData": {
            "name": "Monster Energy Ultra Zero 500ml",
            "productId": "monster-energy-ultra-zero-500ml",
            "productShopPage": "https://palomino.store.supervalue.co.nz/lines/monster-energy-ultra-zero-500ml",
            "productImageURL": "https://dtgxwmigmg3gc.cloudfront.net/imagery/assets/derivations/icon/512/512/true/eyJpZCI6IjdhN2FhYTUwZWU2NTYwYjBiNGY1NThhMTgwNmVlODI3Iiwic3RvcmFnZSI6InB1YmxpY19zdG9yZSJ9?signature=7907c49ba7d043175a426f84a71776de7dd51fa5c249237063aca9cb098abdbe",
            "productDescription": ""
        },
        "priceData": {
            "bestPrice": "2.60",
            "price": "2.60",
            "pricePerLitre": 5.2,
            "bestPricePerLitre": 5.2
        },
        "store": {
            "id": "5e9e498dd7477672ed001b6a",
            "name": "Palomino"
        },
        "timestamp": "2021-08-16T18:28:43.256310"
    },
    {
        "productData": {
            "name": "Monster Energy Drink Ultra Rosa 500ml",
            "productId": "monster-energy-drink-ultra-rosa-500ml",
            "productShopPage": "https://palomino.store.supervalue.co.nz/lines/monster-energy-drink-ultra-rosa-500ml",
            "productImageURL": "https://dtgxwmigmg3gc.cloudfront.net/imagery/assets/derivations/icon/512/512/true/eyJpZCI6IjZjYzFjMzcwYzM4Mzk4N2MyOTUzNWIyMTFjZTJlYjgxIiwic3RvcmFnZSI6InB1YmxpY19zdG9yZSJ9?signature=9cd08284785f9b24647ecc7d1dc08214d9d00318cc809bebdef1921d6b78bb95",
            "productDescription": ""
        },
        "priceData": {
            "bestPrice": "2.60",
            "price": "2.60",
            "pricePerLitre": 5.2,
            "bestPricePerLitre": 5.2
        },
        "store": {
            "id": "5e9e498dd7477672ed001b6a",
            "name": "Palomino"
        },
        "timestamp": "2021-08-16T18:28:45.311873"
    },
    {
        "productData": {
            "name": "Monster Punch Energy 500ml",
            "productId": "monster-punch-500ml",
            "productShopPage": "https://palomino.store.supervalue.co.nz/lines/monster-punch-500ml",
            "productImageURL": "https://dtgxwmigmg3gc.cloudfront.net/assets/no_image-21813bc676a9e5e7c2dbd68df66f808795e994337aaf3f7ad77df8ef0450efa7.png",
            "productDescription": ""
        },
        "priceData": {
            "bestPrice": "3.00",
            "price": "3.00",
            "pricePerLitre": 6.0,
            "bestPricePerLitre": 6.0
        },
        "store": {
            "id": "5e9e498dd7477672ed001b6a",
            "name": "Palomino"
        },
        "timestamp": "2021-08-16T18:28:47.082042"
    },
    {
        "productData": {
            "name": "Mother Energy Drink Berry 500ml",
            "productId": "mother-energy-drink-berry-500ml",
            "productShopPage": "https://palomino.store.supervalue.co.nz/lines/mother-energy-drink-berry-500ml",
            "productImageURL": "https://dtgxwmigmg3gc.cloudfront.net/imagery/assets/derivations/icon/512/512/true/eyJpZCI6ImRhYTJlNjUzNzRjZjViNjI0ZDljNzUzNDA3YmE0ZDFkIiwic3RvcmFnZSI6InB1YmxpY19zdG9yZSJ9?signature=d9ffb465d71d599811c2ff7a788845bfe297eb3624ad7866a89cf0b3ece073f0",
            "productDescription": ""
        },
        "priceData": {
            "bestPrice": "2.20",
            "price": "2.20",
            "pricePerLitre": 4.4,
            "bestPricePerLitre": 4.4
        },
        "store": {
            "id": "5e9e498dd7477672ed001b6a",
            "name": "Palomino"
        },
        "timestamp": "2021-08-16T18:28:48.045218"
    },
    {
        "productData": {
            "name": "Mother Energy Drink Black 500ml",
            "productId": "mother-energy-drink-black-500ml",
            "productShopPage": "https://palomino.store.supervalue.co.nz/lines/mother-energy-drink-black-500ml",
            "productImageURL": "https://dtgxwmigmg3gc.cloudfront.net/imagery/assets/derivations/icon/512/512/true/eyJpZCI6ImYyMzA5MjhkYjg3ODFhYmYzZDU3ZjE1YjNmYzU2MWFjIiwic3RvcmFnZSI6InB1YmxpY19zdG9yZSJ9?signature=d3dbddb83d3d457075cd5d8936bef0c5b48fce4fa3fe725995d8b6d57219ceb5",
            "productDescription": ""
        },
        "priceData": {
            "bestPrice": "2.20",
            "price": "2.20",
            "pricePerLitre": 4.4,
            "bestPricePerLitre": 4.4
        },
        "store": {
            "id": "5e9e498dd7477672ed001b6a",
            "name": "Palomino"
        },
        "timestamp": "2021-08-16T18:28:48.939547"
    },
    {
        "productData": {
            "name": "Mother Energy Drink Passion 500ml",
            "productId": "mother-energy-drink-passion-500ml",
            "productShopPage": "https://palomino.store.supervalue.co.nz/lines/mother-energy-drink-passion-500ml",
            "productImageURL": "https://dtgxwmigmg3gc.cloudfront.net/imagery/assets/derivations/icon/512/512/true/eyJpZCI6ImQwODE2YTc4ZjBmNGU4NTU5Mzg1YjkxZmI5YjIzZjM0Iiwic3RvcmFnZSI6InB1YmxpY19zdG9yZSJ9?signature=713c495fef96a6427b917f0c7c7e855a963749ac5c1bf7dfd71e24ae08ea3123",
            "productDescription": ""
        },
        "priceData": {
            "bestPrice": "2.20",
            "price": "2.20",
            "pricePerLitre": 4.4,
            "bestPricePerLitre": 4.4
        },
        "store": {
            "id": "5e9e498dd7477672ed001b6a",
            "name": "Palomino"
        },
        "timestamp": "2021-08-16T18:28:50.697440"
    },
    {
        "productData": {
            "name": "Mother Tropical Blast 500ml",
            "productId": "mother-tropical-blast-500ml",
            "productShopPage": "https://palomino.store.supervalue.co.nz/lines/mother-tropical-blast-500ml",
            "productImageURL": "https://dtgxwmigmg3gc.cloudfront.net/imagery/assets/derivations/icon/512/512/true/eyJpZCI6ImEyZmM1OTUwNDhlODM5YTRhMjQ2MTI1OGEyYzNlZWZhIiwic3RvcmFnZSI6InB1YmxpY19zdG9yZSJ9?signature=6c9470ee4067e8ec32b58eeac9d628404d3986058a9b1cdef46014d1bee50944",
            "productDescription": ""
        },
        "priceData": {
            "bestPrice": "2.20",
            "price": "2.20",
            "pricePerLitre": 4.4,
            "bestPricePerLitre": 4.4
        },
        "store": {
            "id": "5e9e498dd7477672ed001b6a",
            "name": "Palomino"
        },
        "timestamp": "2021-08-16T18:28:51.588683"
    },
    {
        "productData": {
            "name": "Mother Epic Swell Energy Drink Twisted Apple 500ml",
            "productId": "mother-epic-swell-energy-drink-twisted-apple-500ml",
            "productShopPage": "https://palomino.store.supervalue.co.nz/lines/mother-epic-swell-energy-drink-twisted-apple-500ml",
            "productImageURL": "https://dtgxwmigmg3gc.cloudfront.net/imagery/assets/derivations/icon/512/512/true/eyJpZCI6ImE2ZjYxOGNhNjUyYzMxNzRhNjg2MDBhMGVjZmQ3MmJkIiwic3RvcmFnZSI6InB1YmxpY19zdG9yZSJ9?signature=954f74f8aba0fb24cb2a5248b1e93fe8a62fb8c7f902abbb08b7aed24bc44c80",
            "productDescription": ""
        },
        "priceData": {
            "bestPrice": "2.20",
            "price": "2.20",
            "pricePerLitre": 4.4,
            "bestPricePerLitre": 4.4
        },
        "store": {
            "id": "5e9e498dd7477672ed001b6a",
            "name": "Palomino"
        },
        "timestamp": "2021-08-16T18:28:53.623100"
    },
    {
        "productData": {
            "name": "V Energy Drink 710ml Can",
            "productId": "v-energy-drink-710ml-can",
            "productShopPage": "https://palomino.store.supervalue.co.nz/lines/v-energy-drink-710ml-can",
            "productImageURL": "https://dtgxwmigmg3gc.cloudfront.net/imagery/assets/derivations/icon/512/512/true/eyJpZCI6ImU1Mjg5NDIyNDI0MzhlNGM0N2IxY2FmMmExOWQ0OGI0Iiwic3RvcmFnZSI6InB1YmxpY19zdG9yZSJ9?signature=875386458f8ad66eb59967a1ca6ad24a19d1592f97a894e439af7d9be1852340",
            "productDescription": ""
        },
        "priceData": {
            "bestPrice": "3.30",
            "price": "3.30",
            "pricePerLitre": 4.6000000000000005,
            "bestPricePerLitre": 4.6000000000000005
        },
        "store": {
            "id": "5e9e498dd7477672ed001b6a",
            "name": "Palomino"
        },
        "timestamp": "2021-08-16T18:28:55.340894"
    },
    {
        "productData": {
            "name": "V Energy Drink Guarana 500ml",
            "productId": "v-energy-drink-guarana-500ml",
            "productShopPage": "https://palomino.store.supervalue.co.nz/lines/v-energy-drink-guarana-500ml",
            "productImageURL": "https://dtgxwmigmg3gc.cloudfront.net/imagery/assets/derivations/icon/512/512/true/eyJpZCI6IjgzZDAxMjhiMzg4NmEwZmE4YTE2ZjY2NWIzNmM2NzI2Iiwic3RvcmFnZSI6InB1YmxpY19zdG9yZSJ9?signature=f55ecc561066291a4e74a967db35ea2355f881bd1708bf400fd790032384ae4f",
            "productDescription": ""
        },
        "priceData": {
            "bestPrice": "2.60",
            "price": "2.60",
            "pricePerLitre": 5.2,
            "bestPricePerLitre": 5.2
        },
        "store": {
            "id": "5e9e498dd7477672ed001b6a",
            "name": "Palomino"
        },
        "timestamp": "2021-08-16T18:28:56.247668"
    },
    {
        "productData": {
            "name": "V Energy Drink Sugarfree 500ml",
            "productId": "v-energy-drink-sugarfree-500ml",
            "productShopPage": "https://palomino.store.supervalue.co.nz/lines/v-energy-drink-sugarfree-500ml",
            "productImageURL": "https://dtgxwmigmg3gc.cloudfront.net/imagery/assets/derivations/icon/512/512/true/eyJpZCI6ImVkZTAxNTNmMDI1NmU1NDZjNWQ5MTc3MjE3ZTQ3YTQ0Iiwic3RvcmFnZSI6InB1YmxpY19zdG9yZSJ9?signature=abcf72d9faa9ee3044eaa3b7ee0bf9b4fd8f582379018d8727f2234b7d3f3c85",
            "productDescription": ""
        },
        "priceData": {
            "bestPrice": "2.60",
            "price": "2.60",
            "pricePerLitre": 5.2,
            "bestPricePerLitre": 5.2
        },
        "store": {
            "id": "5e9e498dd7477672ed001b6a",
            "name": "Palomino"
        },
        "timestamp": "2021-08-16T18:28:57.107434"
    },
    {
        "productData": {
            "name": "V Energy Drink Sugar Free Guarana 250ml",
            "productId": "v-energy-drink-sugar-free-guarana-250ml",
            "productShopPage": "https://palomino.store.supervalue.co.nz/lines/v-energy-drink-sugar-free-guarana-250ml",
            "productImageURL": "https://dtgxwmigmg3gc.cloudfront.net/imagery/assets/derivations/icon/512/512/true/eyJpZCI6ImZiNzM1NmU4NTMyZDllODlkZTljZmNlOGY2MzQ5NGQwIiwic3RvcmFnZSI6InB1YmxpY19zdG9yZSJ9?signature=72b0ce0a48ca796717c115fe5e8b4564501470f63bf80ae865d26e9d131a2b8c",
            "productDescription": ""
        },
        "priceData": {
            "bestPrice": "2.50",
            "price": "2.50",
            "pricePerLitre": 10.0,
            "bestPricePerLitre": 10.0
        },
        "store": {
            "id": "5e9e498dd7477672ed001b6a",
            "name": "Palomino"
        },
        "timestamp": "2021-08-16T18:28:58.005188"
    },
    {
        "productData": {
            "name": "V Energy Drink Blue Guarana Spritzed 350ml",
            "productId": "v-blue-energy-drink-blue-guarana-spritzed-350ml",
            "productShopPage": "https://palomino.store.supervalue.co.nz/lines/v-blue-energy-drink-blue-guarana-spritzed-350ml",
            "productImageURL": "https://dtgxwmigmg3gc.cloudfront.net/imagery/assets/derivations/icon/512/512/true/eyJpZCI6ImY2OTRlZGI4NjdlNWMzZDM5NzgzMDQ0ODFkMzUxZGZiIiwic3RvcmFnZSI6InB1YmxpY19zdG9yZSJ9?signature=591b3079cb9c2407a29b3bc348eaf42dc1d34daba5c9d7aba65be654725b6719",
            "productDescription": ""
        },
        "priceData": {
            "bestPrice": "3.99",
            "price": "3.99",
            "pricePerLitre": 11.399999999999999,
            "bestPricePerLitre": 11.399999999999999
        },
        "store": {
            "id": "5e9e498dd7477672ed001b6a",
            "name": "Palomino"
        },
        "timestamp": "2021-08-16T18:28:59.616474"
    },
    {
        "productData": {
            "name": "V Energy Drink Green Guarana 350ml",
            "productId": "v-energy-drink-green-guarana-350ml",
            "productShopPage": "https://palomino.store.supervalue.co.nz/lines/v-energy-drink-green-guarana-350ml",
            "productImageURL": "https://dtgxwmigmg3gc.cloudfront.net/imagery/assets/derivations/icon/512/512/true/eyJpZCI6IjRiNjY4ZjYxOTQ2ODYyN2MzM2NiZWMyNGUyNmIyODk4Iiwic3RvcmFnZSI6InB1YmxpY19zdG9yZSJ9?signature=4cded9cb42349eef45a593461f311b1bb7fa881295733879671ad9fe9887d30c",
            "productDescription": ""
        },
        "priceData": {
            "bestPrice": "3.99",
            "price": "3.99",
            "pricePerLitre": 11.399999999999999,
            "bestPricePerLitre": 11.399999999999999
        },
        "store": {
            "id": "5e9e498dd7477672ed001b6a",
            "name": "Palomino"
        },
        "timestamp": "2021-08-16T18:29:00.685677"
    },
    {
        "productData": {
            "name": "V Energy Drink Guarana Can 250ml",
            "productId": "v-energy-drink-guarana-can-250ml",
            "productShopPage": "https://palomino.store.supervalue.co.nz/lines/v-energy-drink-guarana-can-250ml",
            "productImageURL": "https://dtgxwmigmg3gc.cloudfront.net/imagery/assets/derivations/icon/512/512/true/eyJpZCI6Ijc3Nzk1NjE2ZDhhNmFiMThhYzEzODYzOTg2ZmNkNzgwIiwic3RvcmFnZSI6InB1YmxpY19zdG9yZSJ9?signature=f5de1854d43e19cc62bff86893d4a55615cd916f8425a4dccd170b52eba81255",
            "productDescription": ""
        },
        "priceData": {
            "bestPrice": "2.50",
            "price": "2.50",
            "pricePerLitre": 10.0,
            "bestPricePerLitre": 10.0
        },
        "store": {
            "id": "5e9e498dd7477672ed001b6a",
            "name": "Palomino"
        },
        "timestamp": "2021-08-16T18:29:01.718695"
    },
    {
        "productData": {
            "name": "V Energy Drink Guarana Can 500ml",
            "productId": "v-energy-drink-guarana-can-500ml",
            "productShopPage": "https://palomino.store.supervalue.co.nz/lines/v-energy-drink-guarana-can-500ml",
            "productImageURL": "https://dtgxwmigmg3gc.cloudfront.net/imagery/assets/derivations/icon/512/512/true/eyJpZCI6ImI0NjgzNGZjNDRkMjU0MjgzYzJjZGNhMzA2NWIxYjA5Iiwic3RvcmFnZSI6InB1YmxpY19zdG9yZSJ9?signature=265e8273409849423466e7623cbbdf8352940707b8830803eec391e8f32c9c5f",
            "productDescription": ""
        },
        "priceData": {
            "bestPrice": "3.60",
            "price": "3.60",
            "pricePerLitre": 7.199999999999999,
            "bestPricePerLitre": 7.199999999999999
        },
        "store": {
            "id": "5e9e498dd7477672ed001b6a",
            "name": "Palomino"
        },
        "timestamp": "2021-08-16T18:29:02.678184"
    },
    {
        "productData": {
            "name": "V Energy Drink Raspberry Lemonade 350ml",
            "productId": "v-energy-drink-raspberry-lemonade-350ml",
            "productShopPage": "https://palomino.store.supervalue.co.nz/lines/v-energy-drink-raspberry-lemonade-350ml",
            "productImageURL": "https://dtgxwmigmg3gc.cloudfront.net/imagery/assets/derivations/icon/512/512/true/eyJpZCI6IjliNWMwMGJkN2IxYWRhY2UxNzU5NzY1ZTI4MjUzZDgyIiwic3RvcmFnZSI6InB1YmxpY19zdG9yZSJ9?signature=1813e587f3636e394a15aa9e19234f9343024a6880220b0dda0a5d69b1f1c010",
            "productDescription": ""
        },
        "priceData": {
            "bestPrice": "3.99",
            "price": "3.99",
            "pricePerLitre": 11.399999999999999,
            "bestPricePerLitre": 11.399999999999999
        },
        "store": {
            "id": "5e9e498dd7477672ed001b6a",
            "name": "Palomino"
        },
        "timestamp": "2021-08-16T18:29:04.633373"
    },
    {
        "productData": {
            "name": "V Energy Drink Sugar Free Guarana 500ml",
            "productId": "v-energy-drink-sugar-free-guarana-500ml",
            "productShopPage": "https://palomino.store.supervalue.co.nz/lines/v-energy-drink-sugar-free-guarana-500ml",
            "productImageURL": "https://dtgxwmigmg3gc.cloudfront.net/imagery/assets/derivations/icon/512/512/true/eyJpZCI6Ijg4MGExMDYxOTY4NTJiYzM1ZTExMmU2MGE2OWYxNDE3Iiwic3RvcmFnZSI6InB1YmxpY19zdG9yZSJ9?signature=b0536d25b9da8158705e24c88e21fabbf85c1dabc19f18108c386e956ffd7045",
            "productDescription": ""
        },
        "priceData": {
            "bestPrice": "3.60",
            "price": "3.60",
            "pricePerLitre": 7.199999999999999,
            "bestPricePerLitre": 7.199999999999999
        },
        "store": {
            "id": "5e9e498dd7477672ed001b6a",
            "name": "Palomino"
        },
        "timestamp": "2021-08-16T18:29:05.683647"
    },
    {
        "productData": {
            "name": "V Blue Energy Drink Bottle 500ml",
            "productId": "v-blue-energy-drink-bottle-500ml",
            "productShopPage": "https://palomino.store.supervalue.co.nz/lines/v-blue-energy-drink-bottle-500ml",
            "productImageURL": "https://dtgxwmigmg3gc.cloudfront.net/imagery/assets/derivations/icon/512/512/true/eyJpZCI6IjgyYWYxYWY4MGI4MzUxODhiYmVhZGVhM2U2NzY0MzI5Iiwic3RvcmFnZSI6InB1YmxpY19zdG9yZSJ9?signature=7e70fc576864a528a1431734d680cbf177a11b419a692dbfd34800c31b8944ec",
            "productDescription": ""
        },
        "priceData": {
            "bestPrice": "2.60",
            "price": "2.60",
            "pricePerLitre": 5.2,
            "bestPricePerLitre": 5.2
        },
        "store": {
            "id": "5e9e498dd7477672ed001b6a",
            "name": "Palomino"
        },
        "timestamp": "2021-08-16T18:29:08.390864"
    },
    {
        "productData": {
            "name": "V Raspberry Lemonade Energy Drink 500ml",
            "productId": "v-energy-drink-raspberry-lemonade-500ml-can",
            "productShopPage": "https://palomino.store.supervalue.co.nz/lines/v-energy-drink-raspberry-lemonade-500ml-can",
            "productImageURL": "https://dtgxwmigmg3gc.cloudfront.net/imagery/assets/derivations/icon/512/512/true/eyJpZCI6ImE3N2Y5NzBmY2FhOWZhYmZiOTc3MmYyMzE4MGRiOTcxIiwic3RvcmFnZSI6InB1YmxpY19zdG9yZSJ9?signature=2bb7890fe6d7b0c0c6a522be31c78077be0aa570ca4c8aa5549ccf80761262dc",
            "productDescription": ""
        },
        "priceData": {
            "bestPrice": "3.60",
            "price": "3.60",
            "pricePerLitre": 7.199999999999999,
            "bestPricePerLitre": 7.199999999999999
        },
        "store": {
            "id": "5e9e498dd7477672ed001b6a",
            "name": "Palomino"
        },
        "timestamp": "2021-08-16T18:29:10.248325"
    },
    {
        "productData": {
            "name": "V Sugarfree Energy Drink Berry Twist 350ml",
            "productId": "v-sugarfree-energy-drink-berry-twist-350ml",
            "productShopPage": "https://palomino.store.supervalue.co.nz/lines/v-sugarfree-energy-drink-berry-twist-350ml",
            "productImageURL": "https://dtgxwmigmg3gc.cloudfront.net/imagery/assets/derivations/icon/512/512/true/eyJpZCI6IjMxY2RlOWU3MTE1YTA4ZGRhYzFiODM0NjQ4NDFmOTM5Iiwic3RvcmFnZSI6InB1YmxpY19zdG9yZSJ9?signature=055982afa93dd6614e2f3de353af4c76a52ab79cac4e2b4660a75933fb1bc9a4",
            "productDescription": ""
        },
        "priceData": {
            "bestPrice": "3.99",
            "price": "3.99",
            "pricePerLitre": 11.399999999999999,
            "bestPricePerLitre": 11.399999999999999
        },
        "store": {
            "id": "5e9e498dd7477672ed001b6a",
            "name": "Palomino"
        },
        "timestamp": "2021-08-16T18:29:11.128083"
    },
    {
        "productData": {
            "name": "V Blue Energy Drink Blue Guarana Can 250ml",
            "productId": "v-blue-energy-drink-blue-guarana-can-250ml",
            "productShopPage": "https://palomino.store.supervalue.co.nz/lines/v-blue-energy-drink-blue-guarana-can-250ml",
            "productImageURL": "https://dtgxwmigmg3gc.cloudfront.net/imagery/assets/derivations/icon/512/512/true/eyJpZCI6IjBmZjQwNDEyZWQ2ZDk4YTg3YWQ2ZDUyMWZlNjM1YzJkIiwic3RvcmFnZSI6InB1YmxpY19zdG9yZSJ9?signature=8f745abe5614ec47b3d7a07f1a34ba529184a87b2a696211ba5a0f9f29c86bf0",
            "productDescription": ""
        },
        "priceData": {
            "bestPrice": "2.50",
            "price": "2.50",
            "pricePerLitre": 10.0,
            "bestPricePerLitre": 10.0
        },
        "store": {
            "id": "5e9e498dd7477672ed001b6a",
            "name": "Palomino"
        },
        "timestamp": "2021-08-16T18:29:12.977873"
    },
    {
        "productData": {
            "name": "V Blue Energy Drink Blue Guarana Can 500ml",
            "productId": "v-blue-energy-drink-blue-guarana-can-500ml",
            "productShopPage": "https://palomino.store.supervalue.co.nz/lines/v-blue-energy-drink-blue-guarana-can-500ml",
            "productImageURL": "https://dtgxwmigmg3gc.cloudfront.net/imagery/assets/derivations/icon/512/512/true/eyJpZCI6ImFmYjEyYjVjYTU2YWI5ZDJhMTVmNGY2MDg2NWFlNzgxIiwic3RvcmFnZSI6InB1YmxpY19zdG9yZSJ9?signature=b537a8cc5a2c0f90f1702b2c541db44c3a740a0ec4a96e92ab2d6537f9320e8d",
            "productDescription": ""
        },
        "priceData": {
            "bestPrice": "3.60",
            "price": "3.60",
            "pricePerLitre": 7.199999999999999,
            "bestPricePerLitre": 7.199999999999999
        },
        "store": {
            "id": "5e9e498dd7477672ed001b6a",
            "name": "Palomino"
        },
        "timestamp": "2021-08-16T18:29:13.899656"
    },
    {
        "productData": {
            "name": "V Iced Coffee Guarana Energy 500ml",
            "productId": "v-iced-coffee-guarana-energy-500ml",
            "productShopPage": "https://palomino.store.supervalue.co.nz/lines/v-iced-coffee-guarana-energy-500ml",
            "productImageURL": "https://dtgxwmigmg3gc.cloudfront.net/imagery/assets/derivations/icon/512/512/true/eyJpZCI6ImM0Zjc4YjRmYWVjMjk0NTJkZTNkYzZjNmY5MzBlMjU2Iiwic3RvcmFnZSI6InB1YmxpY19zdG9yZSJ9?signature=14312b2813aab9c1ad551700ec97cd58a3a7f95bef4d0bd7ae7aa2dcf8fcdc9d",
            "productDescription": ""
        },
        "priceData": {
            "bestPrice": "4.19",
            "price": "4.19"
        },
        "store": {
            "id": "5e9e498dd7477672ed001b6a",
            "name": "Palomino"
        },
        "timestamp": "2021-08-16T18:29:14.820576"
    },
    {
        "productData": {
            "name": "V Energy Drink Sugar Free Guarana Bottle 350ml",
            "productId": "v-energy-drink-sugar-free-guarana-bottle-350ml",
            "productShopPage": "https://palomino.store.supervalue.co.nz/lines/v-energy-drink-sugar-free-guarana-bottle-350ml",
            "productImageURL": "https://dtgxwmigmg3gc.cloudfront.net/imagery/assets/derivations/icon/512/512/true/eyJpZCI6IjQzYmZlOTg1YzY2ZGQ0ZDI1YzUyZDk3MGJhMmJhMGM3Iiwic3RvcmFnZSI6InB1YmxpY19zdG9yZSJ9?signature=7a4bb3eb2264f52495ae9ba8fbf21b5a3e59e12c0d6208cfa1591261da333f55",
            "productDescription": ""
        },
        "priceData": {
            "bestPrice": "3.99",
            "price": "3.99",
            "pricePerLitre": 11.399999999999999,
            "bestPricePerLitre": 11.399999999999999
        },
        "store": {
            "id": "5e9e498dd7477672ed001b6a",
            "name": "Palomino"
        },
        "timestamp": "2021-08-16T18:29:17.679699"
    },
    {
        "productData": {
            "name": "V Iced Chocolate Guarana Energy 500ml",
            "productId": "v-iced-chocolate-guarana-energy-500ml",
            "productShopPage": "https://palomino.store.supervalue.co.nz/lines/v-iced-chocolate-guarana-energy-500ml",
            "productImageURL": "https://dtgxwmigmg3gc.cloudfront.net/imagery/assets/derivations/icon/512/512/true/eyJpZCI6ImJhNzg2NDUyYzVlMGRiOTNhMGM3NjY1ZWIyNzIzNzBlIiwic3RvcmFnZSI6InB1YmxpY19zdG9yZSJ9?signature=86bcf9f7a4dbdc8f99c44e8c3a30ce7ca86025bce78792c31ce0fbc589f7f311",
            "productDescription": ""
        },
        "priceData": {
            "bestPrice": "4.19",
            "price": "4.19"
        },
        "store": {
            "id": "5e9e498dd7477672ed001b6a",
            "name": "Palomino"
        },
        "timestamp": "2021-08-16T18:29:20.425254"
    },
    {
        "productData": {
            "name": "V Pure Energy Drink Bottle 330ml",
            "productId": "v-pure-330ml-bottle",
            "productShopPage": "https://palomino.store.supervalue.co.nz/lines/v-pure-330ml-bottle",
            "productImageURL": "https://dtgxwmigmg3gc.cloudfront.net/imagery/assets/derivations/icon/512/512/true/eyJpZCI6ImFjZmFlNGE1MmQ1ZmNhOTVhN2IyNzdhOGQ3ZTBjNTY0Iiwic3RvcmFnZSI6InB1YmxpY19zdG9yZSJ9?signature=ff03797de044ef70d02854192249a79b3cd819353c7171ef7358378e76bfc089",
            "productDescription": ""
        },
        "priceData": {
            "bestPrice": "3.99",
            "price": "3.99",
            "pricePerLitre": 12.1,
            "bestPricePerLitre": 12.1
        },
        "store": {
            "id": "5e9e498dd7477672ed001b6a",
            "name": "Palomino"
        },
        "timestamp": "2021-08-16T18:29:21.549996"
    },
    {
        "productData": {
            "name": "Monster Mule Ginger Brew 500ml",
            "productId": "monster-mule-ginger-brew-500ml",
            "productShopPage": "https://palomino.store.supervalue.co.nz/lines/monster-mule-ginger-brew-500ml",
            "productImageURL": "https://dtgxwmigmg3gc.cloudfront.net/imagery/assets/derivations/icon/512/512/true/eyJpZCI6ImM1OTM5MTIyZTRlNmNhNzk0ODFlMDE4ZWVmMWE2Y2ZlIiwic3RvcmFnZSI6InB1YmxpY19zdG9yZSJ9?signature=5d11287f30ef58c148e37382d61c0d83097d5461683a9aa5dd9456941c1f32e5",
            "productDescription": ""
        },
        "priceData": {
            "bestPrice": "2.60",
            "price": "2.60",
            "pricePerLitre": 5.2,
            "bestPricePerLitre": 5.2
        },
        "store": {
            "id": "5e9e498dd7477672ed001b6a",
            "name": "Palomino"
        },
        "timestamp": "2021-08-16T18:29:27.384487"
    },
    {
        "productData": {
            "name": "Live Plus Energy Drink Citrus Flavour 500ml",
            "productId": "live-plus-persist-500ml",
            "productShopPage": "https://palomino.store.supervalue.co.nz/lines/live-plus-persist-500ml",
            "productImageURL": "https://dtgxwmigmg3gc.cloudfront.net/imagery/assets/derivations/icon/512/512/true/eyJpZCI6IjFlNWQ5YzI4OWM1N2UzNmYzZmI2NThlMDQzZTI3ZjE4Iiwic3RvcmFnZSI6InB1YmxpY19zdG9yZSJ9?signature=756b17fefe47174b90e7dbec8cd09db27f9f59f4994bc750b71256ae93ba9fa8",
            "productDescription": ""
        },
        "priceData": {
            "bestPrice": "2.20",
            "price": "2.20",
            "pricePerLitre": 4.4,
            "bestPricePerLitre": 4.4
        },
        "store": {
            "id": "5e9e498dd7477672ed001b6a",
            "name": "Palomino"
        },
        "timestamp": "2021-08-16T18:29:31.760244"
    },
    {
        "productData": {
            "name": "Live Plus Energy Drink Original Citrus Flavour 355ml",
            "productId": "live-plus-persist-glass-355ml",
            "productShopPage": "https://palomino.store.supervalue.co.nz/lines/live-plus-persist-glass-355ml",
            "productImageURL": "https://dtgxwmigmg3gc.cloudfront.net/imagery/assets/derivations/icon/512/512/true/eyJpZCI6ImYzMjZlMTdmMmI5ZGRjZGYzYmFmNzNiMWQzN2Y5NDI4Iiwic3RvcmFnZSI6InB1YmxpY19zdG9yZSJ9?signature=8fa31eb2b309e9c7a293ba2e7a7541e3cdc686b1d3f519044aa97c666ae5f630",
            "productDescription": ""
        },
        "priceData": {
            "bestPrice": "2.10",
            "price": "2.10",
            "pricePerLitre": 5.8999999999999995,
            "bestPricePerLitre": 5.8999999999999995
        },
        "store": {
            "id": "5e9e498dd7477672ed001b6a",
            "name": "Palomino"
        },
        "timestamp": "2021-08-16T18:29:35.388763"
    },
    {
        "productData": {
            "name": "Rockstar Original Energy Drink 500ml",
            "productId": "rockstar-original-energy-drink-500ml",
            "productShopPage": "https://palomino.store.supervalue.co.nz/lines/rockstar-original-energy-drink-500ml",
            "productImageURL": "https://dtgxwmigmg3gc.cloudfront.net/imagery/assets/derivations/icon/512/512/true/eyJpZCI6IjA1ZmRmMjE1MTQ0Zjk0YjgzMDFlNzEyMjQ5OWMzZjNjIiwic3RvcmFnZSI6InB1YmxpY19zdG9yZSJ9?signature=d3b539814d47e6a54c00fa8c8b73164ccb677a65cf673f3532132f7f04c657f5",
            "productDescription": ""
        },
        "priceData": {
            "bestPrice": "2.20",
            "price": "2.20",
            "pricePerLitre": 4.4,
            "bestPricePerLitre": 4.4
        },
        "store": {
            "id": "5e9e498dd7477672ed001b6a",
            "name": "Palomino"
        },
        "timestamp": "2021-08-16T18:29:39.093687"
    },
    {
        "productData": {
            "name": "Rockstar Punched Energy Guava 500ml",
            "productId": "rockstar-punched-energy-guava-500ml",
            "productShopPage": "https://palomino.store.supervalue.co.nz/lines/rockstar-punched-energy-guava-500ml",
            "productImageURL": "https://dtgxwmigmg3gc.cloudfront.net/imagery/assets/derivations/icon/512/512/true/eyJpZCI6IjBmNGEyNjU2MGQwM2Y4OGI4MWE3ZTMyODUzYTRlN2QyIiwic3RvcmFnZSI6InB1YmxpY19zdG9yZSJ9?signature=fab45ac774e74d87cf7a79de075f47290676fd6d4afcf212198c745670d5ce29",
            "productDescription": ""
        },
        "priceData": {
            "bestPrice": "2.20",
            "price": "2.20",
            "pricePerLitre": 4.4,
            "bestPricePerLitre": 4.4
        },
        "store": {
            "id": "5e9e498dd7477672ed001b6a",
            "name": "Palomino"
        },
        "timestamp": "2021-08-16T18:29:39.998548"
    },
    {
        "productData": {
            "name": "Mother Kicked Apple 500ml",
            "productId": "mother-kicked-apple-500ml",
            "productShopPage": "https://parkwood.store.supervalue.co.nz/lines/mother-kicked-apple-500ml",
            "productImageURL": "https://dtgxwmigmg3gc.cloudfront.net/imagery/assets/derivations/icon/512/512/true/eyJpZCI6IjNhZTlkYjkwYTM4MDFjMGEwYjUwYThhMDAwYjkyZjM0Iiwic3RvcmFnZSI6InB1YmxpY19zdG9yZSJ9?signature=c1a1db0a5d7b074c388cf08560fd44a4a2b6127821554198e54eeea8474325f6",
            "productDescription": ""
        },
        "priceData": {
            "bestPrice": "2.49",
            "price": "2.49",
            "pricePerLitre": 5.0,
            "bestPricePerLitre": 5.0
        },
        "store": {
            "id": "5e9e4b45d747762a6a00bef1",
            "name": "Parkwood"
        },
        "timestamp": "2021-08-16T18:29:42.607802"
    },
    {
        "productData": {
            "name": "Monster Energy Drink 500ml",
            "productId": "monster-ultra-red-500ml",
            "productShopPage": "https://parkwood.store.supervalue.co.nz/lines/monster-ultra-red-500ml",
            "productImageURL": "https://dtgxwmigmg3gc.cloudfront.net/assets/no_image-21813bc676a9e5e7c2dbd68df66f808795e994337aaf3f7ad77df8ef0450efa7.png",
            "productDescription": ""
        },
        "priceData": {
            "bestPrice": "3.49",
            "price": "3.49",
            "pricePerLitre": 7.0,
            "bestPricePerLitre": 7.0
        },
        "store": {
            "id": "5e9e4b45d747762a6a00bef1",
            "name": "Parkwood"
        },
        "timestamp": "2021-08-16T18:29:43.569514"
    },
    {
        "productData": {
            "name": "Monster Energy Import 550ml",
            "productId": "monster-energy-import-550ml",
            "productShopPage": "https://parkwood.store.supervalue.co.nz/lines/monster-energy-import-550ml",
            "productImageURL": "https://dtgxwmigmg3gc.cloudfront.net/imagery/assets/derivations/icon/512/512/true/eyJpZCI6IjExYzliZTgxY2M3MTNjMDQzM2NmZGQ2ZWE1NjI3MTA0Iiwic3RvcmFnZSI6InB1YmxpY19zdG9yZSJ9?signature=e09322a0a00112a858095e689d2e825f79d154fd3e8577005948dde9d51afb47",
            "productDescription": ""
        },
        "priceData": {
            "bestPrice": "3.69",
            "price": "3.69"
        },
        "store": {
            "id": "5e9e4b45d747762a6a00bef1",
            "name": "Parkwood"
        },
        "timestamp": "2021-08-16T18:29:44.490339"
    },
    {
        "productData": {
            "name": "Monster Energy Ultra Paradise 500ml",
            "productId": "monster-energy-drink-ultra-paradise-500ml",
            "productShopPage": "https://parkwood.store.supervalue.co.nz/lines/monster-energy-drink-ultra-paradise-500ml",
            "productImageURL": "https://dtgxwmigmg3gc.cloudfront.net/imagery/assets/derivations/icon/512/512/true/eyJpZCI6ImZiZDRkZTQxNzA0M2FiYTUyMjMwZWI0NTcyZGNmYTE1Iiwic3RvcmFnZSI6InB1YmxpY19zdG9yZSJ9?signature=8a439bf26b71114289dfea1720ed331b1e4784c534deade29db8ac38b1cc7c1a",
            "productDescription": ""
        },
        "priceData": {
            "bestPrice": "2.60",
            "price": "2.60",
            "pricePerLitre": 5.2,
            "bestPricePerLitre": 5.2
        },
        "store": {
            "id": "5e9e4b45d747762a6a00bef1",
            "name": "Parkwood"
        },
        "timestamp": "2021-08-16T18:29:45.655735"
    },
    {
        "productData": {
            "name": "Monster Energy Ultra Sunrise 500ml",
            "productId": "monster-energy-ultra-sunrise-500ml",
            "productShopPage": "https://parkwood.store.supervalue.co.nz/lines/monster-energy-ultra-sunrise-500ml",
            "productImageURL": "https://dtgxwmigmg3gc.cloudfront.net/imagery/assets/derivations/icon/512/512/true/eyJpZCI6ImFlNTVkY2RiZTZiZjg3OGZjZTdlOTU1OTFhMDE4YTdiIiwic3RvcmFnZSI6InB1YmxpY19zdG9yZSJ9?signature=b98350feca08b6ab128cc925fef23a58f65a36f94ede15cb2174f6f88a0f8a0f",
            "productDescription": ""
        },
        "priceData": {
            "bestPrice": "2.00",
            "price": "2.00",
            "pricePerLitre": 4.0,
            "bestPricePerLitre": 4.0
        },
        "store": {
            "id": "5e9e4b45d747762a6a00bef1",
            "name": "Parkwood"
        },
        "timestamp": "2021-08-16T18:29:46.814747"
    },
    {
        "productData": {
            "name": "Monster Energy Ultra Zero 500ml",
            "productId": "monster-energy-ultra-zero-500ml",
            "productShopPage": "https://parkwood.store.supervalue.co.nz/lines/monster-energy-ultra-zero-500ml",
            "productImageURL": "https://dtgxwmigmg3gc.cloudfront.net/imagery/assets/derivations/icon/512/512/true/eyJpZCI6IjdhN2FhYTUwZWU2NTYwYjBiNGY1NThhMTgwNmVlODI3Iiwic3RvcmFnZSI6InB1YmxpY19zdG9yZSJ9?signature=7907c49ba7d043175a426f84a71776de7dd51fa5c249237063aca9cb098abdbe",
            "productDescription": ""
        },
        "priceData": {
            "bestPrice": "2.60",
            "price": "2.60",
            "pricePerLitre": 5.2,
            "bestPricePerLitre": 5.2
        },
        "store": {
            "id": "5e9e4b45d747762a6a00bef1",
            "name": "Parkwood"
        },
        "timestamp": "2021-08-16T18:29:47.842347"
    },
    {
        "productData": {
            "name": "Monster Energy Drink Can Green 500ml",
            "productId": "monster-energy-green-500ml",
            "productShopPage": "https://parkwood.store.supervalue.co.nz/lines/monster-energy-green-500ml",
            "productImageURL": "https://dtgxwmigmg3gc.cloudfront.net/imagery/assets/derivations/icon/512/512/true/eyJpZCI6ImU3ZjNiNjJiNzI4Y2M0MTIxMjhiNjQ2ZmQ2OTQzMGEzIiwic3RvcmFnZSI6InB1YmxpY19zdG9yZSJ9?signature=637eac56411f57a79f345ea693f1418330d5742c3a04caddb460696dba06da06",
            "productDescription": ""
        },
        "priceData": {
            "bestPrice": "2.60",
            "price": "2.60",
            "pricePerLitre": 5.2,
            "bestPricePerLitre": 5.2
        },
        "store": {
            "id": "5e9e4b45d747762a6a00bef1",
            "name": "Parkwood"
        },
        "timestamp": "2021-08-16T18:29:48.771389"
    },
    {
        "productData": {
            "name": "Monster Energy Drink Ultra Rosa 500ml",
            "productId": "monster-energy-drink-ultra-rosa-500ml",
            "productShopPage": "https://parkwood.store.supervalue.co.nz/lines/monster-energy-drink-ultra-rosa-500ml",
            "productImageURL": "https://dtgxwmigmg3gc.cloudfront.net/imagery/assets/derivations/icon/512/512/true/eyJpZCI6IjZjYzFjMzcwYzM4Mzk4N2MyOTUzNWIyMTFjZTJlYjgxIiwic3RvcmFnZSI6InB1YmxpY19zdG9yZSJ9?signature=9cd08284785f9b24647ecc7d1dc08214d9d00318cc809bebdef1921d6b78bb95",
            "productDescription": ""
        },
        "priceData": {
            "bestPrice": "2.60",
            "price": "2.60",
            "pricePerLitre": 5.2,
            "bestPricePerLitre": 5.2
        },
        "store": {
            "id": "5e9e4b45d747762a6a00bef1",
            "name": "Parkwood"
        },
        "timestamp": "2021-08-16T18:29:49.924824"
    },
    {
        "productData": {
            "name": "Monster Energy P/Line Pnch 500ml",
            "productId": "monster-energy-p-line-pnch-500ml",
            "productShopPage": "https://parkwood.store.supervalue.co.nz/lines/monster-energy-p-line-pnch-500ml",
            "productImageURL": "https://dtgxwmigmg3gc.cloudfront.net/assets/no_image-21813bc676a9e5e7c2dbd68df66f808795e994337aaf3f7ad77df8ef0450efa7.png",
            "productDescription": ""
        },
        "priceData": {
            "bestPrice": "2.60",
            "price": "2.60",
            "pricePerLitre": 5.2,
            "bestPricePerLitre": 5.2
        },
        "store": {
            "id": "5e9e4b45d747762a6a00bef1",
            "name": "Parkwood"
        },
        "timestamp": "2021-08-16T18:29:50.964659"
    },
    {
        "productData": {
            "name": "Monster Punch Energy 500ml",
            "productId": "monster-punch-500ml",
            "productShopPage": "https://parkwood.store.supervalue.co.nz/lines/monster-punch-500ml",
            "productImageURL": "https://dtgxwmigmg3gc.cloudfront.net/assets/no_image-21813bc676a9e5e7c2dbd68df66f808795e994337aaf3f7ad77df8ef0450efa7.png",
            "productDescription": ""
        },
        "priceData": {
            "bestPrice": "3.49",
            "price": "3.49",
            "pricePerLitre": 7.0,
            "bestPricePerLitre": 7.0
        },
        "store": {
            "id": "5e9e4b45d747762a6a00bef1",
            "name": "Parkwood"
        },
        "timestamp": "2021-08-16T18:29:51.840646"
    },
    {
        "productData": {
            "name": "Mother Energy Drink Berry 500ml",
            "productId": "mother-energy-drink-berry-500ml",
            "productShopPage": "https://parkwood.store.supervalue.co.nz/lines/mother-energy-drink-berry-500ml",
            "productImageURL": "https://dtgxwmigmg3gc.cloudfront.net/imagery/assets/derivations/icon/512/512/true/eyJpZCI6ImRhYTJlNjUzNzRjZjViNjI0ZDljNzUzNDA3YmE0ZDFkIiwic3RvcmFnZSI6InB1YmxpY19zdG9yZSJ9?signature=d9ffb465d71d599811c2ff7a788845bfe297eb3624ad7866a89cf0b3ece073f0",
            "productDescription": ""
        },
        "priceData": {
            "bestPrice": "2.49",
            "price": "2.49",
            "pricePerLitre": 5.0,
            "bestPricePerLitre": 5.0
        },
        "store": {
            "id": "5e9e4b45d747762a6a00bef1",
            "name": "Parkwood"
        },
        "timestamp": "2021-08-16T18:29:52.749505"
    },
    {
        "productData": {
            "name": "Mother Energy Drink Black 500ml",
            "productId": "mother-energy-drink-black-500ml",
            "productShopPage": "https://parkwood.store.supervalue.co.nz/lines/mother-energy-drink-black-500ml",
            "productImageURL": "https://dtgxwmigmg3gc.cloudfront.net/imagery/assets/derivations/icon/512/512/true/eyJpZCI6ImYyMzA5MjhkYjg3ODFhYmYzZDU3ZjE1YjNmYzU2MWFjIiwic3RvcmFnZSI6InB1YmxpY19zdG9yZSJ9?signature=d3dbddb83d3d457075cd5d8936bef0c5b48fce4fa3fe725995d8b6d57219ceb5",
            "productDescription": ""
        },
        "priceData": {
            "bestPrice": "2.49",
            "price": "2.49",
            "pricePerLitre": 5.0,
            "bestPricePerLitre": 5.0
        },
        "store": {
            "id": "5e9e4b45d747762a6a00bef1",
            "name": "Parkwood"
        },
        "timestamp": "2021-08-16T18:29:53.724217"
    },
    {
        "productData": {
            "name": "Mother Energy Drink Cans 6x250ml",
            "productId": "mother-energy-drink-6x250ml-cans",
            "productShopPage": "https://parkwood.store.supervalue.co.nz/lines/mother-energy-drink-6x250ml-cans",
            "productImageURL": "https://dtgxwmigmg3gc.cloudfront.net/imagery/assets/derivations/icon/512/512/true/eyJpZCI6IjEyOGFhMmU0Y2VkYTU4ZWFkZmVhOWUwZjdlNTZhOTA4Iiwic3RvcmFnZSI6InB1YmxpY19zdG9yZSJ9?signature=5db1908f64527cf28fa7bf3266a83ab854a07ca50453511f7d414d8e6d5c10fb",
            "productDescription": ""
        },
        "priceData": {
            "bestPrice": "8.00",
            "price": "8.00",
            "pricePerLitre": 5.300000000000001,
            "bestPricePerLitre": 5.300000000000001
        },
        "store": {
            "id": "5e9e4b45d747762a6a00bef1",
            "name": "Parkwood"
        },
        "timestamp": "2021-08-16T18:29:54.628135"
    },
    {
        "productData": {
            "name": "Mother Energy Drink Passion 500ml",
            "productId": "mother-energy-drink-passion-500ml",
            "productShopPage": "https://parkwood.store.supervalue.co.nz/lines/mother-energy-drink-passion-500ml",
            "productImageURL": "https://dtgxwmigmg3gc.cloudfront.net/imagery/assets/derivations/icon/512/512/true/eyJpZCI6ImQwODE2YTc4ZjBmNGU4NTU5Mzg1YjkxZmI5YjIzZjM0Iiwic3RvcmFnZSI6InB1YmxpY19zdG9yZSJ9?signature=713c495fef96a6427b917f0c7c7e855a963749ac5c1bf7dfd71e24ae08ea3123",
            "productDescription": ""
        },
        "priceData": {
            "bestPrice": "2.49",
            "price": "2.49",
            "pricePerLitre": 5.0,
            "bestPricePerLitre": 5.0
        },
        "store": {
            "id": "5e9e4b45d747762a6a00bef1",
            "name": "Parkwood"
        },
        "timestamp": "2021-08-16T18:29:55.776907"
    },
    {
        "productData": {
            "name": "Mother Tropical Blast 500ml",
            "productId": "mother-tropical-blast-500ml",
            "productShopPage": "https://parkwood.store.supervalue.co.nz/lines/mother-tropical-blast-500ml",
            "productImageURL": "https://dtgxwmigmg3gc.cloudfront.net/imagery/assets/derivations/icon/512/512/true/eyJpZCI6ImEyZmM1OTUwNDhlODM5YTRhMjQ2MTI1OGEyYzNlZWZhIiwic3RvcmFnZSI6InB1YmxpY19zdG9yZSJ9?signature=6c9470ee4067e8ec32b58eeac9d628404d3986058a9b1cdef46014d1bee50944",
            "productDescription": ""
        },
        "priceData": {
            "bestPrice": "2.49",
            "price": "2.49",
            "pricePerLitre": 5.0,
            "bestPricePerLitre": 5.0
        },
        "store": {
            "id": "5e9e4b45d747762a6a00bef1",
            "name": "Parkwood"
        },
        "timestamp": "2021-08-16T18:29:56.762853"
    },
    {
        "productData": {
            "name": "Mother Can Energy 250ml",
            "productId": "mother-can-energy-250ml",
            "productShopPage": "https://parkwood.store.supervalue.co.nz/lines/mother-can-energy-250ml",
            "productImageURL": "https://dtgxwmigmg3gc.cloudfront.net/imagery/assets/derivations/icon/512/512/true/eyJpZCI6IjVhOTg3YmMxMjJjMGU2MTcxY2VhNzRjMmY0YzdmNDc2Iiwic3RvcmFnZSI6InB1YmxpY19zdG9yZSJ9?signature=b86ce206a3fb5a708e03da17f785e4d2d6e9436aae122f10ca04f56e5325a61f",
            "productDescription": ""
        },
        "priceData": {
            "bestPrice": "2.50",
            "price": "2.50"
        },
        "store": {
            "id": "5e9e4b45d747762a6a00bef1",
            "name": "Parkwood"
        },
        "timestamp": "2021-08-16T18:29:57.667552"
    },
    {
        "productData": {
            "name": "Mother Epic Swell Energy Drink Twisted Apple 500ml",
            "productId": "mother-epic-swell-energy-drink-twisted-apple-500ml",
            "productShopPage": "https://parkwood.store.supervalue.co.nz/lines/mother-epic-swell-energy-drink-twisted-apple-500ml",
            "productImageURL": "https://dtgxwmigmg3gc.cloudfront.net/imagery/assets/derivations/icon/512/512/true/eyJpZCI6ImE2ZjYxOGNhNjUyYzMxNzRhNjg2MDBhMGVjZmQ3MmJkIiwic3RvcmFnZSI6InB1YmxpY19zdG9yZSJ9?signature=954f74f8aba0fb24cb2a5248b1e93fe8a62fb8c7f902abbb08b7aed24bc44c80",
            "productDescription": ""
        },
        "priceData": {
            "bestPrice": "2.49",
            "price": "2.49",
            "pricePerLitre": 5.0,
            "bestPricePerLitre": 5.0
        },
        "store": {
            "id": "5e9e4b45d747762a6a00bef1",
            "name": "Parkwood"
        },
        "timestamp": "2021-08-16T18:29:58.716071"
    },
    {
        "productData": {
            "name": "V Energy Drink 710ml Can",
            "productId": "v-energy-drink-710ml-can",
            "productShopPage": "https://parkwood.store.supervalue.co.nz/lines/v-energy-drink-710ml-can",
            "productImageURL": "https://dtgxwmigmg3gc.cloudfront.net/imagery/assets/derivations/icon/512/512/true/eyJpZCI6ImU1Mjg5NDIyNDI0MzhlNGM0N2IxY2FmMmExOWQ0OGI0Iiwic3RvcmFnZSI6InB1YmxpY19zdG9yZSJ9?signature=875386458f8ad66eb59967a1ca6ad24a19d1592f97a894e439af7d9be1852340",
            "productDescription": ""
        },
        "priceData": {
            "bestPrice": "3.30",
            "price": "3.30",
            "pricePerLitre": 4.6000000000000005,
            "bestPricePerLitre": 4.6000000000000005
        },
        "store": {
            "id": "5e9e4b45d747762a6a00bef1",
            "name": "Parkwood"
        },
        "timestamp": "2021-08-16T18:30:00.681049"
    },
    {
        "productData": {
            "name": "V Energy Drink Guarana 500ml",
            "productId": "v-energy-drink-guarana-500ml",
            "productShopPage": "https://parkwood.store.supervalue.co.nz/lines/v-energy-drink-guarana-500ml",
            "productImageURL": "https://dtgxwmigmg3gc.cloudfront.net/imagery/assets/derivations/icon/512/512/true/eyJpZCI6IjgzZDAxMjhiMzg4NmEwZmE4YTE2ZjY2NWIzNmM2NzI2Iiwic3RvcmFnZSI6InB1YmxpY19zdG9yZSJ9?signature=f55ecc561066291a4e74a967db35ea2355f881bd1708bf400fd790032384ae4f",
            "productDescription": ""
        },
        "priceData": {
            "bestPrice": "2.60",
            "price": "2.60",
            "pricePerLitre": 5.2,
            "bestPricePerLitre": 5.2
        },
        "store": {
            "id": "5e9e4b45d747762a6a00bef1",
            "name": "Parkwood"
        },
        "timestamp": "2021-08-16T18:30:01.751083"
    },
    {
        "productData": {
            "name": "V Energy Drink Sugarfree 500ml",
            "productId": "v-energy-drink-sugarfree-500ml",
            "productShopPage": "https://parkwood.store.supervalue.co.nz/lines/v-energy-drink-sugarfree-500ml",
            "productImageURL": "https://dtgxwmigmg3gc.cloudfront.net/imagery/assets/derivations/icon/512/512/true/eyJpZCI6ImVkZTAxNTNmMDI1NmU1NDZjNWQ5MTc3MjE3ZTQ3YTQ0Iiwic3RvcmFnZSI6InB1YmxpY19zdG9yZSJ9?signature=abcf72d9faa9ee3044eaa3b7ee0bf9b4fd8f582379018d8727f2234b7d3f3c85",
            "productDescription": ""
        },
        "priceData": {
            "bestPrice": "2.60",
            "price": "2.60",
            "pricePerLitre": 5.2,
            "bestPricePerLitre": 5.2
        },
        "store": {
            "id": "5e9e4b45d747762a6a00bef1",
            "name": "Parkwood"
        },
        "timestamp": "2021-08-16T18:30:02.673547"
    },
    {
        "productData": {
            "name": "V Energy Drink Sugar Free Guarana 250ml",
            "productId": "v-energy-drink-sugar-free-guarana-250ml",
            "productShopPage": "https://parkwood.store.supervalue.co.nz/lines/v-energy-drink-sugar-free-guarana-250ml",
            "productImageURL": "https://dtgxwmigmg3gc.cloudfront.net/imagery/assets/derivations/icon/512/512/true/eyJpZCI6ImZiNzM1NmU4NTMyZDllODlkZTljZmNlOGY2MzQ5NGQwIiwic3RvcmFnZSI6InB1YmxpY19zdG9yZSJ9?signature=72b0ce0a48ca796717c115fe5e8b4564501470f63bf80ae865d26e9d131a2b8c",
            "productDescription": ""
        },
        "priceData": {
            "bestPrice": "2.90",
            "price": "2.90",
            "pricePerLitre": 11.6,
            "bestPricePerLitre": 11.6
        },
        "store": {
            "id": "5e9e4b45d747762a6a00bef1",
            "name": "Parkwood"
        },
        "timestamp": "2021-08-16T18:30:03.738741"
    },
    {
        "productData": {
            "name": "V Energy Drink Blue Guarana Spritzed 350ml",
            "productId": "v-blue-energy-drink-blue-guarana-spritzed-350ml",
            "productShopPage": "https://parkwood.store.supervalue.co.nz/lines/v-blue-energy-drink-blue-guarana-spritzed-350ml",
            "productImageURL": "https://dtgxwmigmg3gc.cloudfront.net/imagery/assets/derivations/icon/512/512/true/eyJpZCI6ImY2OTRlZGI4NjdlNWMzZDM5NzgzMDQ0ODFkMzUxZGZiIiwic3RvcmFnZSI6InB1YmxpY19zdG9yZSJ9?signature=591b3079cb9c2407a29b3bc348eaf42dc1d34daba5c9d7aba65be654725b6719",
            "productDescription": ""
        },
        "priceData": {
            "bestPrice": "3.99",
            "price": "3.99",
            "pricePerLitre": 11.399999999999999,
            "bestPricePerLitre": 11.399999999999999
        },
        "store": {
            "id": "5e9e4b45d747762a6a00bef1",
            "name": "Parkwood"
        },
        "timestamp": "2021-08-16T18:30:06.008826"
    },
    {
        "productData": {
            "name": "V Energy Drink Green Guarana 350ml",
            "productId": "v-energy-drink-green-guarana-350ml",
            "productShopPage": "https://parkwood.store.supervalue.co.nz/lines/v-energy-drink-green-guarana-350ml",
            "productImageURL": "https://dtgxwmigmg3gc.cloudfront.net/imagery/assets/derivations/icon/512/512/true/eyJpZCI6IjRiNjY4ZjYxOTQ2ODYyN2MzM2NiZWMyNGUyNmIyODk4Iiwic3RvcmFnZSI6InB1YmxpY19zdG9yZSJ9?signature=4cded9cb42349eef45a593461f311b1bb7fa881295733879671ad9fe9887d30c",
            "productDescription": ""
        },
        "priceData": {
            "bestPrice": "3.99",
            "price": "3.99",
            "pricePerLitre": 11.399999999999999,
            "bestPricePerLitre": 11.399999999999999
        },
        "store": {
            "id": "5e9e4b45d747762a6a00bef1",
            "name": "Parkwood"
        },
        "timestamp": "2021-08-16T18:30:06.955030"
    },
    {
        "productData": {
            "name": "V Energy Drink Guarana Can 250ml",
            "productId": "v-energy-drink-guarana-can-250ml",
            "productShopPage": "https://parkwood.store.supervalue.co.nz/lines/v-energy-drink-guarana-can-250ml",
            "productImageURL": "https://dtgxwmigmg3gc.cloudfront.net/imagery/assets/derivations/icon/512/512/true/eyJpZCI6Ijc3Nzk1NjE2ZDhhNmFiMThhYzEzODYzOTg2ZmNkNzgwIiwic3RvcmFnZSI6InB1YmxpY19zdG9yZSJ9?signature=f5de1854d43e19cc62bff86893d4a55615cd916f8425a4dccd170b52eba81255",
            "productDescription": ""
        },
        "priceData": {
            "bestPrice": "2.90",
            "price": "2.90",
            "pricePerLitre": 11.6,
            "bestPricePerLitre": 11.6
        },
        "store": {
            "id": "5e9e4b45d747762a6a00bef1",
            "name": "Parkwood"
        },
        "timestamp": "2021-08-16T18:30:07.844422"
    },
    {
        "productData": {
            "name": "V Energy Drink Guarana Can 500ml",
            "productId": "v-energy-drink-guarana-can-500ml",
            "productShopPage": "https://parkwood.store.supervalue.co.nz/lines/v-energy-drink-guarana-can-500ml",
            "productImageURL": "https://dtgxwmigmg3gc.cloudfront.net/imagery/assets/derivations/icon/512/512/true/eyJpZCI6ImI0NjgzNGZjNDRkMjU0MjgzYzJjZGNhMzA2NWIxYjA5Iiwic3RvcmFnZSI6InB1YmxpY19zdG9yZSJ9?signature=265e8273409849423466e7623cbbdf8352940707b8830803eec391e8f32c9c5f",
            "productDescription": ""
        },
        "priceData": {
            "bestPrice": "3.99",
            "price": "3.99",
            "pricePerLitre": 8.0,
            "bestPricePerLitre": 8.0
        },
        "store": {
            "id": "5e9e4b45d747762a6a00bef1",
            "name": "Parkwood"
        },
        "timestamp": "2021-08-16T18:30:08.918912"
    },
    {
        "productData": {
            "name": "V Energy Drink Raspberry Lemonade 350ml",
            "productId": "v-energy-drink-raspberry-lemonade-350ml",
            "productShopPage": "https://parkwood.store.supervalue.co.nz/lines/v-energy-drink-raspberry-lemonade-350ml",
            "productImageURL": "https://dtgxwmigmg3gc.cloudfront.net/imagery/assets/derivations/icon/512/512/true/eyJpZCI6IjliNWMwMGJkN2IxYWRhY2UxNzU5NzY1ZTI4MjUzZDgyIiwic3RvcmFnZSI6InB1YmxpY19zdG9yZSJ9?signature=1813e587f3636e394a15aa9e19234f9343024a6880220b0dda0a5d69b1f1c010",
            "productDescription": ""
        },
        "priceData": {
            "bestPrice": "3.99",
            "price": "3.99",
            "pricePerLitre": 11.399999999999999,
            "bestPricePerLitre": 11.399999999999999
        },
        "store": {
            "id": "5e9e4b45d747762a6a00bef1",
            "name": "Parkwood"
        },
        "timestamp": "2021-08-16T18:30:10.831126"
    },
    {
        "productData": {
            "name": "V Energy Drink Sugar Free Guarana 500ml",
            "productId": "v-energy-drink-sugar-free-guarana-500ml",
            "productShopPage": "https://parkwood.store.supervalue.co.nz/lines/v-energy-drink-sugar-free-guarana-500ml",
            "productImageURL": "https://dtgxwmigmg3gc.cloudfront.net/imagery/assets/derivations/icon/512/512/true/eyJpZCI6Ijg4MGExMDYxOTY4NTJiYzM1ZTExMmU2MGE2OWYxNDE3Iiwic3RvcmFnZSI6InB1YmxpY19zdG9yZSJ9?signature=b0536d25b9da8158705e24c88e21fabbf85c1dabc19f18108c386e956ffd7045",
            "productDescription": ""
        },
        "priceData": {
            "bestPrice": "3.99",
            "price": "3.99",
            "pricePerLitre": 8.0,
            "bestPricePerLitre": 8.0
        },
        "store": {
            "id": "5e9e4b45d747762a6a00bef1",
            "name": "Parkwood"
        },
        "timestamp": "2021-08-16T18:30:11.906121"
    },
    {
        "productData": {
            "name": "V Energy Drink Skills Cans 275ml 4 Pack",
            "productId": "v-energy-drink-skills-cans-275ml-4-pack",
            "productShopPage": "https://parkwood.store.supervalue.co.nz/lines/v-energy-drink-skills-cans-275ml-4-pack",
            "productImageURL": "https://dtgxwmigmg3gc.cloudfront.net/imagery/assets/derivations/icon/512/512/true/eyJpZCI6ImZhMzA2N2NiM2YxMmVkM2ZhZjhhYmM4OGE1YTJhNzczIiwic3RvcmFnZSI6InB1YmxpY19zdG9yZSJ9?signature=34fcde8f5a021036c475a1dfff6748625e0747bb134ec737312b15bbe8e883eb",
            "productDescription": ""
        },
        "priceData": {
            "bestPrice": "8.00",
            "price": "8.00",
            "pricePerLitre": 7.3,
            "bestPricePerLitre": 7.3
        },
        "store": {
            "id": "5e9e4b45d747762a6a00bef1",
            "name": "Parkwood"
        },
        "timestamp": "2021-08-16T18:30:12.774975"
    },
    {
        "productData": {
            "name": "V Blue Energy Drink Bottle 500ml",
            "productId": "v-blue-energy-drink-bottle-500ml",
            "productShopPage": "https://parkwood.store.supervalue.co.nz/lines/v-blue-energy-drink-bottle-500ml",
            "productImageURL": "https://dtgxwmigmg3gc.cloudfront.net/imagery/assets/derivations/icon/512/512/true/eyJpZCI6IjgyYWYxYWY4MGI4MzUxODhiYmVhZGVhM2U2NzY0MzI5Iiwic3RvcmFnZSI6InB1YmxpY19zdG9yZSJ9?signature=7e70fc576864a528a1431734d680cbf177a11b419a692dbfd34800c31b8944ec",
            "productDescription": ""
        },
        "priceData": {
            "bestPrice": "2.60",
            "price": "2.60",
            "pricePerLitre": 5.2,
            "bestPricePerLitre": 5.2
        },
        "store": {
            "id": "5e9e4b45d747762a6a00bef1",
            "name": "Parkwood"
        },
        "timestamp": "2021-08-16T18:30:14.656874"
    },
    {
        "productData": {
            "name": "V Blue Sugarfree Energy Drink 500ml",
            "productId": "v-blue-sugarfree-energy-drink-500ml",
            "productShopPage": "https://parkwood.store.supervalue.co.nz/lines/v-blue-sugarfree-energy-drink-500ml",
            "productImageURL": "https://dtgxwmigmg3gc.cloudfront.net/imagery/assets/derivations/icon/512/512/true/eyJpZCI6ImVmYjQyOWRmM2JjZjc3NTY1ZDIwMTEyNTY0MDdmZjA1Iiwic3RvcmFnZSI6InB1YmxpY19zdG9yZSJ9?signature=2911d59474d8305039a3be3bef0f887c38d9ab84596314b13cc4b150101175ab",
            "productDescription": ""
        },
        "priceData": {
            "bestPrice": "3.99",
            "price": "3.99",
            "pricePerLitre": 8.0,
            "bestPricePerLitre": 8.0
        },
        "store": {
            "id": "5e9e4b45d747762a6a00bef1",
            "name": "Parkwood"
        },
        "timestamp": "2021-08-16T18:30:15.577966"
    },
    {
        "productData": {
            "name": "V Raspberry Lemonade Energy Drink 500ml",
            "productId": "v-energy-drink-raspberry-lemonade-500ml-can",
            "productShopPage": "https://parkwood.store.supervalue.co.nz/lines/v-energy-drink-raspberry-lemonade-500ml-can",
            "productImageURL": "https://dtgxwmigmg3gc.cloudfront.net/imagery/assets/derivations/icon/512/512/true/eyJpZCI6ImE3N2Y5NzBmY2FhOWZhYmZiOTc3MmYyMzE4MGRiOTcxIiwic3RvcmFnZSI6InB1YmxpY19zdG9yZSJ9?signature=2bb7890fe6d7b0c0c6a522be31c78077be0aa570ca4c8aa5549ccf80761262dc",
            "productDescription": ""
        },
        "priceData": {
            "bestPrice": "3.99",
            "price": "3.99",
            "pricePerLitre": 8.0,
            "bestPricePerLitre": 8.0
        },
        "store": {
            "id": "5e9e4b45d747762a6a00bef1",
            "name": "Parkwood"
        },
        "timestamp": "2021-08-16T18:30:16.459616"
    },
    {
        "productData": {
            "name": "V Sugarfree Energy Drink Berry Twist 350ml",
            "productId": "v-sugarfree-energy-drink-berry-twist-350ml",
            "productShopPage": "https://parkwood.store.supervalue.co.nz/lines/v-sugarfree-energy-drink-berry-twist-350ml",
            "productImageURL": "https://dtgxwmigmg3gc.cloudfront.net/imagery/assets/derivations/icon/512/512/true/eyJpZCI6IjMxY2RlOWU3MTE1YTA4ZGRhYzFiODM0NjQ4NDFmOTM5Iiwic3RvcmFnZSI6InB1YmxpY19zdG9yZSJ9?signature=055982afa93dd6614e2f3de353af4c76a52ab79cac4e2b4660a75933fb1bc9a4",
            "productDescription": ""
        },
        "priceData": {
            "bestPrice": "3.99",
            "price": "3.99",
            "pricePerLitre": 11.399999999999999,
            "bestPricePerLitre": 11.399999999999999
        },
        "store": {
            "id": "5e9e4b45d747762a6a00bef1",
            "name": "Parkwood"
        },
        "timestamp": "2021-08-16T18:30:17.435388"
    },
    {
        "productData": {
            "name": "V Blue Energy Drink 275ml Cans 4 Pack",
            "productId": "v-blue-energy-drink-275ml-cans-4-pack",
            "productShopPage": "https://parkwood.store.supervalue.co.nz/lines/v-blue-energy-drink-275ml-cans-4-pack",
            "productImageURL": "https://dtgxwmigmg3gc.cloudfront.net/imagery/assets/derivations/icon/512/512/true/eyJpZCI6IjcxMTc0MzEzN2QzNTUzODQwMmUyODZjMDJkNTM3OTk3Iiwic3RvcmFnZSI6InB1YmxpY19zdG9yZSJ9?signature=5697ef2f72e1e995472b76c19c7c6201b3deb266e060743ac9ae1219dbf2226c",
            "productDescription": ""
        },
        "priceData": {
            "bestPrice": "8.00",
            "price": "8.00",
            "pricePerLitre": 7.3,
            "bestPricePerLitre": 7.3
        },
        "store": {
            "id": "5e9e4b45d747762a6a00bef1",
            "name": "Parkwood"
        },
        "timestamp": "2021-08-16T18:30:18.346633"
    },
    {
        "productData": {
            "name": "V Blue Energy Drink Blue Guarana Can 250ml",
            "productId": "v-blue-energy-drink-blue-guarana-can-250ml",
            "productShopPage": "https://parkwood.store.supervalue.co.nz/lines/v-blue-energy-drink-blue-guarana-can-250ml",
            "productImageURL": "https://dtgxwmigmg3gc.cloudfront.net/imagery/assets/derivations/icon/512/512/true/eyJpZCI6IjBmZjQwNDEyZWQ2ZDk4YTg3YWQ2ZDUyMWZlNjM1YzJkIiwic3RvcmFnZSI6InB1YmxpY19zdG9yZSJ9?signature=8f745abe5614ec47b3d7a07f1a34ba529184a87b2a696211ba5a0f9f29c86bf0",
            "productDescription": ""
        },
        "priceData": {
            "bestPrice": "2.90",
            "price": "2.90",
            "pricePerLitre": 11.6,
            "bestPricePerLitre": 11.6
        },
        "store": {
            "id": "5e9e4b45d747762a6a00bef1",
            "name": "Parkwood"
        },
        "timestamp": "2021-08-16T18:30:19.309141"
    },
    {
        "productData": {
            "name": "V Blue Energy Drink Blue Guarana Can 500ml",
            "productId": "v-blue-energy-drink-blue-guarana-can-500ml",
            "productShopPage": "https://parkwood.store.supervalue.co.nz/lines/v-blue-energy-drink-blue-guarana-can-500ml",
            "productImageURL": "https://dtgxwmigmg3gc.cloudfront.net/imagery/assets/derivations/icon/512/512/true/eyJpZCI6ImFmYjEyYjVjYTU2YWI5ZDJhMTVmNGY2MDg2NWFlNzgxIiwic3RvcmFnZSI6InB1YmxpY19zdG9yZSJ9?signature=b537a8cc5a2c0f90f1702b2c541db44c3a740a0ec4a96e92ab2d6537f9320e8d",
            "productDescription": ""
        },
        "priceData": {
            "bestPrice": "3.99",
            "price": "3.99",
            "pricePerLitre": 8.0,
            "bestPricePerLitre": 8.0
        },
        "store": {
            "id": "5e9e4b45d747762a6a00bef1",
            "name": "Parkwood"
        },
        "timestamp": "2021-08-16T18:30:20.526369"
    },
    {
        "productData": {
            "name": "V Iced Coffee Guarana Energy 500ml",
            "productId": "v-iced-coffee-guarana-energy-500ml",
            "productShopPage": "https://parkwood.store.supervalue.co.nz/lines/v-iced-coffee-guarana-energy-500ml",
            "productImageURL": "https://dtgxwmigmg3gc.cloudfront.net/imagery/assets/derivations/icon/512/512/true/eyJpZCI6ImM0Zjc4YjRmYWVjMjk0NTJkZTNkYzZjNmY5MzBlMjU2Iiwic3RvcmFnZSI6InB1YmxpY19zdG9yZSJ9?signature=14312b2813aab9c1ad551700ec97cd58a3a7f95bef4d0bd7ae7aa2dcf8fcdc9d",
            "productDescription": ""
        },
        "priceData": {
            "bestPrice": "4.19",
            "price": "4.19"
        },
        "store": {
            "id": "5e9e4b45d747762a6a00bef1",
            "name": "Parkwood"
        },
        "timestamp": "2021-08-16T18:30:21.468668"
    },
    {
        "productData": {
            "name": "V Iced Mocha Guarana Energy 500ml",
            "productId": "v-iced-mocha-guarana-energy-500ml",
            "productShopPage": "https://parkwood.store.supervalue.co.nz/lines/v-iced-mocha-guarana-energy-500ml",
            "productImageURL": "https://dtgxwmigmg3gc.cloudfront.net/imagery/assets/derivations/icon/512/512/true/eyJpZCI6ImNiMDRkODVlZmQ2YjhiZGMxMWU4Zjk5OGEwOTczODg1Iiwic3RvcmFnZSI6InB1YmxpY19zdG9yZSJ9?signature=3e63d4ec34ef65794a07ea00749a785cb88ce90997e6e7d12629c3c0f205de6d",
            "productDescription": ""
        },
        "priceData": {
            "bestPrice": "4.19",
            "price": "4.19"
        },
        "store": {
            "id": "5e9e4b45d747762a6a00bef1",
            "name": "Parkwood"
        },
        "timestamp": "2021-08-16T18:30:22.419063"
    },
    {
        "productData": {
            "name": "V Energy Drink Sugar Free Guarana Bottle 350ml",
            "productId": "v-energy-drink-sugar-free-guarana-bottle-350ml",
            "productShopPage": "https://parkwood.store.supervalue.co.nz/lines/v-energy-drink-sugar-free-guarana-bottle-350ml",
            "productImageURL": "https://dtgxwmigmg3gc.cloudfront.net/imagery/assets/derivations/icon/512/512/true/eyJpZCI6IjQzYmZlOTg1YzY2ZGQ0ZDI1YzUyZDk3MGJhMmJhMGM3Iiwic3RvcmFnZSI6InB1YmxpY19zdG9yZSJ9?signature=7a4bb3eb2264f52495ae9ba8fbf21b5a3e59e12c0d6208cfa1591261da333f55",
            "productDescription": ""
        },
        "priceData": {
            "bestPrice": "3.99",
            "price": "3.99",
            "pricePerLitre": 11.399999999999999,
            "bestPricePerLitre": 11.399999999999999
        },
        "store": {
            "id": "5e9e4b45d747762a6a00bef1",
            "name": "Parkwood"
        },
        "timestamp": "2021-08-16T18:30:24.365470"
    },
    {
        "productData": {
            "name": "V Iced Chocolate Guarana Energy 500ml",
            "productId": "v-iced-chocolate-guarana-energy-500ml",
            "productShopPage": "https://parkwood.store.supervalue.co.nz/lines/v-iced-chocolate-guarana-energy-500ml",
            "productImageURL": "https://dtgxwmigmg3gc.cloudfront.net/imagery/assets/derivations/icon/512/512/true/eyJpZCI6ImJhNzg2NDUyYzVlMGRiOTNhMGM3NjY1ZWIyNzIzNzBlIiwic3RvcmFnZSI6InB1YmxpY19zdG9yZSJ9?signature=86bcf9f7a4dbdc8f99c44e8c3a30ce7ca86025bce78792c31ce0fbc589f7f311",
            "productDescription": ""
        },
        "priceData": {
            "bestPrice": "4.19",
            "price": "4.19"
        },
        "store": {
            "id": "5e9e4b45d747762a6a00bef1",
            "name": "Parkwood"
        },
        "timestamp": "2021-08-16T18:30:27.196882"
    },
    {
        "productData": {
            "name": "V Pure Energy Drink Bottle 330ml",
            "productId": "v-pure-330ml-bottle",
            "productShopPage": "https://parkwood.store.supervalue.co.nz/lines/v-pure-330ml-bottle",
            "productImageURL": "https://dtgxwmigmg3gc.cloudfront.net/imagery/assets/derivations/icon/512/512/true/eyJpZCI6ImFjZmFlNGE1MmQ1ZmNhOTVhN2IyNzdhOGQ3ZTBjNTY0Iiwic3RvcmFnZSI6InB1YmxpY19zdG9yZSJ9?signature=ff03797de044ef70d02854192249a79b3cd819353c7171ef7358378e76bfc089",
            "productDescription": ""
        },
        "priceData": {
            "bestPrice": "3.79",
            "price": "3.79",
            "pricePerLitre": 11.5,
            "bestPricePerLitre": 11.5
        },
        "store": {
            "id": "5e9e4b45d747762a6a00bef1",
            "name": "Parkwood"
        },
        "timestamp": "2021-08-16T18:30:28.089447"
    },
    {
        "productData": {
            "name": "Monster Super Fuel Zero Sugar 550ml",
            "productId": "monster-super-fuel-zero-sugar-550ml",
            "productShopPage": "https://parkwood.store.supervalue.co.nz/lines/monster-super-fuel-zero-sugar-550ml",
            "productImageURL": "https://dtgxwmigmg3gc.cloudfront.net/imagery/assets/derivations/icon/512/512/true/eyJpZCI6IjRkOTE3NzhmODIxNDI1ZDJjNDg3Yjc0M2YyMzEyYmYxIiwic3RvcmFnZSI6InB1YmxpY19zdG9yZSJ9?signature=4b9dbd15c40f85466e597873c567f989183b284947e8c8dc4df58667789214a2",
            "productDescription": ""
        },
        "priceData": {
            "bestPrice": "3.60",
            "price": "3.60",
            "pricePerLitre": 6.5,
            "bestPricePerLitre": 6.5
        },
        "store": {
            "id": "5e9e4b45d747762a6a00bef1",
            "name": "Parkwood"
        },
        "timestamp": "2021-08-16T18:30:33.050837"
    },
    {
        "productData": {
            "name": "Monster Mule Ginger Brew 500ml",
            "productId": "monster-mule-ginger-brew-500ml",
            "productShopPage": "https://parkwood.store.supervalue.co.nz/lines/monster-mule-ginger-brew-500ml",
            "productImageURL": "https://dtgxwmigmg3gc.cloudfront.net/imagery/assets/derivations/icon/512/512/true/eyJpZCI6ImM1OTM5MTIyZTRlNmNhNzk0ODFlMDE4ZWVmMWE2Y2ZlIiwic3RvcmFnZSI6InB1YmxpY19zdG9yZSJ9?signature=5d11287f30ef58c148e37382d61c0d83097d5461683a9aa5dd9456941c1f32e5",
            "productDescription": ""
        },
        "priceData": {
            "bestPrice": "2.60",
            "price": "2.60",
            "pricePerLitre": 5.2,
            "bestPricePerLitre": 5.2
        },
        "store": {
            "id": "5e9e4b45d747762a6a00bef1",
            "name": "Parkwood"
        },
        "timestamp": "2021-08-16T18:30:34.184681"
    },
    {
        "productData": {
            "name": "Monster Super Fuel Purple Passion 550ml",
            "productId": "monster-super-fuel-purple-passion-550ml",
            "productShopPage": "https://parkwood.store.supervalue.co.nz/lines/monster-super-fuel-purple-passion-550ml",
            "productImageURL": "https://dtgxwmigmg3gc.cloudfront.net/imagery/assets/derivations/icon/512/512/true/eyJpZCI6IjNkMTY1OTQwMzgyOTZjZjVlMjNlNjBjMDQ3NTE1YWM0Iiwic3RvcmFnZSI6InB1YmxpY19zdG9yZSJ9?signature=4d4ccd77dab941d955a8037242a41833afdc7251d3bd5b5c4b99705770273998",
            "productDescription": ""
        },
        "priceData": {
            "bestPrice": "3.60",
            "price": "3.60",
            "pricePerLitre": 6.5,
            "bestPricePerLitre": 6.5
        },
        "store": {
            "id": "5e9e4b45d747762a6a00bef1",
            "name": "Parkwood"
        },
        "timestamp": "2021-08-16T18:30:37.084138"
    },
    {
        "productData": {
            "name": "Live Plus Energy Drink Citrus Flavour 500ml",
            "productId": "live-plus-persist-500ml",
            "productShopPage": "https://parkwood.store.supervalue.co.nz/lines/live-plus-persist-500ml",
            "productImageURL": "https://dtgxwmigmg3gc.cloudfront.net/imagery/assets/derivations/icon/512/512/true/eyJpZCI6IjFlNWQ5YzI4OWM1N2UzNmYzZmI2NThlMDQzZTI3ZjE4Iiwic3RvcmFnZSI6InB1YmxpY19zdG9yZSJ9?signature=756b17fefe47174b90e7dbec8cd09db27f9f59f4994bc750b71256ae93ba9fa8",
            "productDescription": ""
        },
        "priceData": {
            "bestPrice": "2.49",
            "price": "2.49",
            "pricePerLitre": 5.0,
            "bestPricePerLitre": 5.0
        },
        "store": {
            "id": "5e9e4b45d747762a6a00bef1",
            "name": "Parkwood"
        },
        "timestamp": "2021-08-16T18:30:38.949732"
    },
    {
        "productData": {
            "name": "V Guarana Energy Drink Blue Sugarfree 250ml",
            "productId": "v-blue-sugarfree-energy-drink-250ml",
            "productShopPage": "https://parkwood.store.supervalue.co.nz/lines/v-blue-sugarfree-energy-drink-250ml",
            "productImageURL": "https://dtgxwmigmg3gc.cloudfront.net/imagery/assets/derivations/icon/512/512/true/eyJpZCI6IjI3YWJiOTVhYjNhMjEwMDU2MWJhMmRhNTM3YjRhZjVmIiwic3RvcmFnZSI6InB1YmxpY19zdG9yZSJ9?signature=66769306ca1d0ba674603954d338186dc999f6d1839090d49fde9416b3252365",
            "productDescription": ""
        },
        "priceData": {
            "bestPrice": "2.90",
            "price": "2.90",
            "pricePerLitre": 11.6,
            "bestPricePerLitre": 11.6
        },
        "store": {
            "id": "5e9e4b45d747762a6a00bef1",
            "name": "Parkwood"
        },
        "timestamp": "2021-08-16T18:30:40.655355"
    },
    {
        "productData": {
            "name": "Rockstar Punched Energy Guava 500ml",
            "productId": "rockstar-punched-energy-guava-500ml",
            "productShopPage": "https://parkwood.store.supervalue.co.nz/lines/rockstar-punched-energy-guava-500ml",
            "productImageURL": "https://dtgxwmigmg3gc.cloudfront.net/imagery/assets/derivations/icon/512/512/true/eyJpZCI6IjBmNGEyNjU2MGQwM2Y4OGI4MWE3ZTMyODUzYTRlN2QyIiwic3RvcmFnZSI6InB1YmxpY19zdG9yZSJ9?signature=fab45ac774e74d87cf7a79de075f47290676fd6d4afcf212198c745670d5ce29",
            "productDescription": ""
        },
        "priceData": {
            "bestPrice": "2.20",
            "price": "2.20",
            "pricePerLitre": 4.4,
            "bestPricePerLitre": 4.4
        },
        "store": {
            "id": "5e9e4b45d747762a6a00bef1",
            "name": "Parkwood"
        },
        "timestamp": "2021-08-16T18:30:47.255558"
    },
    {
        "productData": {
            "name": "Mother Kicked Apple 500ml",
            "productId": "mother-kicked-apple-500ml",
            "productShopPage": "https://pauanui.store.supervalue.co.nz/lines/mother-kicked-apple-500ml",
            "productImageURL": "https://dtgxwmigmg3gc.cloudfront.net/imagery/assets/derivations/icon/512/512/true/eyJpZCI6IjNhZTlkYjkwYTM4MDFjMGEwYjUwYThhMDAwYjkyZjM0Iiwic3RvcmFnZSI6InB1YmxpY19zdG9yZSJ9?signature=c1a1db0a5d7b074c388cf08560fd44a4a2b6127821554198e54eeea8474325f6",
            "productDescription": ""
        },
        "priceData": {
            "bestPrice": "2.20",
            "price": "2.20",
            "pricePerLitre": 4.4,
            "bestPricePerLitre": 4.4
        },
        "store": {
            "id": "5e754ef6ec286656b5022173",
            "name": "Pauanui"
        },
        "timestamp": "2021-08-16T18:30:49.742739"
    },
    {
        "productData": {
            "name": "Monster Energy Ultra Paradise 500ml",
            "productId": "monster-energy-drink-ultra-paradise-500ml",
            "productShopPage": "https://pauanui.store.supervalue.co.nz/lines/monster-energy-drink-ultra-paradise-500ml",
            "productImageURL": "https://dtgxwmigmg3gc.cloudfront.net/imagery/assets/derivations/icon/512/512/true/eyJpZCI6ImZiZDRkZTQxNzA0M2FiYTUyMjMwZWI0NTcyZGNmYTE1Iiwic3RvcmFnZSI6InB1YmxpY19zdG9yZSJ9?signature=8a439bf26b71114289dfea1720ed331b1e4784c534deade29db8ac38b1cc7c1a",
            "productDescription": ""
        },
        "priceData": {
            "bestPrice": "2.60",
            "price": "2.60",
            "pricePerLitre": 5.2,
            "bestPricePerLitre": 5.2
        },
        "store": {
            "id": "5e754ef6ec286656b5022173",
            "name": "Pauanui"
        },
        "timestamp": "2021-08-16T18:30:52.672171"
    },
    {
        "productData": {
            "name": "Monster Energy Ultra Zero 500ml",
            "productId": "monster-energy-ultra-zero-500ml",
            "productShopPage": "https://pauanui.store.supervalue.co.nz/lines/monster-energy-ultra-zero-500ml",
            "productImageURL": "https://dtgxwmigmg3gc.cloudfront.net/imagery/assets/derivations/icon/512/512/true/eyJpZCI6IjdhN2FhYTUwZWU2NTYwYjBiNGY1NThhMTgwNmVlODI3Iiwic3RvcmFnZSI6InB1YmxpY19zdG9yZSJ9?signature=7907c49ba7d043175a426f84a71776de7dd51fa5c249237063aca9cb098abdbe",
            "productDescription": ""
        },
        "priceData": {
            "bestPrice": "2.60",
            "price": "2.60",
            "pricePerLitre": 5.2,
            "bestPricePerLitre": 5.2
        },
        "store": {
            "id": "5e754ef6ec286656b5022173",
            "name": "Pauanui"
        },
        "timestamp": "2021-08-16T18:30:54.771282"
    },
    {
        "productData": {
            "name": "Monster Energy Drink Can Green 500ml",
            "productId": "monster-energy-green-500ml",
            "productShopPage": "https://pauanui.store.supervalue.co.nz/lines/monster-energy-green-500ml",
            "productImageURL": "https://dtgxwmigmg3gc.cloudfront.net/imagery/assets/derivations/icon/512/512/true/eyJpZCI6ImU3ZjNiNjJiNzI4Y2M0MTIxMjhiNjQ2ZmQ2OTQzMGEzIiwic3RvcmFnZSI6InB1YmxpY19zdG9yZSJ9?signature=637eac56411f57a79f345ea693f1418330d5742c3a04caddb460696dba06da06",
            "productDescription": ""
        },
        "priceData": {
            "bestPrice": "2.60",
            "price": "2.60",
            "pricePerLitre": 5.2,
            "bestPricePerLitre": 5.2
        },
        "store": {
            "id": "5e754ef6ec286656b5022173",
            "name": "Pauanui"
        },
        "timestamp": "2021-08-16T18:30:55.693400"
    },
    {
        "productData": {
            "name": "Monster Energy Drink Ultra Rosa 500ml",
            "productId": "monster-energy-drink-ultra-rosa-500ml",
            "productShopPage": "https://pauanui.store.supervalue.co.nz/lines/monster-energy-drink-ultra-rosa-500ml",
            "productImageURL": "https://dtgxwmigmg3gc.cloudfront.net/imagery/assets/derivations/icon/512/512/true/eyJpZCI6IjZjYzFjMzcwYzM4Mzk4N2MyOTUzNWIyMTFjZTJlYjgxIiwic3RvcmFnZSI6InB1YmxpY19zdG9yZSJ9?signature=9cd08284785f9b24647ecc7d1dc08214d9d00318cc809bebdef1921d6b78bb95",
            "productDescription": ""
        },
        "priceData": {
            "bestPrice": "2.60",
            "price": "2.60",
            "pricePerLitre": 5.2,
            "bestPricePerLitre": 5.2
        },
        "store": {
            "id": "5e754ef6ec286656b5022173",
            "name": "Pauanui"
        },
        "timestamp": "2021-08-16T18:30:56.906734"
    },
    {
        "productData": {
            "name": "Mother Energy Drink Berry 500ml",
            "productId": "mother-energy-drink-berry-500ml",
            "productShopPage": "https://pauanui.store.supervalue.co.nz/lines/mother-energy-drink-berry-500ml",
            "productImageURL": "https://dtgxwmigmg3gc.cloudfront.net/imagery/assets/derivations/icon/512/512/true/eyJpZCI6ImRhYTJlNjUzNzRjZjViNjI0ZDljNzUzNDA3YmE0ZDFkIiwic3RvcmFnZSI6InB1YmxpY19zdG9yZSJ9?signature=d9ffb465d71d599811c2ff7a788845bfe297eb3624ad7866a89cf0b3ece073f0",
            "productDescription": ""
        },
        "priceData": {
            "bestPrice": "2.20",
            "price": "2.20",
            "pricePerLitre": 4.4,
            "bestPricePerLitre": 4.4
        },
        "store": {
            "id": "5e754ef6ec286656b5022173",
            "name": "Pauanui"
        },
        "timestamp": "2021-08-16T18:30:59.582421"
    },
    {
        "productData": {
            "name": "Mother Energy Drink Black 500ml",
            "productId": "mother-energy-drink-black-500ml",
            "productShopPage": "https://pauanui.store.supervalue.co.nz/lines/mother-energy-drink-black-500ml",
            "productImageURL": "https://dtgxwmigmg3gc.cloudfront.net/imagery/assets/derivations/icon/512/512/true/eyJpZCI6ImYyMzA5MjhkYjg3ODFhYmYzZDU3ZjE1YjNmYzU2MWFjIiwic3RvcmFnZSI6InB1YmxpY19zdG9yZSJ9?signature=d3dbddb83d3d457075cd5d8936bef0c5b48fce4fa3fe725995d8b6d57219ceb5",
            "productDescription": ""
        },
        "priceData": {
            "bestPrice": "2.20",
            "price": "2.20",
            "pricePerLitre": 4.4,
            "bestPricePerLitre": 4.4
        },
        "store": {
            "id": "5e754ef6ec286656b5022173",
            "name": "Pauanui"
        },
        "timestamp": "2021-08-16T18:31:00.563421"
    },
    {
        "productData": {
            "name": "Mother Energy Drink Passion 500ml",
            "productId": "mother-energy-drink-passion-500ml",
            "productShopPage": "https://pauanui.store.supervalue.co.nz/lines/mother-energy-drink-passion-500ml",
            "productImageURL": "https://dtgxwmigmg3gc.cloudfront.net/imagery/assets/derivations/icon/512/512/true/eyJpZCI6ImQwODE2YTc4ZjBmNGU4NTU5Mzg1YjkxZmI5YjIzZjM0Iiwic3RvcmFnZSI6InB1YmxpY19zdG9yZSJ9?signature=713c495fef96a6427b917f0c7c7e855a963749ac5c1bf7dfd71e24ae08ea3123",
            "productDescription": ""
        },
        "priceData": {
            "bestPrice": "2.20",
            "price": "2.20",
            "pricePerLitre": 4.4,
            "bestPricePerLitre": 4.4
        },
        "store": {
            "id": "5e754ef6ec286656b5022173",
            "name": "Pauanui"
        },
        "timestamp": "2021-08-16T18:31:02.608508"
    },
    {
        "productData": {
            "name": "Mother Tropical Blast 500ml",
            "productId": "mother-tropical-blast-500ml",
            "productShopPage": "https://pauanui.store.supervalue.co.nz/lines/mother-tropical-blast-500ml",
            "productImageURL": "https://dtgxwmigmg3gc.cloudfront.net/imagery/assets/derivations/icon/512/512/true/eyJpZCI6ImEyZmM1OTUwNDhlODM5YTRhMjQ2MTI1OGEyYzNlZWZhIiwic3RvcmFnZSI6InB1YmxpY19zdG9yZSJ9?signature=6c9470ee4067e8ec32b58eeac9d628404d3986058a9b1cdef46014d1bee50944",
            "productDescription": ""
        },
        "priceData": {
            "bestPrice": "2.20",
            "price": "2.20",
            "pricePerLitre": 4.4,
            "bestPricePerLitre": 4.4
        },
        "store": {
            "id": "5e754ef6ec286656b5022173",
            "name": "Pauanui"
        },
        "timestamp": "2021-08-16T18:31:03.567984"
    },
    {
        "productData": {
            "name": "Mother Epic Swell Energy Drink Twisted Apple 500ml",
            "productId": "mother-epic-swell-energy-drink-twisted-apple-500ml",
            "productShopPage": "https://pauanui.store.supervalue.co.nz/lines/mother-epic-swell-energy-drink-twisted-apple-500ml",
            "productImageURL": "https://dtgxwmigmg3gc.cloudfront.net/imagery/assets/derivations/icon/512/512/true/eyJpZCI6ImE2ZjYxOGNhNjUyYzMxNzRhNjg2MDBhMGVjZmQ3MmJkIiwic3RvcmFnZSI6InB1YmxpY19zdG9yZSJ9?signature=954f74f8aba0fb24cb2a5248b1e93fe8a62fb8c7f902abbb08b7aed24bc44c80",
            "productDescription": ""
        },
        "priceData": {
            "bestPrice": "2.20",
            "price": "2.20",
            "pricePerLitre": 4.4,
            "bestPricePerLitre": 4.4
        },
        "store": {
            "id": "5e754ef6ec286656b5022173",
            "name": "Pauanui"
        },
        "timestamp": "2021-08-16T18:31:05.680002"
    },
    {
        "productData": {
            "name": "V Energy Drink Guarana 500ml",
            "productId": "v-energy-drink-guarana-500ml",
            "productShopPage": "https://pauanui.store.supervalue.co.nz/lines/v-energy-drink-guarana-500ml",
            "productImageURL": "https://dtgxwmigmg3gc.cloudfront.net/imagery/assets/derivations/icon/512/512/true/eyJpZCI6IjgzZDAxMjhiMzg4NmEwZmE4YTE2ZjY2NWIzNmM2NzI2Iiwic3RvcmFnZSI6InB1YmxpY19zdG9yZSJ9?signature=f55ecc561066291a4e74a967db35ea2355f881bd1708bf400fd790032384ae4f",
            "productDescription": ""
        },
        "priceData": {
            "bestPrice": "2.60",
            "price": "2.60",
            "pricePerLitre": 5.2,
            "bestPricePerLitre": 5.2
        },
        "store": {
            "id": "5e754ef6ec286656b5022173",
            "name": "Pauanui"
        },
        "timestamp": "2021-08-16T18:31:08.916835"
    },
    {
        "productData": {
            "name": "V Energy Drink Sugar Free Guarana 250ml",
            "productId": "v-energy-drink-sugar-free-guarana-250ml",
            "productShopPage": "https://pauanui.store.supervalue.co.nz/lines/v-energy-drink-sugar-free-guarana-250ml",
            "productImageURL": "https://dtgxwmigmg3gc.cloudfront.net/imagery/assets/derivations/icon/512/512/true/eyJpZCI6ImZiNzM1NmU4NTMyZDllODlkZTljZmNlOGY2MzQ5NGQwIiwic3RvcmFnZSI6InB1YmxpY19zdG9yZSJ9?signature=72b0ce0a48ca796717c115fe5e8b4564501470f63bf80ae865d26e9d131a2b8c",
            "productDescription": ""
        },
        "priceData": {
            "bestPrice": "2.90",
            "price": "2.90",
            "pricePerLitre": 11.6,
            "bestPricePerLitre": 11.6
        },
        "store": {
            "id": "5e754ef6ec286656b5022173",
            "name": "Pauanui"
        },
        "timestamp": "2021-08-16T18:31:10.745708"
    },
    {
        "productData": {
            "name": "V Energy Drink Blue Guarana Spritzed 350ml",
            "productId": "v-blue-energy-drink-blue-guarana-spritzed-350ml",
            "productShopPage": "https://pauanui.store.supervalue.co.nz/lines/v-blue-energy-drink-blue-guarana-spritzed-350ml",
            "productImageURL": "https://dtgxwmigmg3gc.cloudfront.net/imagery/assets/derivations/icon/512/512/true/eyJpZCI6ImY2OTRlZGI4NjdlNWMzZDM5NzgzMDQ0ODFkMzUxZGZiIiwic3RvcmFnZSI6InB1YmxpY19zdG9yZSJ9?signature=591b3079cb9c2407a29b3bc348eaf42dc1d34daba5c9d7aba65be654725b6719",
            "productDescription": ""
        },
        "priceData": {
            "bestPrice": "3.99",
            "price": "3.99",
            "pricePerLitre": 11.399999999999999,
            "bestPricePerLitre": 11.399999999999999
        },
        "store": {
            "id": "5e754ef6ec286656b5022173",
            "name": "Pauanui"
        },
        "timestamp": "2021-08-16T18:31:12.565615"
    },
    {
        "productData": {
            "name": "V Energy Drink Green Guarana 350ml",
            "productId": "v-energy-drink-green-guarana-350ml",
            "productShopPage": "https://pauanui.store.supervalue.co.nz/lines/v-energy-drink-green-guarana-350ml",
            "productImageURL": "https://dtgxwmigmg3gc.cloudfront.net/imagery/assets/derivations/icon/512/512/true/eyJpZCI6IjRiNjY4ZjYxOTQ2ODYyN2MzM2NiZWMyNGUyNmIyODk4Iiwic3RvcmFnZSI6InB1YmxpY19zdG9yZSJ9?signature=4cded9cb42349eef45a593461f311b1bb7fa881295733879671ad9fe9887d30c",
            "productDescription": ""
        },
        "priceData": {
            "bestPrice": "3.99",
            "price": "3.99",
            "pricePerLitre": 11.399999999999999,
            "bestPricePerLitre": 11.399999999999999
        },
        "store": {
            "id": "5e754ef6ec286656b5022173",
            "name": "Pauanui"
        },
        "timestamp": "2021-08-16T18:31:13.492515"
    },
    {
        "productData": {
            "name": "V Energy Drink Guarana Can 250ml",
            "productId": "v-energy-drink-guarana-can-250ml",
            "productShopPage": "https://pauanui.store.supervalue.co.nz/lines/v-energy-drink-guarana-can-250ml",
            "productImageURL": "https://dtgxwmigmg3gc.cloudfront.net/imagery/assets/derivations/icon/512/512/true/eyJpZCI6Ijc3Nzk1NjE2ZDhhNmFiMThhYzEzODYzOTg2ZmNkNzgwIiwic3RvcmFnZSI6InB1YmxpY19zdG9yZSJ9?signature=f5de1854d43e19cc62bff86893d4a55615cd916f8425a4dccd170b52eba81255",
            "productDescription": ""
        },
        "priceData": {
            "bestPrice": "2.90",
            "price": "2.90",
            "pricePerLitre": 11.6,
            "bestPricePerLitre": 11.6
        },
        "store": {
            "id": "5e754ef6ec286656b5022173",
            "name": "Pauanui"
        },
        "timestamp": "2021-08-16T18:31:14.448002"
    },
    {
        "productData": {
            "name": "V Energy Drink Guarana Can 500ml",
            "productId": "v-energy-drink-guarana-can-500ml",
            "productShopPage": "https://pauanui.store.supervalue.co.nz/lines/v-energy-drink-guarana-can-500ml",
            "productImageURL": "https://dtgxwmigmg3gc.cloudfront.net/imagery/assets/derivations/icon/512/512/true/eyJpZCI6ImI0NjgzNGZjNDRkMjU0MjgzYzJjZGNhMzA2NWIxYjA5Iiwic3RvcmFnZSI6InB1YmxpY19zdG9yZSJ9?signature=265e8273409849423466e7623cbbdf8352940707b8830803eec391e8f32c9c5f",
            "productDescription": ""
        },
        "priceData": {
            "bestPrice": "3.60",
            "price": "3.60",
            "pricePerLitre": 7.199999999999999,
            "bestPricePerLitre": 7.199999999999999
        },
        "store": {
            "id": "5e754ef6ec286656b5022173",
            "name": "Pauanui"
        },
        "timestamp": "2021-08-16T18:31:15.316194"
    },
    {
        "productData": {
            "name": "V Energy Drink Sugar Free Guarana 500ml",
            "productId": "v-energy-drink-sugar-free-guarana-500ml",
            "productShopPage": "https://pauanui.store.supervalue.co.nz/lines/v-energy-drink-sugar-free-guarana-500ml",
            "productImageURL": "https://dtgxwmigmg3gc.cloudfront.net/imagery/assets/derivations/icon/512/512/true/eyJpZCI6Ijg4MGExMDYxOTY4NTJiYzM1ZTExMmU2MGE2OWYxNDE3Iiwic3RvcmFnZSI6InB1YmxpY19zdG9yZSJ9?signature=b0536d25b9da8158705e24c88e21fabbf85c1dabc19f18108c386e956ffd7045",
            "productDescription": ""
        },
        "priceData": {
            "bestPrice": "3.60",
            "price": "3.60",
            "pricePerLitre": 7.199999999999999,
            "bestPricePerLitre": 7.199999999999999
        },
        "store": {
            "id": "5e754ef6ec286656b5022173",
            "name": "Pauanui"
        },
        "timestamp": "2021-08-16T18:31:17.930936"
    },
    {
        "productData": {
            "name": "V Blue Sugarfree Energy Drink 500ml",
            "productId": "v-blue-sugarfree-energy-drink-500ml",
            "productShopPage": "https://pauanui.store.supervalue.co.nz/lines/v-blue-sugarfree-energy-drink-500ml",
            "productImageURL": "https://dtgxwmigmg3gc.cloudfront.net/imagery/assets/derivations/icon/512/512/true/eyJpZCI6ImVmYjQyOWRmM2JjZjc3NTY1ZDIwMTEyNTY0MDdmZjA1Iiwic3RvcmFnZSI6InB1YmxpY19zdG9yZSJ9?signature=2911d59474d8305039a3be3bef0f887c38d9ab84596314b13cc4b150101175ab",
            "productDescription": ""
        },
        "priceData": {
            "bestPrice": "3.60",
            "price": "3.60",
            "pricePerLitre": 7.199999999999999,
            "bestPricePerLitre": 7.199999999999999
        },
        "store": {
            "id": "5e754ef6ec286656b5022173",
            "name": "Pauanui"
        },
        "timestamp": "2021-08-16T18:31:21.536151"
    },
    {
        "productData": {
            "name": "V Blue Energy Drink Blue Guarana Can 250ml",
            "productId": "v-blue-energy-drink-blue-guarana-can-250ml",
            "productShopPage": "https://pauanui.store.supervalue.co.nz/lines/v-blue-energy-drink-blue-guarana-can-250ml",
            "productImageURL": "https://dtgxwmigmg3gc.cloudfront.net/imagery/assets/derivations/icon/512/512/true/eyJpZCI6IjBmZjQwNDEyZWQ2ZDk4YTg3YWQ2ZDUyMWZlNjM1YzJkIiwic3RvcmFnZSI6InB1YmxpY19zdG9yZSJ9?signature=8f745abe5614ec47b3d7a07f1a34ba529184a87b2a696211ba5a0f9f29c86bf0",
            "productDescription": ""
        },
        "priceData": {
            "bestPrice": "2.90",
            "price": "2.90",
            "pricePerLitre": 11.6,
            "bestPricePerLitre": 11.6
        },
        "store": {
            "id": "5e754ef6ec286656b5022173",
            "name": "Pauanui"
        },
        "timestamp": "2021-08-16T18:31:25.119903"
    },
    {
        "productData": {
            "name": "V Blue Energy Drink Blue Guarana Can 500ml",
            "productId": "v-blue-energy-drink-blue-guarana-can-500ml",
            "productShopPage": "https://pauanui.store.supervalue.co.nz/lines/v-blue-energy-drink-blue-guarana-can-500ml",
            "productImageURL": "https://dtgxwmigmg3gc.cloudfront.net/imagery/assets/derivations/icon/512/512/true/eyJpZCI6ImFmYjEyYjVjYTU2YWI5ZDJhMTVmNGY2MDg2NWFlNzgxIiwic3RvcmFnZSI6InB1YmxpY19zdG9yZSJ9?signature=b537a8cc5a2c0f90f1702b2c541db44c3a740a0ec4a96e92ab2d6537f9320e8d",
            "productDescription": ""
        },
        "priceData": {
            "bestPrice": "3.60",
            "price": "3.60",
            "pricePerLitre": 7.199999999999999,
            "bestPricePerLitre": 7.199999999999999
        },
        "store": {
            "id": "5e754ef6ec286656b5022173",
            "name": "Pauanui"
        },
        "timestamp": "2021-08-16T18:31:25.966337"
    },
    {
        "productData": {
            "name": "V Energy Drink Sugar Free Guarana Bottle 350ml",
            "productId": "v-energy-drink-sugar-free-guarana-bottle-350ml",
            "productShopPage": "https://pauanui.store.supervalue.co.nz/lines/v-energy-drink-sugar-free-guarana-bottle-350ml",
            "productImageURL": "https://dtgxwmigmg3gc.cloudfront.net/imagery/assets/derivations/icon/512/512/true/eyJpZCI6IjQzYmZlOTg1YzY2ZGQ0ZDI1YzUyZDk3MGJhMmJhMGM3Iiwic3RvcmFnZSI6InB1YmxpY19zdG9yZSJ9?signature=7a4bb3eb2264f52495ae9ba8fbf21b5a3e59e12c0d6208cfa1591261da333f55",
            "productDescription": ""
        },
        "priceData": {
            "bestPrice": "3.99",
            "price": "3.99",
            "pricePerLitre": 11.399999999999999,
            "bestPricePerLitre": 11.399999999999999
        },
        "store": {
            "id": "5e754ef6ec286656b5022173",
            "name": "Pauanui"
        },
        "timestamp": "2021-08-16T18:31:29.798554"
    },
    {
        "productData": {
            "name": "Monster Super Fuel Zero Sugar 550ml",
            "productId": "monster-super-fuel-zero-sugar-550ml",
            "productShopPage": "https://pauanui.store.supervalue.co.nz/lines/monster-super-fuel-zero-sugar-550ml",
            "productImageURL": "https://dtgxwmigmg3gc.cloudfront.net/imagery/assets/derivations/icon/512/512/true/eyJpZCI6IjRkOTE3NzhmODIxNDI1ZDJjNDg3Yjc0M2YyMzEyYmYxIiwic3RvcmFnZSI6InB1YmxpY19zdG9yZSJ9?signature=4b9dbd15c40f85466e597873c567f989183b284947e8c8dc4df58667789214a2",
            "productDescription": ""
        },
        "priceData": {
            "bestPrice": "3.60",
            "price": "3.60",
            "pricePerLitre": 6.5,
            "bestPricePerLitre": 6.5
        },
        "store": {
            "id": "5e754ef6ec286656b5022173",
            "name": "Pauanui"
        },
        "timestamp": "2021-08-16T18:31:37.973821"
    },
    {
        "productData": {
            "name": "Monster Super Fuel Purple Passion 550ml",
            "productId": "monster-super-fuel-purple-passion-550ml",
            "productShopPage": "https://pauanui.store.supervalue.co.nz/lines/monster-super-fuel-purple-passion-550ml",
            "productImageURL": "https://dtgxwmigmg3gc.cloudfront.net/imagery/assets/derivations/icon/512/512/true/eyJpZCI6IjNkMTY1OTQwMzgyOTZjZjVlMjNlNjBjMDQ3NTE1YWM0Iiwic3RvcmFnZSI6InB1YmxpY19zdG9yZSJ9?signature=4d4ccd77dab941d955a8037242a41833afdc7251d3bd5b5c4b99705770273998",
            "productDescription": ""
        },
        "priceData": {
            "bestPrice": "3.60",
            "price": "3.60",
            "pricePerLitre": 6.5,
            "bestPricePerLitre": 6.5
        },
        "store": {
            "id": "5e754ef6ec286656b5022173",
            "name": "Pauanui"
        },
        "timestamp": "2021-08-16T18:31:41.906389"
    },
    {
        "productData": {
            "name": "Live Plus Energy Drink Citrus Flavour 500ml",
            "productId": "live-plus-persist-500ml",
            "productShopPage": "https://pauanui.store.supervalue.co.nz/lines/live-plus-persist-500ml",
            "productImageURL": "https://dtgxwmigmg3gc.cloudfront.net/imagery/assets/derivations/icon/512/512/true/eyJpZCI6IjFlNWQ5YzI4OWM1N2UzNmYzZmI2NThlMDQzZTI3ZjE4Iiwic3RvcmFnZSI6InB1YmxpY19zdG9yZSJ9?signature=756b17fefe47174b90e7dbec8cd09db27f9f59f4994bc750b71256ae93ba9fa8",
            "productDescription": ""
        },
        "priceData": {
            "bestPrice": "2.20",
            "price": "2.20",
            "pricePerLitre": 4.4,
            "bestPricePerLitre": 4.4
        },
        "store": {
            "id": "5e754ef6ec286656b5022173",
            "name": "Pauanui"
        },
        "timestamp": "2021-08-16T18:31:44.193498"
    },
    {
        "productData": {
            "name": "Mother Kicked Apple 500ml",
            "productId": "mother-kicked-apple-500ml",
            "productShopPage": "https://pyespa.store.supervalue.co.nz/lines/mother-kicked-apple-500ml",
            "productImageURL": "https://dtgxwmigmg3gc.cloudfront.net/imagery/assets/derivations/icon/512/512/true/eyJpZCI6IjNhZTlkYjkwYTM4MDFjMGEwYjUwYThhMDAwYjkyZjM0Iiwic3RvcmFnZSI6InB1YmxpY19zdG9yZSJ9?signature=c1a1db0a5d7b074c388cf08560fd44a4a2b6127821554198e54eeea8474325f6",
            "productDescription": ""
        },
        "priceData": {
            "bestPrice": "2.20",
            "price": "2.20",
            "pricePerLitre": 4.4,
            "bestPricePerLitre": 4.4
        },
        "store": {
            "id": "5e792ba4d7477633d806f99d",
            "name": "Pyes Pa"
        },
        "timestamp": "2021-08-16T18:31:55.185194"
    },
    {
        "productData": {
            "name": "Monster Energy Ultra Zero 500ml",
            "productId": "monster-energy-ultra-zero-500ml",
            "productShopPage": "https://pyespa.store.supervalue.co.nz/lines/monster-energy-ultra-zero-500ml",
            "productImageURL": "https://dtgxwmigmg3gc.cloudfront.net/imagery/assets/derivations/icon/512/512/true/eyJpZCI6IjdhN2FhYTUwZWU2NTYwYjBiNGY1NThhMTgwNmVlODI3Iiwic3RvcmFnZSI6InB1YmxpY19zdG9yZSJ9?signature=7907c49ba7d043175a426f84a71776de7dd51fa5c249237063aca9cb098abdbe",
            "productDescription": ""
        },
        "priceData": {
            "bestPrice": "2.60",
            "price": "2.60",
            "pricePerLitre": 5.2,
            "bestPricePerLitre": 5.2
        },
        "store": {
            "id": "5e792ba4d7477633d806f99d",
            "name": "Pyes Pa"
        },
        "timestamp": "2021-08-16T18:31:59.727082"
    },
    {
        "productData": {
            "name": "Monster Energy Drink Can Green 500ml",
            "productId": "monster-energy-green-500ml",
            "productShopPage": "https://pyespa.store.supervalue.co.nz/lines/monster-energy-green-500ml",
            "productImageURL": "https://dtgxwmigmg3gc.cloudfront.net/imagery/assets/derivations/icon/512/512/true/eyJpZCI6ImU3ZjNiNjJiNzI4Y2M0MTIxMjhiNjQ2ZmQ2OTQzMGEzIiwic3RvcmFnZSI6InB1YmxpY19zdG9yZSJ9?signature=637eac56411f57a79f345ea693f1418330d5742c3a04caddb460696dba06da06",
            "productDescription": ""
        },
        "priceData": {
            "bestPrice": "2.60",
            "price": "2.60",
            "pricePerLitre": 5.2,
            "bestPricePerLitre": 5.2
        },
        "store": {
            "id": "5e792ba4d7477633d806f99d",
            "name": "Pyes Pa"
        },
        "timestamp": "2021-08-16T18:32:00.573924"
    },
    {
        "productData": {
            "name": "Monster Energy Drink Ultra Rosa 500ml",
            "productId": "monster-energy-drink-ultra-rosa-500ml",
            "productShopPage": "https://pyespa.store.supervalue.co.nz/lines/monster-energy-drink-ultra-rosa-500ml",
            "productImageURL": "https://dtgxwmigmg3gc.cloudfront.net/imagery/assets/derivations/icon/512/512/true/eyJpZCI6IjZjYzFjMzcwYzM4Mzk4N2MyOTUzNWIyMTFjZTJlYjgxIiwic3RvcmFnZSI6InB1YmxpY19zdG9yZSJ9?signature=9cd08284785f9b24647ecc7d1dc08214d9d00318cc809bebdef1921d6b78bb95",
            "productDescription": ""
        },
        "priceData": {
            "bestPrice": "2.60",
            "price": "2.60",
            "pricePerLitre": 5.2,
            "bestPricePerLitre": 5.2
        },
        "store": {
            "id": "5e792ba4d7477633d806f99d",
            "name": "Pyes Pa"
        },
        "timestamp": "2021-08-16T18:32:01.461229"
    },
    {
        "productData": {
            "name": "Mother Energy Drink Berry 500ml",
            "productId": "mother-energy-drink-berry-500ml",
            "productShopPage": "https://pyespa.store.supervalue.co.nz/lines/mother-energy-drink-berry-500ml",
            "productImageURL": "https://dtgxwmigmg3gc.cloudfront.net/imagery/assets/derivations/icon/512/512/true/eyJpZCI6ImRhYTJlNjUzNzRjZjViNjI0ZDljNzUzNDA3YmE0ZDFkIiwic3RvcmFnZSI6InB1YmxpY19zdG9yZSJ9?signature=d9ffb465d71d599811c2ff7a788845bfe297eb3624ad7866a89cf0b3ece073f0",
            "productDescription": ""
        },
        "priceData": {
            "bestPrice": "2.20",
            "price": "2.20",
            "pricePerLitre": 4.4,
            "bestPricePerLitre": 4.4
        },
        "store": {
            "id": "5e792ba4d7477633d806f99d",
            "name": "Pyes Pa"
        },
        "timestamp": "2021-08-16T18:32:04.156175"
    },
    {
        "productData": {
            "name": "Mother Energy Drink Black 500ml",
            "productId": "mother-energy-drink-black-500ml",
            "productShopPage": "https://pyespa.store.supervalue.co.nz/lines/mother-energy-drink-black-500ml",
            "productImageURL": "https://dtgxwmigmg3gc.cloudfront.net/imagery/assets/derivations/icon/512/512/true/eyJpZCI6ImYyMzA5MjhkYjg3ODFhYmYzZDU3ZjE1YjNmYzU2MWFjIiwic3RvcmFnZSI6InB1YmxpY19zdG9yZSJ9?signature=d3dbddb83d3d457075cd5d8936bef0c5b48fce4fa3fe725995d8b6d57219ceb5",
            "productDescription": ""
        },
        "priceData": {
            "bestPrice": "2.20",
            "price": "2.20",
            "pricePerLitre": 4.4,
            "bestPricePerLitre": 4.4
        },
        "store": {
            "id": "5e792ba4d7477633d806f99d",
            "name": "Pyes Pa"
        },
        "timestamp": "2021-08-16T18:32:05.156786"
    },
    {
        "productData": {
            "name": "Mother Energy Drink Passion 500ml",
            "productId": "mother-energy-drink-passion-500ml",
            "productShopPage": "https://pyespa.store.supervalue.co.nz/lines/mother-energy-drink-passion-500ml",
            "productImageURL": "https://dtgxwmigmg3gc.cloudfront.net/imagery/assets/derivations/icon/512/512/true/eyJpZCI6ImQwODE2YTc4ZjBmNGU4NTU5Mzg1YjkxZmI5YjIzZjM0Iiwic3RvcmFnZSI6InB1YmxpY19zdG9yZSJ9?signature=713c495fef96a6427b917f0c7c7e855a963749ac5c1bf7dfd71e24ae08ea3123",
            "productDescription": ""
        },
        "priceData": {
            "bestPrice": "2.20",
            "price": "2.20",
            "pricePerLitre": 4.4,
            "bestPricePerLitre": 4.4
        },
        "store": {
            "id": "5e792ba4d7477633d806f99d",
            "name": "Pyes Pa"
        },
        "timestamp": "2021-08-16T18:32:07.128274"
    },
    {
        "productData": {
            "name": "Mother Epic Swell Energy Drink Twisted Apple 500ml",
            "productId": "mother-epic-swell-energy-drink-twisted-apple-500ml",
            "productShopPage": "https://pyespa.store.supervalue.co.nz/lines/mother-epic-swell-energy-drink-twisted-apple-500ml",
            "productImageURL": "https://dtgxwmigmg3gc.cloudfront.net/imagery/assets/derivations/icon/512/512/true/eyJpZCI6ImE2ZjYxOGNhNjUyYzMxNzRhNjg2MDBhMGVjZmQ3MmJkIiwic3RvcmFnZSI6InB1YmxpY19zdG9yZSJ9?signature=954f74f8aba0fb24cb2a5248b1e93fe8a62fb8c7f902abbb08b7aed24bc44c80",
            "productDescription": ""
        },
        "priceData": {
            "bestPrice": "2.20",
            "price": "2.20",
            "pricePerLitre": 4.4,
            "bestPricePerLitre": 4.4
        },
        "store": {
            "id": "5e792ba4d7477633d806f99d",
            "name": "Pyes Pa"
        },
        "timestamp": "2021-08-16T18:32:10.035389"
    },
    {
        "productData": {
            "name": "V Energy Drink Guarana 500ml",
            "productId": "v-energy-drink-guarana-500ml",
            "productShopPage": "https://pyespa.store.supervalue.co.nz/lines/v-energy-drink-guarana-500ml",
            "productImageURL": "https://dtgxwmigmg3gc.cloudfront.net/imagery/assets/derivations/icon/512/512/true/eyJpZCI6IjgzZDAxMjhiMzg4NmEwZmE4YTE2ZjY2NWIzNmM2NzI2Iiwic3RvcmFnZSI6InB1YmxpY19zdG9yZSJ9?signature=f55ecc561066291a4e74a967db35ea2355f881bd1708bf400fd790032384ae4f",
            "productDescription": ""
        },
        "priceData": {
            "bestPrice": "2.60",
            "price": "2.60",
            "pricePerLitre": 5.2,
            "bestPricePerLitre": 5.2
        },
        "store": {
            "id": "5e792ba4d7477633d806f99d",
            "name": "Pyes Pa"
        },
        "timestamp": "2021-08-16T18:32:12.749773"
    },
    {
        "productData": {
            "name": "V Energy Drink Sugar Free Guarana 250ml",
            "productId": "v-energy-drink-sugar-free-guarana-250ml",
            "productShopPage": "https://pyespa.store.supervalue.co.nz/lines/v-energy-drink-sugar-free-guarana-250ml",
            "productImageURL": "https://dtgxwmigmg3gc.cloudfront.net/imagery/assets/derivations/icon/512/512/true/eyJpZCI6ImZiNzM1NmU4NTMyZDllODlkZTljZmNlOGY2MzQ5NGQwIiwic3RvcmFnZSI6InB1YmxpY19zdG9yZSJ9?signature=72b0ce0a48ca796717c115fe5e8b4564501470f63bf80ae865d26e9d131a2b8c",
            "productDescription": ""
        },
        "priceData": {
            "bestPrice": "2.50",
            "price": "2.50",
            "pricePerLitre": 10.0,
            "bestPricePerLitre": 10.0
        },
        "store": {
            "id": "5e792ba4d7477633d806f99d",
            "name": "Pyes Pa"
        },
        "timestamp": "2021-08-16T18:32:15.043625"
    },
    {
        "productData": {
            "name": "V Energy Drink Blue Guarana Spritzed 350ml",
            "productId": "v-blue-energy-drink-blue-guarana-spritzed-350ml",
            "productShopPage": "https://pyespa.store.supervalue.co.nz/lines/v-blue-energy-drink-blue-guarana-spritzed-350ml",
            "productImageURL": "https://dtgxwmigmg3gc.cloudfront.net/imagery/assets/derivations/icon/512/512/true/eyJpZCI6ImY2OTRlZGI4NjdlNWMzZDM5NzgzMDQ0ODFkMzUxZGZiIiwic3RvcmFnZSI6InB1YmxpY19zdG9yZSJ9?signature=591b3079cb9c2407a29b3bc348eaf42dc1d34daba5c9d7aba65be654725b6719",
            "productDescription": ""
        },
        "priceData": {
            "bestPrice": "3.79",
            "price": "3.79",
            "pricePerLitre": 10.8,
            "bestPricePerLitre": 10.8
        },
        "store": {
            "id": "5e792ba4d7477633d806f99d",
            "name": "Pyes Pa"
        },
        "timestamp": "2021-08-16T18:32:16.845027"
    },
    {
        "productData": {
            "name": "V Energy Drink Green Guarana 350ml",
            "productId": "v-energy-drink-green-guarana-350ml",
            "productShopPage": "https://pyespa.store.supervalue.co.nz/lines/v-energy-drink-green-guarana-350ml",
            "productImageURL": "https://dtgxwmigmg3gc.cloudfront.net/imagery/assets/derivations/icon/512/512/true/eyJpZCI6IjRiNjY4ZjYxOTQ2ODYyN2MzM2NiZWMyNGUyNmIyODk4Iiwic3RvcmFnZSI6InB1YmxpY19zdG9yZSJ9?signature=4cded9cb42349eef45a593461f311b1bb7fa881295733879671ad9fe9887d30c",
            "productDescription": ""
        },
        "priceData": {
            "bestPrice": "3.79",
            "price": "3.79",
            "pricePerLitre": 10.8,
            "bestPricePerLitre": 10.8
        },
        "store": {
            "id": "5e792ba4d7477633d806f99d",
            "name": "Pyes Pa"
        },
        "timestamp": "2021-08-16T18:32:17.733282"
    },
    {
        "productData": {
            "name": "V Energy Drink Guarana Can 250ml",
            "productId": "v-energy-drink-guarana-can-250ml",
            "productShopPage": "https://pyespa.store.supervalue.co.nz/lines/v-energy-drink-guarana-can-250ml",
            "productImageURL": "https://dtgxwmigmg3gc.cloudfront.net/imagery/assets/derivations/icon/512/512/true/eyJpZCI6Ijc3Nzk1NjE2ZDhhNmFiMThhYzEzODYzOTg2ZmNkNzgwIiwic3RvcmFnZSI6InB1YmxpY19zdG9yZSJ9?signature=f5de1854d43e19cc62bff86893d4a55615cd916f8425a4dccd170b52eba81255",
            "productDescription": ""
        },
        "priceData": {
            "bestPrice": "2.50",
            "price": "2.50",
            "pricePerLitre": 10.0,
            "bestPricePerLitre": 10.0
        },
        "store": {
            "id": "5e792ba4d7477633d806f99d",
            "name": "Pyes Pa"
        },
        "timestamp": "2021-08-16T18:32:18.808929"
    },
    {
        "productData": {
            "name": "V Energy Drink Guarana Can 500ml",
            "productId": "v-energy-drink-guarana-can-500ml",
            "productShopPage": "https://pyespa.store.supervalue.co.nz/lines/v-energy-drink-guarana-can-500ml",
            "productImageURL": "https://dtgxwmigmg3gc.cloudfront.net/imagery/assets/derivations/icon/512/512/true/eyJpZCI6ImI0NjgzNGZjNDRkMjU0MjgzYzJjZGNhMzA2NWIxYjA5Iiwic3RvcmFnZSI6InB1YmxpY19zdG9yZSJ9?signature=265e8273409849423466e7623cbbdf8352940707b8830803eec391e8f32c9c5f",
            "productDescription": ""
        },
        "priceData": {
            "bestPrice": "3.60",
            "price": "3.60",
            "pricePerLitre": 7.199999999999999,
            "bestPricePerLitre": 7.199999999999999
        },
        "store": {
            "id": "5e792ba4d7477633d806f99d",
            "name": "Pyes Pa"
        },
        "timestamp": "2021-08-16T18:32:19.728874"
    },
    {
        "productData": {
            "name": "V Energy Drink Skills Cans 275ml 4 Pack",
            "productId": "v-energy-drink-skills-cans-275ml-4-pack",
            "productShopPage": "https://pyespa.store.supervalue.co.nz/lines/v-energy-drink-skills-cans-275ml-4-pack",
            "productImageURL": "https://dtgxwmigmg3gc.cloudfront.net/imagery/assets/derivations/icon/512/512/true/eyJpZCI6ImZhMzA2N2NiM2YxMmVkM2ZhZjhhYmM4OGE1YTJhNzczIiwic3RvcmFnZSI6InB1YmxpY19zdG9yZSJ9?signature=34fcde8f5a021036c475a1dfff6748625e0747bb134ec737312b15bbe8e883eb",
            "productDescription": ""
        },
        "priceData": {
            "bestPrice": "8.00",
            "price": "8.00",
            "pricePerLitre": 7.3,
            "bestPricePerLitre": 7.3
        },
        "store": {
            "id": "5e792ba4d7477633d806f99d",
            "name": "Pyes Pa"
        },
        "timestamp": "2021-08-16T18:32:23.636752"
    },
    {
        "productData": {
            "name": "V Blue Energy Drink Bottle 500ml",
            "productId": "v-blue-energy-drink-bottle-500ml",
            "productShopPage": "https://pyespa.store.supervalue.co.nz/lines/v-blue-energy-drink-bottle-500ml",
            "productImageURL": "https://dtgxwmigmg3gc.cloudfront.net/imagery/assets/derivations/icon/512/512/true/eyJpZCI6IjgyYWYxYWY4MGI4MzUxODhiYmVhZGVhM2U2NzY0MzI5Iiwic3RvcmFnZSI6InB1YmxpY19zdG9yZSJ9?signature=7e70fc576864a528a1431734d680cbf177a11b419a692dbfd34800c31b8944ec",
            "productDescription": ""
        },
        "priceData": {
            "bestPrice": "2.60",
            "price": "2.60",
            "pricePerLitre": 5.2,
            "bestPricePerLitre": 5.2
        },
        "store": {
            "id": "5e792ba4d7477633d806f99d",
            "name": "Pyes Pa"
        },
        "timestamp": "2021-08-16T18:32:25.629132"
    },
    {
        "productData": {
            "name": "V Blue Sugarfree Energy Drink 500ml",
            "productId": "v-blue-sugarfree-energy-drink-500ml",
            "productShopPage": "https://pyespa.store.supervalue.co.nz/lines/v-blue-sugarfree-energy-drink-500ml",
            "productImageURL": "https://dtgxwmigmg3gc.cloudfront.net/imagery/assets/derivations/icon/512/512/true/eyJpZCI6ImVmYjQyOWRmM2JjZjc3NTY1ZDIwMTEyNTY0MDdmZjA1Iiwic3RvcmFnZSI6InB1YmxpY19zdG9yZSJ9?signature=2911d59474d8305039a3be3bef0f887c38d9ab84596314b13cc4b150101175ab",
            "productDescription": ""
        },
        "priceData": {
            "bestPrice": "3.60",
            "price": "3.60",
            "pricePerLitre": 7.199999999999999,
            "bestPricePerLitre": 7.199999999999999
        },
        "store": {
            "id": "5e792ba4d7477633d806f99d",
            "name": "Pyes Pa"
        },
        "timestamp": "2021-08-16T18:32:26.485034"
    },
    {
        "productData": {
            "name": "V Blue Energy Drink Blue Guarana Can 500ml",
            "productId": "v-blue-energy-drink-blue-guarana-can-500ml",
            "productShopPage": "https://pyespa.store.supervalue.co.nz/lines/v-blue-energy-drink-blue-guarana-can-500ml",
            "productImageURL": "https://dtgxwmigmg3gc.cloudfront.net/imagery/assets/derivations/icon/512/512/true/eyJpZCI6ImFmYjEyYjVjYTU2YWI5ZDJhMTVmNGY2MDg2NWFlNzgxIiwic3RvcmFnZSI6InB1YmxpY19zdG9yZSJ9?signature=b537a8cc5a2c0f90f1702b2c541db44c3a740a0ec4a96e92ab2d6537f9320e8d",
            "productDescription": ""
        },
        "priceData": {
            "bestPrice": "3.60",
            "price": "3.60",
            "pricePerLitre": 7.199999999999999,
            "bestPricePerLitre": 7.199999999999999
        },
        "store": {
            "id": "5e792ba4d7477633d806f99d",
            "name": "Pyes Pa"
        },
        "timestamp": "2021-08-16T18:32:30.988618"
    },
    {
        "productData": {
            "name": "V Energy Drink Sugar Free Guarana 275ml 4 Pack",
            "productId": "v-energy-drink-sugar-free-guarana-275ml-4-pack",
            "productShopPage": "https://pyespa.store.supervalue.co.nz/lines/v-energy-drink-sugar-free-guarana-275ml-4-pack",
            "productImageURL": "https://dtgxwmigmg3gc.cloudfront.net/imagery/assets/derivations/icon/512/512/true/eyJpZCI6IjdiYzk4MzAyN2RlNTU0MjQ4NDZkZTEzOTYzMDhmZWY0Iiwic3RvcmFnZSI6InB1YmxpY19zdG9yZSJ9?signature=6fe2c0378a010de1a1a8a9b1ea9c06d97cf3e6fef4a86c66b9cdd5f4bab7bcd6",
            "productDescription": ""
        },
        "priceData": {
            "bestPrice": "8.00",
            "price": "8.00",
            "pricePerLitre": 7.3,
            "bestPricePerLitre": 7.3
        },
        "store": {
            "id": "5e792ba4d7477633d806f99d",
            "name": "Pyes Pa"
        },
        "timestamp": "2021-08-16T18:32:34.164177"
    },
    {
        "productData": {
            "name": "V Energy Drink Sugar Free Guarana Bottle 350ml",
            "productId": "v-energy-drink-sugar-free-guarana-bottle-350ml",
            "productShopPage": "https://pyespa.store.supervalue.co.nz/lines/v-energy-drink-sugar-free-guarana-bottle-350ml",
            "productImageURL": "https://dtgxwmigmg3gc.cloudfront.net/imagery/assets/derivations/icon/512/512/true/eyJpZCI6IjQzYmZlOTg1YzY2ZGQ0ZDI1YzUyZDk3MGJhMmJhMGM3Iiwic3RvcmFnZSI6InB1YmxpY19zdG9yZSJ9?signature=7a4bb3eb2264f52495ae9ba8fbf21b5a3e59e12c0d6208cfa1591261da333f55",
            "productDescription": ""
        },
        "priceData": {
            "bestPrice": "3.79",
            "price": "3.79",
            "pricePerLitre": 10.8,
            "bestPricePerLitre": 10.8
        },
        "store": {
            "id": "5e792ba4d7477633d806f99d",
            "name": "Pyes Pa"
        },
        "timestamp": "2021-08-16T18:32:35.165842"
    },
    {
        "productData": {
            "name": "V Raspberry Lemonade Energy Drink 4x275ml",
            "productId": "v-energy-drink-raspberry-lemonade-4-x-275ml-cans",
            "productShopPage": "https://pyespa.store.supervalue.co.nz/lines/v-energy-drink-raspberry-lemonade-4-x-275ml-cans",
            "productImageURL": "https://dtgxwmigmg3gc.cloudfront.net/imagery/assets/derivations/icon/512/512/true/eyJpZCI6IjQ2MzE5NTc1YTNlNDc2YWFlOWFmYzkzYjg5YTIzZmU3Iiwic3RvcmFnZSI6InB1YmxpY19zdG9yZSJ9?signature=9589191fe8e8372f03cc1eafaa844916cfe9f79df0af381c3fcba9ff575f2803",
            "productDescription": ""
        },
        "priceData": {
            "bestPrice": "8.00",
            "price": "8.00",
            "pricePerLitre": 7.3,
            "bestPricePerLitre": 7.3
        },
        "store": {
            "id": "5e792ba4d7477633d806f99d",
            "name": "Pyes Pa"
        },
        "timestamp": "2021-08-16T18:32:37.479700"
    },
    {
        "productData": {
            "name": "V Pure Energy Drink Bottle 330ml",
            "productId": "v-pure-330ml-bottle",
            "productShopPage": "https://pyespa.store.supervalue.co.nz/lines/v-pure-330ml-bottle",
            "productImageURL": "https://dtgxwmigmg3gc.cloudfront.net/imagery/assets/derivations/icon/512/512/true/eyJpZCI6ImFjZmFlNGE1MmQ1ZmNhOTVhN2IyNzdhOGQ3ZTBjNTY0Iiwic3RvcmFnZSI6InB1YmxpY19zdG9yZSJ9?signature=ff03797de044ef70d02854192249a79b3cd819353c7171ef7358378e76bfc089",
            "productDescription": ""
        },
        "priceData": {
            "bestPrice": "3.79",
            "price": "3.79",
            "pricePerLitre": 11.5,
            "bestPricePerLitre": 11.5
        },
        "store": {
            "id": "5e792ba4d7477633d806f99d",
            "name": "Pyes Pa"
        },
        "timestamp": "2021-08-16T18:32:39.410106"
    },
    {
        "productData": {
            "name": "V Green Energy Drink 355ml 6 Pack",
            "productId": "v-green-energy-drink-355ml-6-pack",
            "productShopPage": "https://pyespa.store.supervalue.co.nz/lines/v-green-energy-drink-355ml-6-pack",
            "productImageURL": "https://dtgxwmigmg3gc.cloudfront.net/imagery/assets/derivations/icon/512/512/true/eyJpZCI6ImRiOTAxYjhjNGE3NzQyNTEyYTljM2M5YTI2ZmQ5MTE5Iiwic3RvcmFnZSI6InB1YmxpY19zdG9yZSJ9?signature=12de0554d72324a76472d930a39c587a4837a2f051666f744164725a96b2f104",
            "productDescription": ""
        },
        "priceData": {
            "bestPrice": "12.00",
            "price": "12.00",
            "pricePerLitre": 5.6000000000000005,
            "bestPricePerLitre": 5.6000000000000005
        },
        "store": {
            "id": "5e792ba4d7477633d806f99d",
            "name": "Pyes Pa"
        },
        "timestamp": "2021-08-16T18:32:40.445931"
    },
    {
        "productData": {
            "name": "Monster Super Fuel Zero Sugar 550ml",
            "productId": "monster-super-fuel-zero-sugar-550ml",
            "productShopPage": "https://pyespa.store.supervalue.co.nz/lines/monster-super-fuel-zero-sugar-550ml",
            "productImageURL": "https://dtgxwmigmg3gc.cloudfront.net/imagery/assets/derivations/icon/512/512/true/eyJpZCI6IjRkOTE3NzhmODIxNDI1ZDJjNDg3Yjc0M2YyMzEyYmYxIiwic3RvcmFnZSI6InB1YmxpY19zdG9yZSJ9?signature=4b9dbd15c40f85466e597873c567f989183b284947e8c8dc4df58667789214a2",
            "productDescription": ""
        },
        "priceData": {
            "bestPrice": "3.60",
            "price": "3.60",
            "pricePerLitre": 6.5,
            "bestPricePerLitre": 6.5
        },
        "store": {
            "id": "5e792ba4d7477633d806f99d",
            "name": "Pyes Pa"
        },
        "timestamp": "2021-08-16T18:32:43.802521"
    },
    {
        "productData": {
            "name": "Monster Super Fuel Purple Passion 550ml",
            "productId": "monster-super-fuel-purple-passion-550ml",
            "productShopPage": "https://pyespa.store.supervalue.co.nz/lines/monster-super-fuel-purple-passion-550ml",
            "productImageURL": "https://dtgxwmigmg3gc.cloudfront.net/imagery/assets/derivations/icon/512/512/true/eyJpZCI6IjNkMTY1OTQwMzgyOTZjZjVlMjNlNjBjMDQ3NTE1YWM0Iiwic3RvcmFnZSI6InB1YmxpY19zdG9yZSJ9?signature=4d4ccd77dab941d955a8037242a41833afdc7251d3bd5b5c4b99705770273998",
            "productDescription": ""
        },
        "priceData": {
            "bestPrice": "3.60",
            "price": "3.60",
            "pricePerLitre": 6.5,
            "bestPricePerLitre": 6.5
        },
        "store": {
            "id": "5e792ba4d7477633d806f99d",
            "name": "Pyes Pa"
        },
        "timestamp": "2021-08-16T18:32:47.838561"
    },
    {
        "productData": {
            "name": "Live Plus Energy Drink Citrus Flavour 500ml",
            "productId": "live-plus-persist-500ml",
            "productShopPage": "https://pyespa.store.supervalue.co.nz/lines/live-plus-persist-500ml",
            "productImageURL": "https://dtgxwmigmg3gc.cloudfront.net/imagery/assets/derivations/icon/512/512/true/eyJpZCI6IjFlNWQ5YzI4OWM1N2UzNmYzZmI2NThlMDQzZTI3ZjE4Iiwic3RvcmFnZSI6InB1YmxpY19zdG9yZSJ9?signature=756b17fefe47174b90e7dbec8cd09db27f9f59f4994bc750b71256ae93ba9fa8",
            "productDescription": ""
        },
        "priceData": {
            "bestPrice": "2.20",
            "price": "2.20",
            "pricePerLitre": 4.4,
            "bestPricePerLitre": 4.4
        },
        "store": {
            "id": "5e792ba4d7477633d806f99d",
            "name": "Pyes Pa"
        },
        "timestamp": "2021-08-16T18:32:49.627802"
    },
    {
        "productData": {
            "name": "Live Plus Energy Drink Original Citrus Flavour 355ml",
            "productId": "live-plus-persist-glass-355ml",
            "productShopPage": "https://pyespa.store.supervalue.co.nz/lines/live-plus-persist-glass-355ml",
            "productImageURL": "https://dtgxwmigmg3gc.cloudfront.net/imagery/assets/derivations/icon/512/512/true/eyJpZCI6ImYzMjZlMTdmMmI5ZGRjZGYzYmFmNzNiMWQzN2Y5NDI4Iiwic3RvcmFnZSI6InB1YmxpY19zdG9yZSJ9?signature=8fa31eb2b309e9c7a293ba2e7a7541e3cdc686b1d3f519044aa97c666ae5f630",
            "productDescription": ""
        },
        "priceData": {
            "bestPrice": "2.10",
            "price": "2.10",
            "pricePerLitre": 5.8999999999999995,
            "bestPricePerLitre": 5.8999999999999995
        },
        "store": {
            "id": "5e792ba4d7477633d806f99d",
            "name": "Pyes Pa"
        },
        "timestamp": "2021-08-16T18:32:53.046735"
    },
    {
        "productData": {
            "name": "Live Plus Energy Drink Original Citrus Flavour 6x250ml",
            "productId": "live-plus-persist-250ml-6pack",
            "productShopPage": "https://pyespa.store.supervalue.co.nz/lines/live-plus-persist-250ml-6pack",
            "productImageURL": "https://dtgxwmigmg3gc.cloudfront.net/imagery/assets/derivations/icon/512/512/true/eyJpZCI6IjNmODNiNGI4MzI4MzJmNzhjZmJhNDA1OGUyZWFlM2ZhIiwic3RvcmFnZSI6InB1YmxpY19zdG9yZSJ9?signature=0257f943d0c41562773e51cbd42327ad911228832e33494e9c30381e20305337",
            "productDescription": ""
        },
        "priceData": {
            "bestPrice": "8.00",
            "price": "8.00",
            "pricePerLitre": 5.300000000000001,
            "bestPricePerLitre": 5.300000000000001
        },
        "store": {
            "id": "5e792ba4d7477633d806f99d",
            "name": "Pyes Pa"
        },
        "timestamp": "2021-08-16T18:32:54.106061"
    },
    {
        "productData": {
            "name": "Rockstar Punched Energy Guava 500ml",
            "productId": "rockstar-punched-energy-guava-500ml",
            "productShopPage": "https://pyespa.store.supervalue.co.nz/lines/rockstar-punched-energy-guava-500ml",
            "productImageURL": "https://dtgxwmigmg3gc.cloudfront.net/imagery/assets/derivations/icon/512/512/true/eyJpZCI6IjBmNGEyNjU2MGQwM2Y4OGI4MWE3ZTMyODUzYTRlN2QyIiwic3RvcmFnZSI6InB1YmxpY19zdG9yZSJ9?signature=fab45ac774e74d87cf7a79de075f47290676fd6d4afcf212198c745670d5ce29",
            "productDescription": ""
        },
        "priceData": {
            "bestPrice": "2.20",
            "price": "2.20",
            "pricePerLitre": 4.4,
            "bestPricePerLitre": 4.4
        },
        "store": {
            "id": "5e792ba4d7477633d806f99d",
            "name": "Pyes Pa"
        },
        "timestamp": "2021-08-16T18:32:57.833484"
    },
    {
        "productData": {
            "name": "Mother Kicked Apple 500ml",
            "productId": "mother-kicked-apple-500ml",
            "productShopPage": "https://raglan.store.supervalue.co.nz/lines/mother-kicked-apple-500ml",
            "productImageURL": "https://dtgxwmigmg3gc.cloudfront.net/imagery/assets/derivations/icon/512/512/true/eyJpZCI6IjNhZTlkYjkwYTM4MDFjMGEwYjUwYThhMDAwYjkyZjM0Iiwic3RvcmFnZSI6InB1YmxpY19zdG9yZSJ9?signature=c1a1db0a5d7b074c388cf08560fd44a4a2b6127821554198e54eeea8474325f6",
            "productDescription": ""
        },
        "priceData": {
            "bestPrice": "2.20",
            "price": "2.20",
            "pricePerLitre": 4.4,
            "bestPricePerLitre": 4.4
        },
        "store": {
            "id": "5e75a96ffbe98b3c3e00174e",
            "name": "Raglan"
        },
        "timestamp": "2021-08-16T18:33:00.713513"
    },
    {
        "productData": {
            "name": "Monster Energy Import 550ml",
            "productId": "monster-energy-import-550ml",
            "productShopPage": "https://raglan.store.supervalue.co.nz/lines/monster-energy-import-550ml",
            "productImageURL": "https://dtgxwmigmg3gc.cloudfront.net/imagery/assets/derivations/icon/512/512/true/eyJpZCI6IjExYzliZTgxY2M3MTNjMDQzM2NmZGQ2ZWE1NjI3MTA0Iiwic3RvcmFnZSI6InB1YmxpY19zdG9yZSJ9?signature=e09322a0a00112a858095e689d2e825f79d154fd3e8577005948dde9d51afb47",
            "productDescription": ""
        },
        "priceData": {
            "bestPrice": "3.69",
            "price": "3.69"
        },
        "store": {
            "id": "5e75a96ffbe98b3c3e00174e",
            "name": "Raglan"
        },
        "timestamp": "2021-08-16T18:33:02.579505"
    },
    {
        "productData": {
            "name": "Monster Energy Ultra Paradise 500ml",
            "productId": "monster-energy-drink-ultra-paradise-500ml",
            "productShopPage": "https://raglan.store.supervalue.co.nz/lines/monster-energy-drink-ultra-paradise-500ml",
            "productImageURL": "https://dtgxwmigmg3gc.cloudfront.net/imagery/assets/derivations/icon/512/512/true/eyJpZCI6ImZiZDRkZTQxNzA0M2FiYTUyMjMwZWI0NTcyZGNmYTE1Iiwic3RvcmFnZSI6InB1YmxpY19zdG9yZSJ9?signature=8a439bf26b71114289dfea1720ed331b1e4784c534deade29db8ac38b1cc7c1a",
            "productDescription": ""
        },
        "priceData": {
            "bestPrice": "2.60",
            "price": "2.60",
            "pricePerLitre": 5.2,
            "bestPricePerLitre": 5.2
        },
        "store": {
            "id": "5e75a96ffbe98b3c3e00174e",
            "name": "Raglan"
        },
        "timestamp": "2021-08-16T18:33:03.506850"
    },
    {
        "productData": {
            "name": "Monster Energy Ultra Sunrise 500ml",
            "productId": "monster-energy-ultra-sunrise-500ml",
            "productShopPage": "https://raglan.store.supervalue.co.nz/lines/monster-energy-ultra-sunrise-500ml",
            "productImageURL": "https://dtgxwmigmg3gc.cloudfront.net/imagery/assets/derivations/icon/512/512/true/eyJpZCI6ImFlNTVkY2RiZTZiZjg3OGZjZTdlOTU1OTFhMDE4YTdiIiwic3RvcmFnZSI6InB1YmxpY19zdG9yZSJ9?signature=b98350feca08b6ab128cc925fef23a58f65a36f94ede15cb2174f6f88a0f8a0f",
            "productDescription": ""
        },
        "priceData": {
            "bestPrice": "2.60",
            "price": "2.60",
            "pricePerLitre": 5.2,
            "bestPricePerLitre": 5.2
        },
        "store": {
            "id": "5e75a96ffbe98b3c3e00174e",
            "name": "Raglan"
        },
        "timestamp": "2021-08-16T18:33:04.439696"
    },
    {
        "productData": {
            "name": "Monster Energy Ultra Zero 500ml",
            "productId": "monster-energy-ultra-zero-500ml",
            "productShopPage": "https://raglan.store.supervalue.co.nz/lines/monster-energy-ultra-zero-500ml",
            "productImageURL": "https://dtgxwmigmg3gc.cloudfront.net/imagery/assets/derivations/icon/512/512/true/eyJpZCI6IjdhN2FhYTUwZWU2NTYwYjBiNGY1NThhMTgwNmVlODI3Iiwic3RvcmFnZSI6InB1YmxpY19zdG9yZSJ9?signature=7907c49ba7d043175a426f84a71776de7dd51fa5c249237063aca9cb098abdbe",
            "productDescription": ""
        },
        "priceData": {
            "bestPrice": "2.60",
            "price": "2.60",
            "pricePerLitre": 5.2,
            "bestPricePerLitre": 5.2
        },
        "store": {
            "id": "5e75a96ffbe98b3c3e00174e",
            "name": "Raglan"
        },
        "timestamp": "2021-08-16T18:33:05.524898"
    },
    {
        "productData": {
            "name": "Monster Energy Drink Can Green 500ml",
            "productId": "monster-energy-green-500ml",
            "productShopPage": "https://raglan.store.supervalue.co.nz/lines/monster-energy-green-500ml",
            "productImageURL": "https://dtgxwmigmg3gc.cloudfront.net/imagery/assets/derivations/icon/512/512/true/eyJpZCI6ImU3ZjNiNjJiNzI4Y2M0MTIxMjhiNjQ2ZmQ2OTQzMGEzIiwic3RvcmFnZSI6InB1YmxpY19zdG9yZSJ9?signature=637eac56411f57a79f345ea693f1418330d5742c3a04caddb460696dba06da06",
            "productDescription": ""
        },
        "priceData": {
            "bestPrice": "2.60",
            "price": "2.60",
            "pricePerLitre": 5.2,
            "bestPricePerLitre": 5.2
        },
        "store": {
            "id": "5e75a96ffbe98b3c3e00174e",
            "name": "Raglan"
        },
        "timestamp": "2021-08-16T18:33:06.447699"
    },
    {
        "productData": {
            "name": "Monster Energy Drink Ultra Rosa 500ml",
            "productId": "monster-energy-drink-ultra-rosa-500ml",
            "productShopPage": "https://raglan.store.supervalue.co.nz/lines/monster-energy-drink-ultra-rosa-500ml",
            "productImageURL": "https://dtgxwmigmg3gc.cloudfront.net/imagery/assets/derivations/icon/512/512/true/eyJpZCI6IjZjYzFjMzcwYzM4Mzk4N2MyOTUzNWIyMTFjZTJlYjgxIiwic3RvcmFnZSI6InB1YmxpY19zdG9yZSJ9?signature=9cd08284785f9b24647ecc7d1dc08214d9d00318cc809bebdef1921d6b78bb95",
            "productDescription": ""
        },
        "priceData": {
            "bestPrice": "2.60",
            "price": "2.60",
            "pricePerLitre": 5.2,
            "bestPricePerLitre": 5.2
        },
        "store": {
            "id": "5e75a96ffbe98b3c3e00174e",
            "name": "Raglan"
        },
        "timestamp": "2021-08-16T18:33:07.523238"
    },
    {
        "productData": {
            "name": "Mother Energy Drink Berry 500ml",
            "productId": "mother-energy-drink-berry-500ml",
            "productShopPage": "https://raglan.store.supervalue.co.nz/lines/mother-energy-drink-berry-500ml",
            "productImageURL": "https://dtgxwmigmg3gc.cloudfront.net/imagery/assets/derivations/icon/512/512/true/eyJpZCI6ImRhYTJlNjUzNzRjZjViNjI0ZDljNzUzNDA3YmE0ZDFkIiwic3RvcmFnZSI6InB1YmxpY19zdG9yZSJ9?signature=d9ffb465d71d599811c2ff7a788845bfe297eb3624ad7866a89cf0b3ece073f0",
            "productDescription": ""
        },
        "priceData": {
            "bestPrice": "2.20",
            "price": "2.20",
            "pricePerLitre": 4.4,
            "bestPricePerLitre": 4.4
        },
        "store": {
            "id": "5e75a96ffbe98b3c3e00174e",
            "name": "Raglan"
        },
        "timestamp": "2021-08-16T18:33:10.355869"
    },
    {
        "productData": {
            "name": "Mother Energy Drink Black 500ml",
            "productId": "mother-energy-drink-black-500ml",
            "productShopPage": "https://raglan.store.supervalue.co.nz/lines/mother-energy-drink-black-500ml",
            "productImageURL": "https://dtgxwmigmg3gc.cloudfront.net/imagery/assets/derivations/icon/512/512/true/eyJpZCI6ImYyMzA5MjhkYjg3ODFhYmYzZDU3ZjE1YjNmYzU2MWFjIiwic3RvcmFnZSI6InB1YmxpY19zdG9yZSJ9?signature=d3dbddb83d3d457075cd5d8936bef0c5b48fce4fa3fe725995d8b6d57219ceb5",
            "productDescription": ""
        },
        "priceData": {
            "bestPrice": "2.20",
            "price": "2.20",
            "pricePerLitre": 4.4,
            "bestPricePerLitre": 4.4
        },
        "store": {
            "id": "5e75a96ffbe98b3c3e00174e",
            "name": "Raglan"
        },
        "timestamp": "2021-08-16T18:33:11.351362"
    },
    {
        "productData": {
            "name": "Mother Energy Drink Passion 500ml",
            "productId": "mother-energy-drink-passion-500ml",
            "productShopPage": "https://raglan.store.supervalue.co.nz/lines/mother-energy-drink-passion-500ml",
            "productImageURL": "https://dtgxwmigmg3gc.cloudfront.net/imagery/assets/derivations/icon/512/512/true/eyJpZCI6ImQwODE2YTc4ZjBmNGU4NTU5Mzg1YjkxZmI5YjIzZjM0Iiwic3RvcmFnZSI6InB1YmxpY19zdG9yZSJ9?signature=713c495fef96a6427b917f0c7c7e855a963749ac5c1bf7dfd71e24ae08ea3123",
            "productDescription": ""
        },
        "priceData": {
            "bestPrice": "2.20",
            "price": "2.20",
            "pricePerLitre": 4.4,
            "bestPricePerLitre": 4.4
        },
        "store": {
            "id": "5e75a96ffbe98b3c3e00174e",
            "name": "Raglan"
        },
        "timestamp": "2021-08-16T18:33:13.205643"
    },
    {
        "productData": {
            "name": "Mother Tropical Blast 500ml",
            "productId": "mother-tropical-blast-500ml",
            "productShopPage": "https://raglan.store.supervalue.co.nz/lines/mother-tropical-blast-500ml",
            "productImageURL": "https://dtgxwmigmg3gc.cloudfront.net/imagery/assets/derivations/icon/512/512/true/eyJpZCI6ImEyZmM1OTUwNDhlODM5YTRhMjQ2MTI1OGEyYzNlZWZhIiwic3RvcmFnZSI6InB1YmxpY19zdG9yZSJ9?signature=6c9470ee4067e8ec32b58eeac9d628404d3986058a9b1cdef46014d1bee50944",
            "productDescription": ""
        },
        "priceData": {
            "bestPrice": "2.20",
            "price": "2.20",
            "pricePerLitre": 4.4,
            "bestPricePerLitre": 4.4
        },
        "store": {
            "id": "5e75a96ffbe98b3c3e00174e",
            "name": "Raglan"
        },
        "timestamp": "2021-08-16T18:33:14.171471"
    },
    {
        "productData": {
            "name": "Mother Epic Swell Energy Drink Twisted Apple 500ml",
            "productId": "mother-epic-swell-energy-drink-twisted-apple-500ml",
            "productShopPage": "https://raglan.store.supervalue.co.nz/lines/mother-epic-swell-energy-drink-twisted-apple-500ml",
            "productImageURL": "https://dtgxwmigmg3gc.cloudfront.net/imagery/assets/derivations/icon/512/512/true/eyJpZCI6ImE2ZjYxOGNhNjUyYzMxNzRhNjg2MDBhMGVjZmQ3MmJkIiwic3RvcmFnZSI6InB1YmxpY19zdG9yZSJ9?signature=954f74f8aba0fb24cb2a5248b1e93fe8a62fb8c7f902abbb08b7aed24bc44c80",
            "productDescription": ""
        },
        "priceData": {
            "bestPrice": "2.20",
            "price": "2.20",
            "pricePerLitre": 4.4,
            "bestPricePerLitre": 4.4
        },
        "store": {
            "id": "5e75a96ffbe98b3c3e00174e",
            "name": "Raglan"
        },
        "timestamp": "2021-08-16T18:33:16.334912"
    },
    {
        "productData": {
            "name": "V Energy Drink Guarana 500ml",
            "productId": "v-energy-drink-guarana-500ml",
            "productShopPage": "https://raglan.store.supervalue.co.nz/lines/v-energy-drink-guarana-500ml",
            "productImageURL": "https://dtgxwmigmg3gc.cloudfront.net/imagery/assets/derivations/icon/512/512/true/eyJpZCI6IjgzZDAxMjhiMzg4NmEwZmE4YTE2ZjY2NWIzNmM2NzI2Iiwic3RvcmFnZSI6InB1YmxpY19zdG9yZSJ9?signature=f55ecc561066291a4e74a967db35ea2355f881bd1708bf400fd790032384ae4f",
            "productDescription": ""
        },
        "priceData": {
            "bestPrice": "2.60",
            "price": "2.60",
            "pricePerLitre": 5.2,
            "bestPricePerLitre": 5.2
        },
        "store": {
            "id": "5e75a96ffbe98b3c3e00174e",
            "name": "Raglan"
        },
        "timestamp": "2021-08-16T18:33:19.259837"
    },
    {
        "productData": {
            "name": "V Energy Drink Sugar Free Guarana 250ml",
            "productId": "v-energy-drink-sugar-free-guarana-250ml",
            "productShopPage": "https://raglan.store.supervalue.co.nz/lines/v-energy-drink-sugar-free-guarana-250ml",
            "productImageURL": "https://dtgxwmigmg3gc.cloudfront.net/imagery/assets/derivations/icon/512/512/true/eyJpZCI6ImZiNzM1NmU4NTMyZDllODlkZTljZmNlOGY2MzQ5NGQwIiwic3RvcmFnZSI6InB1YmxpY19zdG9yZSJ9?signature=72b0ce0a48ca796717c115fe5e8b4564501470f63bf80ae865d26e9d131a2b8c",
            "productDescription": ""
        },
        "priceData": {
            "bestPrice": "2.50",
            "price": "2.50",
            "pricePerLitre": 10.0,
            "bestPricePerLitre": 10.0
        },
        "store": {
            "id": "5e75a96ffbe98b3c3e00174e",
            "name": "Raglan"
        },
        "timestamp": "2021-08-16T18:33:20.909013"
    },
    {
        "productData": {
            "name": "V Energy Drink Blue Guarana Spritzed 350ml",
            "productId": "v-blue-energy-drink-blue-guarana-spritzed-350ml",
            "productShopPage": "https://raglan.store.supervalue.co.nz/lines/v-blue-energy-drink-blue-guarana-spritzed-350ml",
            "productImageURL": "https://dtgxwmigmg3gc.cloudfront.net/imagery/assets/derivations/icon/512/512/true/eyJpZCI6ImY2OTRlZGI4NjdlNWMzZDM5NzgzMDQ0ODFkMzUxZGZiIiwic3RvcmFnZSI6InB1YmxpY19zdG9yZSJ9?signature=591b3079cb9c2407a29b3bc348eaf42dc1d34daba5c9d7aba65be654725b6719",
            "productDescription": ""
        },
        "priceData": {
            "bestPrice": "3.79",
            "price": "3.79",
            "pricePerLitre": 10.8,
            "bestPricePerLitre": 10.8
        },
        "store": {
            "id": "5e75a96ffbe98b3c3e00174e",
            "name": "Raglan"
        },
        "timestamp": "2021-08-16T18:33:22.782083"
    },
    {
        "productData": {
            "name": "V Energy Drink Green Guarana 350ml",
            "productId": "v-energy-drink-green-guarana-350ml",
            "productShopPage": "https://raglan.store.supervalue.co.nz/lines/v-energy-drink-green-guarana-350ml",
            "productImageURL": "https://dtgxwmigmg3gc.cloudfront.net/imagery/assets/derivations/icon/512/512/true/eyJpZCI6IjRiNjY4ZjYxOTQ2ODYyN2MzM2NiZWMyNGUyNmIyODk4Iiwic3RvcmFnZSI6InB1YmxpY19zdG9yZSJ9?signature=4cded9cb42349eef45a593461f311b1bb7fa881295733879671ad9fe9887d30c",
            "productDescription": ""
        },
        "priceData": {
            "bestPrice": "3.79",
            "price": "3.79",
            "pricePerLitre": 10.8,
            "bestPricePerLitre": 10.8
        },
        "store": {
            "id": "5e75a96ffbe98b3c3e00174e",
            "name": "Raglan"
        },
        "timestamp": "2021-08-16T18:33:23.725836"
    },
    {
        "productData": {
            "name": "V Energy Drink Guarana Can 250ml",
            "productId": "v-energy-drink-guarana-can-250ml",
            "productShopPage": "https://raglan.store.supervalue.co.nz/lines/v-energy-drink-guarana-can-250ml",
            "productImageURL": "https://dtgxwmigmg3gc.cloudfront.net/imagery/assets/derivations/icon/512/512/true/eyJpZCI6Ijc3Nzk1NjE2ZDhhNmFiMThhYzEzODYzOTg2ZmNkNzgwIiwic3RvcmFnZSI6InB1YmxpY19zdG9yZSJ9?signature=f5de1854d43e19cc62bff86893d4a55615cd916f8425a4dccd170b52eba81255",
            "productDescription": ""
        },
        "priceData": {
            "bestPrice": "2.50",
            "price": "2.50",
            "pricePerLitre": 10.0,
            "bestPricePerLitre": 10.0
        },
        "store": {
            "id": "5e75a96ffbe98b3c3e00174e",
            "name": "Raglan"
        },
        "timestamp": "2021-08-16T18:33:24.532548"
    },
    {
        "productData": {
            "name": "V Energy Drink Guarana Can 500ml",
            "productId": "v-energy-drink-guarana-can-500ml",
            "productShopPage": "https://raglan.store.supervalue.co.nz/lines/v-energy-drink-guarana-can-500ml",
            "productImageURL": "https://dtgxwmigmg3gc.cloudfront.net/imagery/assets/derivations/icon/512/512/true/eyJpZCI6ImI0NjgzNGZjNDRkMjU0MjgzYzJjZGNhMzA2NWIxYjA5Iiwic3RvcmFnZSI6InB1YmxpY19zdG9yZSJ9?signature=265e8273409849423466e7623cbbdf8352940707b8830803eec391e8f32c9c5f",
            "productDescription": ""
        },
        "priceData": {
            "bestPrice": "3.60",
            "price": "3.60",
            "pricePerLitre": 7.199999999999999,
            "bestPricePerLitre": 7.199999999999999
        },
        "store": {
            "id": "5e75a96ffbe98b3c3e00174e",
            "name": "Raglan"
        },
        "timestamp": "2021-08-16T18:33:25.350613"
    },
    {
        "productData": {
            "name": "V Energy Drink Raspberry Lemonade 350ml",
            "productId": "v-energy-drink-raspberry-lemonade-350ml",
            "productShopPage": "https://raglan.store.supervalue.co.nz/lines/v-energy-drink-raspberry-lemonade-350ml",
            "productImageURL": "https://dtgxwmigmg3gc.cloudfront.net/imagery/assets/derivations/icon/512/512/true/eyJpZCI6IjliNWMwMGJkN2IxYWRhY2UxNzU5NzY1ZTI4MjUzZDgyIiwic3RvcmFnZSI6InB1YmxpY19zdG9yZSJ9?signature=1813e587f3636e394a15aa9e19234f9343024a6880220b0dda0a5d69b1f1c010",
            "productDescription": ""
        },
        "priceData": {
            "bestPrice": "3.79",
            "price": "3.79",
            "pricePerLitre": 10.8,
            "bestPricePerLitre": 10.8
        },
        "store": {
            "id": "5e75a96ffbe98b3c3e00174e",
            "name": "Raglan"
        },
        "timestamp": "2021-08-16T18:33:27.284559"
    },
    {
        "productData": {
            "name": "V Energy Drink Sugar Free Guarana 500ml",
            "productId": "v-energy-drink-sugar-free-guarana-500ml",
            "productShopPage": "https://raglan.store.supervalue.co.nz/lines/v-energy-drink-sugar-free-guarana-500ml",
            "productImageURL": "https://dtgxwmigmg3gc.cloudfront.net/imagery/assets/derivations/icon/512/512/true/eyJpZCI6Ijg4MGExMDYxOTY4NTJiYzM1ZTExMmU2MGE2OWYxNDE3Iiwic3RvcmFnZSI6InB1YmxpY19zdG9yZSJ9?signature=b0536d25b9da8158705e24c88e21fabbf85c1dabc19f18108c386e956ffd7045",
            "productDescription": ""
        },
        "priceData": {
            "bestPrice": "3.60",
            "price": "3.60",
            "pricePerLitre": 7.199999999999999,
            "bestPricePerLitre": 7.199999999999999
        },
        "store": {
            "id": "5e75a96ffbe98b3c3e00174e",
            "name": "Raglan"
        },
        "timestamp": "2021-08-16T18:33:28.369916"
    },
    {
        "productData": {
            "name": "V Blue Energy Drink Bottle 500ml",
            "productId": "v-blue-energy-drink-bottle-500ml",
            "productShopPage": "https://raglan.store.supervalue.co.nz/lines/v-blue-energy-drink-bottle-500ml",
            "productImageURL": "https://dtgxwmigmg3gc.cloudfront.net/imagery/assets/derivations/icon/512/512/true/eyJpZCI6IjgyYWYxYWY4MGI4MzUxODhiYmVhZGVhM2U2NzY0MzI5Iiwic3RvcmFnZSI6InB1YmxpY19zdG9yZSJ9?signature=7e70fc576864a528a1431734d680cbf177a11b419a692dbfd34800c31b8944ec",
            "productDescription": ""
        },
        "priceData": {
            "bestPrice": "2.60",
            "price": "2.60",
            "pricePerLitre": 5.2,
            "bestPricePerLitre": 5.2
        },
        "store": {
            "id": "5e75a96ffbe98b3c3e00174e",
            "name": "Raglan"
        },
        "timestamp": "2021-08-16T18:33:30.997236"
    },
    {
        "productData": {
            "name": "V Blue Sugarfree Energy Drink 500ml",
            "productId": "v-blue-sugarfree-energy-drink-500ml",
            "productShopPage": "https://raglan.store.supervalue.co.nz/lines/v-blue-sugarfree-energy-drink-500ml",
            "productImageURL": "https://dtgxwmigmg3gc.cloudfront.net/imagery/assets/derivations/icon/512/512/true/eyJpZCI6ImVmYjQyOWRmM2JjZjc3NTY1ZDIwMTEyNTY0MDdmZjA1Iiwic3RvcmFnZSI6InB1YmxpY19zdG9yZSJ9?signature=2911d59474d8305039a3be3bef0f887c38d9ab84596314b13cc4b150101175ab",
            "productDescription": ""
        },
        "priceData": {
            "bestPrice": "3.60",
            "price": "3.60",
            "pricePerLitre": 7.199999999999999,
            "bestPricePerLitre": 7.199999999999999
        },
        "store": {
            "id": "5e75a96ffbe98b3c3e00174e",
            "name": "Raglan"
        },
        "timestamp": "2021-08-16T18:33:31.858411"
    },
    {
        "productData": {
            "name": "V Raspberry Lemonade Energy Drink 500ml",
            "productId": "v-energy-drink-raspberry-lemonade-500ml-can",
            "productShopPage": "https://raglan.store.supervalue.co.nz/lines/v-energy-drink-raspberry-lemonade-500ml-can",
            "productImageURL": "https://dtgxwmigmg3gc.cloudfront.net/imagery/assets/derivations/icon/512/512/true/eyJpZCI6ImE3N2Y5NzBmY2FhOWZhYmZiOTc3MmYyMzE4MGRiOTcxIiwic3RvcmFnZSI6InB1YmxpY19zdG9yZSJ9?signature=2bb7890fe6d7b0c0c6a522be31c78077be0aa570ca4c8aa5549ccf80761262dc",
            "productDescription": ""
        },
        "priceData": {
            "bestPrice": "3.60",
            "price": "3.60",
            "pricePerLitre": 7.199999999999999,
            "bestPricePerLitre": 7.199999999999999
        },
        "store": {
            "id": "5e75a96ffbe98b3c3e00174e",
            "name": "Raglan"
        },
        "timestamp": "2021-08-16T18:33:32.844686"
    },
    {
        "productData": {
            "name": "V Blue Energy Drink Blue Guarana Can 250ml",
            "productId": "v-blue-energy-drink-blue-guarana-can-250ml",
            "productShopPage": "https://raglan.store.supervalue.co.nz/lines/v-blue-energy-drink-blue-guarana-can-250ml",
            "productImageURL": "https://dtgxwmigmg3gc.cloudfront.net/imagery/assets/derivations/icon/512/512/true/eyJpZCI6IjBmZjQwNDEyZWQ2ZDk4YTg3YWQ2ZDUyMWZlNjM1YzJkIiwic3RvcmFnZSI6InB1YmxpY19zdG9yZSJ9?signature=8f745abe5614ec47b3d7a07f1a34ba529184a87b2a696211ba5a0f9f29c86bf0",
            "productDescription": ""
        },
        "priceData": {
            "bestPrice": "2.50",
            "price": "2.50",
            "pricePerLitre": 10.0,
            "bestPricePerLitre": 10.0
        },
        "store": {
            "id": "5e75a96ffbe98b3c3e00174e",
            "name": "Raglan"
        },
        "timestamp": "2021-08-16T18:33:35.777872"
    },
    {
        "productData": {
            "name": "V Blue Energy Drink Blue Guarana Can 500ml",
            "productId": "v-blue-energy-drink-blue-guarana-can-500ml",
            "productShopPage": "https://raglan.store.supervalue.co.nz/lines/v-blue-energy-drink-blue-guarana-can-500ml",
            "productImageURL": "https://dtgxwmigmg3gc.cloudfront.net/imagery/assets/derivations/icon/512/512/true/eyJpZCI6ImFmYjEyYjVjYTU2YWI5ZDJhMTVmNGY2MDg2NWFlNzgxIiwic3RvcmFnZSI6InB1YmxpY19zdG9yZSJ9?signature=b537a8cc5a2c0f90f1702b2c541db44c3a740a0ec4a96e92ab2d6537f9320e8d",
            "productDescription": ""
        },
        "priceData": {
            "bestPrice": "3.60",
            "price": "3.60",
            "pricePerLitre": 7.199999999999999,
            "bestPricePerLitre": 7.199999999999999
        },
        "store": {
            "id": "5e75a96ffbe98b3c3e00174e",
            "name": "Raglan"
        },
        "timestamp": "2021-08-16T18:33:36.920783"
    },
    {
        "productData": {
            "name": "V Iced Coffee Guarana Energy 500ml",
            "productId": "v-iced-coffee-guarana-energy-500ml",
            "productShopPage": "https://raglan.store.supervalue.co.nz/lines/v-iced-coffee-guarana-energy-500ml",
            "productImageURL": "https://dtgxwmigmg3gc.cloudfront.net/imagery/assets/derivations/icon/512/512/true/eyJpZCI6ImM0Zjc4YjRmYWVjMjk0NTJkZTNkYzZjNmY5MzBlMjU2Iiwic3RvcmFnZSI6InB1YmxpY19zdG9yZSJ9?signature=14312b2813aab9c1ad551700ec97cd58a3a7f95bef4d0bd7ae7aa2dcf8fcdc9d",
            "productDescription": ""
        },
        "priceData": {
            "bestPrice": "4.49",
            "price": "4.49"
        },
        "store": {
            "id": "5e75a96ffbe98b3c3e00174e",
            "name": "Raglan"
        },
        "timestamp": "2021-08-16T18:33:37.966772"
    },
    {
        "productData": {
            "name": "V Iced Mocha Guarana Energy 500ml",
            "productId": "v-iced-mocha-guarana-energy-500ml",
            "productShopPage": "https://raglan.store.supervalue.co.nz/lines/v-iced-mocha-guarana-energy-500ml",
            "productImageURL": "https://dtgxwmigmg3gc.cloudfront.net/imagery/assets/derivations/icon/512/512/true/eyJpZCI6ImNiMDRkODVlZmQ2YjhiZGMxMWU4Zjk5OGEwOTczODg1Iiwic3RvcmFnZSI6InB1YmxpY19zdG9yZSJ9?signature=3e63d4ec34ef65794a07ea00749a785cb88ce90997e6e7d12629c3c0f205de6d",
            "productDescription": ""
        },
        "priceData": {
            "bestPrice": "4.49",
            "price": "4.49"
        },
        "store": {
            "id": "5e75a96ffbe98b3c3e00174e",
            "name": "Raglan"
        },
        "timestamp": "2021-08-16T18:33:38.990362"
    },
    {
        "productData": {
            "name": "V Energy Drink Sugar Free Guarana Bottle 350ml",
            "productId": "v-energy-drink-sugar-free-guarana-bottle-350ml",
            "productShopPage": "https://raglan.store.supervalue.co.nz/lines/v-energy-drink-sugar-free-guarana-bottle-350ml",
            "productImageURL": "https://dtgxwmigmg3gc.cloudfront.net/imagery/assets/derivations/icon/512/512/true/eyJpZCI6IjQzYmZlOTg1YzY2ZGQ0ZDI1YzUyZDk3MGJhMmJhMGM3Iiwic3RvcmFnZSI6InB1YmxpY19zdG9yZSJ9?signature=7a4bb3eb2264f52495ae9ba8fbf21b5a3e59e12c0d6208cfa1591261da333f55",
            "productDescription": ""
        },
        "priceData": {
            "bestPrice": "3.79",
            "price": "3.79",
            "pricePerLitre": 10.8,
            "bestPricePerLitre": 10.8
        },
        "store": {
            "id": "5e75a96ffbe98b3c3e00174e",
            "name": "Raglan"
        },
        "timestamp": "2021-08-16T18:33:41.052520"
    },
    {
        "productData": {
            "name": "V Iced Chocolate Guarana Energy 500ml",
            "productId": "v-iced-chocolate-guarana-energy-500ml",
            "productShopPage": "https://raglan.store.supervalue.co.nz/lines/v-iced-chocolate-guarana-energy-500ml",
            "productImageURL": "https://dtgxwmigmg3gc.cloudfront.net/imagery/assets/derivations/icon/512/512/true/eyJpZCI6ImJhNzg2NDUyYzVlMGRiOTNhMGM3NjY1ZWIyNzIzNzBlIiwic3RvcmFnZSI6InB1YmxpY19zdG9yZSJ9?signature=86bcf9f7a4dbdc8f99c44e8c3a30ce7ca86025bce78792c31ce0fbc589f7f311",
            "productDescription": ""
        },
        "priceData": {
            "bestPrice": "4.49",
            "price": "4.49"
        },
        "store": {
            "id": "5e75a96ffbe98b3c3e00174e",
            "name": "Raglan"
        },
        "timestamp": "2021-08-16T18:33:43.787587"
    },
    {
        "productData": {
            "name": "Monster Mule Ginger Brew 500ml",
            "productId": "monster-mule-ginger-brew-500ml",
            "productShopPage": "https://raglan.store.supervalue.co.nz/lines/monster-mule-ginger-brew-500ml",
            "productImageURL": "https://dtgxwmigmg3gc.cloudfront.net/imagery/assets/derivations/icon/512/512/true/eyJpZCI6ImM1OTM5MTIyZTRlNmNhNzk0ODFlMDE4ZWVmMWE2Y2ZlIiwic3RvcmFnZSI6InB1YmxpY19zdG9yZSJ9?signature=5d11287f30ef58c148e37382d61c0d83097d5461683a9aa5dd9456941c1f32e5",
            "productDescription": ""
        },
        "priceData": {
            "bestPrice": "2.60",
            "price": "2.60",
            "pricePerLitre": 5.2,
            "bestPricePerLitre": 5.2
        },
        "store": {
            "id": "5e75a96ffbe98b3c3e00174e",
            "name": "Raglan"
        },
        "timestamp": "2021-08-16T18:33:50.627201"
    },
    {
        "productData": {
            "name": "Live Plus Energy Drink Citrus Flavour 500ml",
            "productId": "live-plus-persist-500ml",
            "productShopPage": "https://raglan.store.supervalue.co.nz/lines/live-plus-persist-500ml",
            "productImageURL": "https://dtgxwmigmg3gc.cloudfront.net/imagery/assets/derivations/icon/512/512/true/eyJpZCI6IjFlNWQ5YzI4OWM1N2UzNmYzZmI2NThlMDQzZTI3ZjE4Iiwic3RvcmFnZSI6InB1YmxpY19zdG9yZSJ9?signature=756b17fefe47174b90e7dbec8cd09db27f9f59f4994bc750b71256ae93ba9fa8",
            "productDescription": ""
        },
        "priceData": {
            "bestPrice": "2.20",
            "price": "2.20",
            "pricePerLitre": 4.4,
            "bestPricePerLitre": 4.4
        },
        "store": {
            "id": "5e75a96ffbe98b3c3e00174e",
            "name": "Raglan"
        },
        "timestamp": "2021-08-16T18:33:55.088507"
    },
    {
        "productData": {
            "name": "V Guarana Energy Drink Blue Sugarfree 250ml",
            "productId": "v-blue-sugarfree-energy-drink-250ml",
            "productShopPage": "https://raglan.store.supervalue.co.nz/lines/v-blue-sugarfree-energy-drink-250ml",
            "productImageURL": "https://dtgxwmigmg3gc.cloudfront.net/imagery/assets/derivations/icon/512/512/true/eyJpZCI6IjI3YWJiOTVhYjNhMjEwMDU2MWJhMmRhNTM3YjRhZjVmIiwic3RvcmFnZSI6InB1YmxpY19zdG9yZSJ9?signature=66769306ca1d0ba674603954d338186dc999f6d1839090d49fde9416b3252365",
            "productDescription": ""
        },
        "priceData": {
            "bestPrice": "2.50",
            "price": "2.50",
            "pricePerLitre": 10.0,
            "bestPricePerLitre": 10.0
        },
        "store": {
            "id": "5e75a96ffbe98b3c3e00174e",
            "name": "Raglan"
        },
        "timestamp": "2021-08-16T18:33:56.718238"
    },
    {
        "productData": {
            "name": "Rockstar Original Energy Drink 500ml",
            "productId": "rockstar-original-energy-drink-500ml",
            "productShopPage": "https://raglan.store.supervalue.co.nz/lines/rockstar-original-energy-drink-500ml",
            "productImageURL": "https://dtgxwmigmg3gc.cloudfront.net/imagery/assets/derivations/icon/512/512/true/eyJpZCI6IjA1ZmRmMjE1MTQ0Zjk0YjgzMDFlNzEyMjQ5OWMzZjNjIiwic3RvcmFnZSI6InB1YmxpY19zdG9yZSJ9?signature=d3b539814d47e6a54c00fa8c8b73164ccb677a65cf673f3532132f7f04c657f5",
            "productDescription": ""
        },
        "priceData": {
            "bestPrice": "2.20",
            "price": "2.20",
            "pricePerLitre": 4.4,
            "bestPricePerLitre": 4.4
        },
        "store": {
            "id": "5e75a96ffbe98b3c3e00174e",
            "name": "Raglan"
        },
        "timestamp": "2021-08-16T18:34:02.585199"
    },
    {
        "productData": {
            "name": "Rockstar Punched Energy Guava 500ml",
            "productId": "rockstar-punched-energy-guava-500ml",
            "productShopPage": "https://raglan.store.supervalue.co.nz/lines/rockstar-punched-energy-guava-500ml",
            "productImageURL": "https://dtgxwmigmg3gc.cloudfront.net/imagery/assets/derivations/icon/512/512/true/eyJpZCI6IjBmNGEyNjU2MGQwM2Y4OGI4MWE3ZTMyODUzYTRlN2QyIiwic3RvcmFnZSI6InB1YmxpY19zdG9yZSJ9?signature=fab45ac774e74d87cf7a79de075f47290676fd6d4afcf212198c745670d5ce29",
            "productDescription": ""
        },
        "priceData": {
            "bestPrice": "2.20",
            "price": "2.20",
            "pricePerLitre": 4.4,
            "bestPricePerLitre": 4.4
        },
        "store": {
            "id": "5e75a96ffbe98b3c3e00174e",
            "name": "Raglan"
        },
        "timestamp": "2021-08-16T18:34:03.535070"
    },
    {
        "productData": {
            "name": "Mother Kicked Apple 500ml",
            "productId": "mother-kicked-apple-500ml",
            "productShopPage": "https://titirangi.store.supervalue.co.nz/lines/mother-kicked-apple-500ml",
            "productImageURL": "https://dtgxwmigmg3gc.cloudfront.net/imagery/assets/derivations/icon/512/512/true/eyJpZCI6IjNhZTlkYjkwYTM4MDFjMGEwYjUwYThhMDAwYjkyZjM0Iiwic3RvcmFnZSI6InB1YmxpY19zdG9yZSJ9?signature=c1a1db0a5d7b074c388cf08560fd44a4a2b6127821554198e54eeea8474325f6",
            "productDescription": ""
        },
        "priceData": {
            "bestPrice": "2.20",
            "price": "2.20",
            "pricePerLitre": 4.4,
            "bestPricePerLitre": 4.4
        },
        "store": {
            "id": "5e792a0a60b75a561f037d08",
            "name": "Titirangi"
        },
        "timestamp": "2021-08-16T18:34:06.483014"
    },
    {
        "productData": {
            "name": "Monster Energy Ultra Paradise 500ml",
            "productId": "monster-energy-drink-ultra-paradise-500ml",
            "productShopPage": "https://titirangi.store.supervalue.co.nz/lines/monster-energy-drink-ultra-paradise-500ml",
            "productImageURL": "https://dtgxwmigmg3gc.cloudfront.net/imagery/assets/derivations/icon/512/512/true/eyJpZCI6ImZiZDRkZTQxNzA0M2FiYTUyMjMwZWI0NTcyZGNmYTE1Iiwic3RvcmFnZSI6InB1YmxpY19zdG9yZSJ9?signature=8a439bf26b71114289dfea1720ed331b1e4784c534deade29db8ac38b1cc7c1a",
            "productDescription": ""
        },
        "priceData": {
            "bestPrice": "2.60",
            "price": "2.60",
            "pricePerLitre": 5.2,
            "bestPricePerLitre": 5.2
        },
        "store": {
            "id": "5e792a0a60b75a561f037d08",
            "name": "Titirangi"
        },
        "timestamp": "2021-08-16T18:34:09.334777"
    },
    {
        "productData": {
            "name": "Monster Energy Ultra Sunrise 500ml",
            "productId": "monster-energy-ultra-sunrise-500ml",
            "productShopPage": "https://titirangi.store.supervalue.co.nz/lines/monster-energy-ultra-sunrise-500ml",
            "productImageURL": "https://dtgxwmigmg3gc.cloudfront.net/imagery/assets/derivations/icon/512/512/true/eyJpZCI6ImFlNTVkY2RiZTZiZjg3OGZjZTdlOTU1OTFhMDE4YTdiIiwic3RvcmFnZSI6InB1YmxpY19zdG9yZSJ9?signature=b98350feca08b6ab128cc925fef23a58f65a36f94ede15cb2174f6f88a0f8a0f",
            "productDescription": ""
        },
        "priceData": {
            "bestPrice": "2.60",
            "price": "2.60",
            "pricePerLitre": 5.2,
            "bestPricePerLitre": 5.2
        },
        "store": {
            "id": "5e792a0a60b75a561f037d08",
            "name": "Titirangi"
        },
        "timestamp": "2021-08-16T18:34:10.289393"
    },
    {
        "productData": {
            "name": "Monster Energy Ultra Zero 500ml",
            "productId": "monster-energy-ultra-zero-500ml",
            "productShopPage": "https://titirangi.store.supervalue.co.nz/lines/monster-energy-ultra-zero-500ml",
            "productImageURL": "https://dtgxwmigmg3gc.cloudfront.net/imagery/assets/derivations/icon/512/512/true/eyJpZCI6IjdhN2FhYTUwZWU2NTYwYjBiNGY1NThhMTgwNmVlODI3Iiwic3RvcmFnZSI6InB1YmxpY19zdG9yZSJ9?signature=7907c49ba7d043175a426f84a71776de7dd51fa5c249237063aca9cb098abdbe",
            "productDescription": ""
        },
        "priceData": {
            "bestPrice": "2.60",
            "price": "2.60",
            "pricePerLitre": 5.2,
            "bestPricePerLitre": 5.2
        },
        "store": {
            "id": "5e792a0a60b75a561f037d08",
            "name": "Titirangi"
        },
        "timestamp": "2021-08-16T18:34:11.234456"
    },
    {
        "productData": {
            "name": "Monster Energy Drink Can Green 500ml",
            "productId": "monster-energy-green-500ml",
            "productShopPage": "https://titirangi.store.supervalue.co.nz/lines/monster-energy-green-500ml",
            "productImageURL": "https://dtgxwmigmg3gc.cloudfront.net/imagery/assets/derivations/icon/512/512/true/eyJpZCI6ImU3ZjNiNjJiNzI4Y2M0MTIxMjhiNjQ2ZmQ2OTQzMGEzIiwic3RvcmFnZSI6InB1YmxpY19zdG9yZSJ9?signature=637eac56411f57a79f345ea693f1418330d5742c3a04caddb460696dba06da06",
            "productDescription": ""
        },
        "priceData": {
            "bestPrice": "2.60",
            "price": "2.60",
            "pricePerLitre": 5.2,
            "bestPricePerLitre": 5.2
        },
        "store": {
            "id": "5e792a0a60b75a561f037d08",
            "name": "Titirangi"
        },
        "timestamp": "2021-08-16T18:34:12.210666"
    },
    {
        "productData": {
            "name": "Monster Energy Drink Ultra Rosa 500ml",
            "productId": "monster-energy-drink-ultra-rosa-500ml",
            "productShopPage": "https://titirangi.store.supervalue.co.nz/lines/monster-energy-drink-ultra-rosa-500ml",
            "productImageURL": "https://dtgxwmigmg3gc.cloudfront.net/imagery/assets/derivations/icon/512/512/true/eyJpZCI6IjZjYzFjMzcwYzM4Mzk4N2MyOTUzNWIyMTFjZTJlYjgxIiwic3RvcmFnZSI6InB1YmxpY19zdG9yZSJ9?signature=9cd08284785f9b24647ecc7d1dc08214d9d00318cc809bebdef1921d6b78bb95",
            "productDescription": ""
        },
        "priceData": {
            "bestPrice": "2.60",
            "price": "2.60",
            "pricePerLitre": 5.2,
            "bestPricePerLitre": 5.2
        },
        "store": {
            "id": "5e792a0a60b75a561f037d08",
            "name": "Titirangi"
        },
        "timestamp": "2021-08-16T18:34:13.177922"
    },
    {
        "productData": {
            "name": "Mother Energy Drink Berry 500ml",
            "productId": "mother-energy-drink-berry-500ml",
            "productShopPage": "https://titirangi.store.supervalue.co.nz/lines/mother-energy-drink-berry-500ml",
            "productImageURL": "https://dtgxwmigmg3gc.cloudfront.net/imagery/assets/derivations/icon/512/512/true/eyJpZCI6ImRhYTJlNjUzNzRjZjViNjI0ZDljNzUzNDA3YmE0ZDFkIiwic3RvcmFnZSI6InB1YmxpY19zdG9yZSJ9?signature=d9ffb465d71d599811c2ff7a788845bfe297eb3624ad7866a89cf0b3ece073f0",
            "productDescription": ""
        },
        "priceData": {
            "bestPrice": "2.20",
            "price": "2.20",
            "pricePerLitre": 4.4,
            "bestPricePerLitre": 4.4
        },
        "store": {
            "id": "5e792a0a60b75a561f037d08",
            "name": "Titirangi"
        },
        "timestamp": "2021-08-16T18:34:15.945215"
    },
    {
        "productData": {
            "name": "Mother Energy Drink Black 500ml",
            "productId": "mother-energy-drink-black-500ml",
            "productShopPage": "https://titirangi.store.supervalue.co.nz/lines/mother-energy-drink-black-500ml",
            "productImageURL": "https://dtgxwmigmg3gc.cloudfront.net/imagery/assets/derivations/icon/512/512/true/eyJpZCI6ImYyMzA5MjhkYjg3ODFhYmYzZDU3ZjE1YjNmYzU2MWFjIiwic3RvcmFnZSI6InB1YmxpY19zdG9yZSJ9?signature=d3dbddb83d3d457075cd5d8936bef0c5b48fce4fa3fe725995d8b6d57219ceb5",
            "productDescription": ""
        },
        "priceData": {
            "bestPrice": "2.20",
            "price": "2.20",
            "pricePerLitre": 4.4,
            "bestPricePerLitre": 4.4
        },
        "store": {
            "id": "5e792a0a60b75a561f037d08",
            "name": "Titirangi"
        },
        "timestamp": "2021-08-16T18:34:16.874601"
    },
    {
        "productData": {
            "name": "Mother Energy Drink Passion 500ml",
            "productId": "mother-energy-drink-passion-500ml",
            "productShopPage": "https://titirangi.store.supervalue.co.nz/lines/mother-energy-drink-passion-500ml",
            "productImageURL": "https://dtgxwmigmg3gc.cloudfront.net/imagery/assets/derivations/icon/512/512/true/eyJpZCI6ImQwODE2YTc4ZjBmNGU4NTU5Mzg1YjkxZmI5YjIzZjM0Iiwic3RvcmFnZSI6InB1YmxpY19zdG9yZSJ9?signature=713c495fef96a6427b917f0c7c7e855a963749ac5c1bf7dfd71e24ae08ea3123",
            "productDescription": ""
        },
        "priceData": {
            "bestPrice": "2.20",
            "price": "2.20",
            "pricePerLitre": 4.4,
            "bestPricePerLitre": 4.4
        },
        "store": {
            "id": "5e792a0a60b75a561f037d08",
            "name": "Titirangi"
        },
        "timestamp": "2021-08-16T18:34:19.145863"
    },
    {
        "productData": {
            "name": "Mother Tropical Blast 500ml",
            "productId": "mother-tropical-blast-500ml",
            "productShopPage": "https://titirangi.store.supervalue.co.nz/lines/mother-tropical-blast-500ml",
            "productImageURL": "https://dtgxwmigmg3gc.cloudfront.net/imagery/assets/derivations/icon/512/512/true/eyJpZCI6ImEyZmM1OTUwNDhlODM5YTRhMjQ2MTI1OGEyYzNlZWZhIiwic3RvcmFnZSI6InB1YmxpY19zdG9yZSJ9?signature=6c9470ee4067e8ec32b58eeac9d628404d3986058a9b1cdef46014d1bee50944",
            "productDescription": ""
        },
        "priceData": {
            "bestPrice": "2.20",
            "price": "2.20",
            "pricePerLitre": 4.4,
            "bestPricePerLitre": 4.4
        },
        "store": {
            "id": "5e792a0a60b75a561f037d08",
            "name": "Titirangi"
        },
        "timestamp": "2021-08-16T18:34:20.037950"
    },
    {
        "productData": {
            "name": "Mother Epic Swell Energy Drink Twisted Apple 500ml",
            "productId": "mother-epic-swell-energy-drink-twisted-apple-500ml",
            "productShopPage": "https://titirangi.store.supervalue.co.nz/lines/mother-epic-swell-energy-drink-twisted-apple-500ml",
            "productImageURL": "https://dtgxwmigmg3gc.cloudfront.net/imagery/assets/derivations/icon/512/512/true/eyJpZCI6ImE2ZjYxOGNhNjUyYzMxNzRhNjg2MDBhMGVjZmQ3MmJkIiwic3RvcmFnZSI6InB1YmxpY19zdG9yZSJ9?signature=954f74f8aba0fb24cb2a5248b1e93fe8a62fb8c7f902abbb08b7aed24bc44c80",
            "productDescription": ""
        },
        "priceData": {
            "bestPrice": "2.20",
            "price": "2.20",
            "pricePerLitre": 4.4,
            "bestPricePerLitre": 4.4
        },
        "store": {
            "id": "5e792a0a60b75a561f037d08",
            "name": "Titirangi"
        },
        "timestamp": "2021-08-16T18:34:21.866956"
    },
    {
        "productData": {
            "name": "V Energy Drink Sugar Free Guarana 250ml",
            "productId": "v-energy-drink-sugar-free-guarana-250ml",
            "productShopPage": "https://titirangi.store.supervalue.co.nz/lines/v-energy-drink-sugar-free-guarana-250ml",
            "productImageURL": "https://dtgxwmigmg3gc.cloudfront.net/imagery/assets/derivations/icon/512/512/true/eyJpZCI6ImZiNzM1NmU4NTMyZDllODlkZTljZmNlOGY2MzQ5NGQwIiwic3RvcmFnZSI6InB1YmxpY19zdG9yZSJ9?signature=72b0ce0a48ca796717c115fe5e8b4564501470f63bf80ae865d26e9d131a2b8c",
            "productDescription": ""
        },
        "priceData": {
            "bestPrice": "2.50",
            "price": "2.50",
            "pricePerLitre": 10.0,
            "bestPricePerLitre": 10.0
        },
        "store": {
            "id": "5e792a0a60b75a561f037d08",
            "name": "Titirangi"
        },
        "timestamp": "2021-08-16T18:34:26.355964"
    },
    {
        "productData": {
            "name": "V Energy Drink Green Guarana 350ml",
            "productId": "v-energy-drink-green-guarana-350ml",
            "productShopPage": "https://titirangi.store.supervalue.co.nz/lines/v-energy-drink-green-guarana-350ml",
            "productImageURL": "https://dtgxwmigmg3gc.cloudfront.net/imagery/assets/derivations/icon/512/512/true/eyJpZCI6IjRiNjY4ZjYxOTQ2ODYyN2MzM2NiZWMyNGUyNmIyODk4Iiwic3RvcmFnZSI6InB1YmxpY19zdG9yZSJ9?signature=4cded9cb42349eef45a593461f311b1bb7fa881295733879671ad9fe9887d30c",
            "productDescription": ""
        },
        "priceData": {
            "bestPrice": "3.69",
            "price": "3.69",
            "pricePerLitre": 10.5,
            "bestPricePerLitre": 10.5
        },
        "store": {
            "id": "5e792a0a60b75a561f037d08",
            "name": "Titirangi"
        },
        "timestamp": "2021-08-16T18:34:29.373889"
    },
    {
        "productData": {
            "name": "V Energy Drink Guarana Can 250ml",
            "productId": "v-energy-drink-guarana-can-250ml",
            "productShopPage": "https://titirangi.store.supervalue.co.nz/lines/v-energy-drink-guarana-can-250ml",
            "productImageURL": "https://dtgxwmigmg3gc.cloudfront.net/imagery/assets/derivations/icon/512/512/true/eyJpZCI6Ijc3Nzk1NjE2ZDhhNmFiMThhYzEzODYzOTg2ZmNkNzgwIiwic3RvcmFnZSI6InB1YmxpY19zdG9yZSJ9?signature=f5de1854d43e19cc62bff86893d4a55615cd916f8425a4dccd170b52eba81255",
            "productDescription": ""
        },
        "priceData": {
            "bestPrice": "2.50",
            "price": "2.50",
            "pricePerLitre": 10.0,
            "bestPricePerLitre": 10.0
        },
        "store": {
            "id": "5e792a0a60b75a561f037d08",
            "name": "Titirangi"
        },
        "timestamp": "2021-08-16T18:34:30.351557"
    },
    {
        "productData": {
            "name": "V Energy Drink Guarana Can 500ml",
            "productId": "v-energy-drink-guarana-can-500ml",
            "productShopPage": "https://titirangi.store.supervalue.co.nz/lines/v-energy-drink-guarana-can-500ml",
            "productImageURL": "https://dtgxwmigmg3gc.cloudfront.net/imagery/assets/derivations/icon/512/512/true/eyJpZCI6ImI0NjgzNGZjNDRkMjU0MjgzYzJjZGNhMzA2NWIxYjA5Iiwic3RvcmFnZSI6InB1YmxpY19zdG9yZSJ9?signature=265e8273409849423466e7623cbbdf8352940707b8830803eec391e8f32c9c5f",
            "productDescription": ""
        },
        "priceData": {
            "bestPrice": "3.60",
            "price": "3.60",
            "pricePerLitre": 7.199999999999999,
            "bestPricePerLitre": 7.199999999999999
        },
        "store": {
            "id": "5e792a0a60b75a561f037d08",
            "name": "Titirangi"
        },
        "timestamp": "2021-08-16T18:34:31.260454"
    },
    {
        "productData": {
            "name": "V Energy Drink Sugar Free Guarana 500ml",
            "productId": "v-energy-drink-sugar-free-guarana-500ml",
            "productShopPage": "https://titirangi.store.supervalue.co.nz/lines/v-energy-drink-sugar-free-guarana-500ml",
            "productImageURL": "https://dtgxwmigmg3gc.cloudfront.net/imagery/assets/derivations/icon/512/512/true/eyJpZCI6Ijg4MGExMDYxOTY4NTJiYzM1ZTExMmU2MGE2OWYxNDE3Iiwic3RvcmFnZSI6InB1YmxpY19zdG9yZSJ9?signature=b0536d25b9da8158705e24c88e21fabbf85c1dabc19f18108c386e956ffd7045",
            "productDescription": ""
        },
        "priceData": {
            "bestPrice": "3.60",
            "price": "3.60",
            "pricePerLitre": 7.199999999999999,
            "bestPricePerLitre": 7.199999999999999
        },
        "store": {
            "id": "5e792a0a60b75a561f037d08",
            "name": "Titirangi"
        },
        "timestamp": "2021-08-16T18:34:33.893827"
    },
    {
        "productData": {
            "name": "V Energy Drink Skills Cans 275ml 4 Pack",
            "productId": "v-energy-drink-skills-cans-275ml-4-pack",
            "productShopPage": "https://titirangi.store.supervalue.co.nz/lines/v-energy-drink-skills-cans-275ml-4-pack",
            "productImageURL": "https://dtgxwmigmg3gc.cloudfront.net/imagery/assets/derivations/icon/512/512/true/eyJpZCI6ImZhMzA2N2NiM2YxMmVkM2ZhZjhhYmM4OGE1YTJhNzczIiwic3RvcmFnZSI6InB1YmxpY19zdG9yZSJ9?signature=34fcde8f5a021036c475a1dfff6748625e0747bb134ec737312b15bbe8e883eb",
            "productDescription": ""
        },
        "priceData": {
            "bestPrice": "8.00",
            "price": "8.00",
            "pricePerLitre": 7.3,
            "bestPricePerLitre": 7.3
        },
        "store": {
            "id": "5e792a0a60b75a561f037d08",
            "name": "Titirangi"
        },
        "timestamp": "2021-08-16T18:34:34.855575"
    },
    {
        "productData": {
            "name": "V Raspberry Lemonade Energy Drink 500ml",
            "productId": "v-energy-drink-raspberry-lemonade-500ml-can",
            "productShopPage": "https://titirangi.store.supervalue.co.nz/lines/v-energy-drink-raspberry-lemonade-500ml-can",
            "productImageURL": "https://dtgxwmigmg3gc.cloudfront.net/imagery/assets/derivations/icon/512/512/true/eyJpZCI6ImE3N2Y5NzBmY2FhOWZhYmZiOTc3MmYyMzE4MGRiOTcxIiwic3RvcmFnZSI6InB1YmxpY19zdG9yZSJ9?signature=2bb7890fe6d7b0c0c6a522be31c78077be0aa570ca4c8aa5549ccf80761262dc",
            "productDescription": ""
        },
        "priceData": {
            "bestPrice": "3.60",
            "price": "3.60",
            "pricePerLitre": 7.199999999999999,
            "bestPricePerLitre": 7.199999999999999
        },
        "store": {
            "id": "5e792a0a60b75a561f037d08",
            "name": "Titirangi"
        },
        "timestamp": "2021-08-16T18:34:38.356342"
    },
    {
        "productData": {
            "name": "V Blue Energy Drink Blue Guarana Can 500ml",
            "productId": "v-blue-energy-drink-blue-guarana-can-500ml",
            "productShopPage": "https://titirangi.store.supervalue.co.nz/lines/v-blue-energy-drink-blue-guarana-can-500ml",
            "productImageURL": "https://dtgxwmigmg3gc.cloudfront.net/imagery/assets/derivations/icon/512/512/true/eyJpZCI6ImFmYjEyYjVjYTU2YWI5ZDJhMTVmNGY2MDg2NWFlNzgxIiwic3RvcmFnZSI6InB1YmxpY19zdG9yZSJ9?signature=b537a8cc5a2c0f90f1702b2c541db44c3a740a0ec4a96e92ab2d6537f9320e8d",
            "productDescription": ""
        },
        "priceData": {
            "bestPrice": "3.60",
            "price": "3.60",
            "pricePerLitre": 7.199999999999999,
            "bestPricePerLitre": 7.199999999999999
        },
        "store": {
            "id": "5e792a0a60b75a561f037d08",
            "name": "Titirangi"
        },
        "timestamp": "2021-08-16T18:34:41.805788"
    },
    {
        "productData": {
            "name": "V Iced Coffee Guarana Energy 500ml",
            "productId": "v-iced-coffee-guarana-energy-500ml",
            "productShopPage": "https://titirangi.store.supervalue.co.nz/lines/v-iced-coffee-guarana-energy-500ml",
            "productImageURL": "https://dtgxwmigmg3gc.cloudfront.net/imagery/assets/derivations/icon/512/512/true/eyJpZCI6ImM0Zjc4YjRmYWVjMjk0NTJkZTNkYzZjNmY5MzBlMjU2Iiwic3RvcmFnZSI6InB1YmxpY19zdG9yZSJ9?signature=14312b2813aab9c1ad551700ec97cd58a3a7f95bef4d0bd7ae7aa2dcf8fcdc9d",
            "productDescription": ""
        },
        "priceData": {
            "bestPrice": "4.19",
            "price": "4.19"
        },
        "store": {
            "id": "5e792a0a60b75a561f037d08",
            "name": "Titirangi"
        },
        "timestamp": "2021-08-16T18:34:42.909249"
    },
    {
        "productData": {
            "name": "V Iced Mocha Guarana Energy 500ml",
            "productId": "v-iced-mocha-guarana-energy-500ml",
            "productShopPage": "https://titirangi.store.supervalue.co.nz/lines/v-iced-mocha-guarana-energy-500ml",
            "productImageURL": "https://dtgxwmigmg3gc.cloudfront.net/imagery/assets/derivations/icon/512/512/true/eyJpZCI6ImNiMDRkODVlZmQ2YjhiZGMxMWU4Zjk5OGEwOTczODg1Iiwic3RvcmFnZSI6InB1YmxpY19zdG9yZSJ9?signature=3e63d4ec34ef65794a07ea00749a785cb88ce90997e6e7d12629c3c0f205de6d",
            "productDescription": ""
        },
        "priceData": {
            "bestPrice": "4.19",
            "price": "4.19"
        },
        "store": {
            "id": "5e792a0a60b75a561f037d08",
            "name": "Titirangi"
        },
        "timestamp": "2021-08-16T18:34:44.025425"
    },
    {
        "productData": {
            "name": "V Energy Drink Sugar Free Guarana Bottle 350ml",
            "productId": "v-energy-drink-sugar-free-guarana-bottle-350ml",
            "productShopPage": "https://titirangi.store.supervalue.co.nz/lines/v-energy-drink-sugar-free-guarana-bottle-350ml",
            "productImageURL": "https://dtgxwmigmg3gc.cloudfront.net/imagery/assets/derivations/icon/512/512/true/eyJpZCI6IjQzYmZlOTg1YzY2ZGQ0ZDI1YzUyZDk3MGJhMmJhMGM3Iiwic3RvcmFnZSI6InB1YmxpY19zdG9yZSJ9?signature=7a4bb3eb2264f52495ae9ba8fbf21b5a3e59e12c0d6208cfa1591261da333f55",
            "productDescription": ""
        },
        "priceData": {
            "bestPrice": "3.69",
            "price": "3.69",
            "pricePerLitre": 10.5,
            "bestPricePerLitre": 10.5
        },
        "store": {
            "id": "5e792a0a60b75a561f037d08",
            "name": "Titirangi"
        },
        "timestamp": "2021-08-16T18:34:45.798488"
    },
    {
        "productData": {
            "name": "V Pure Energy Drink Bottle 330ml",
            "productId": "v-pure-330ml-bottle",
            "productShopPage": "https://titirangi.store.supervalue.co.nz/lines/v-pure-330ml-bottle",
            "productImageURL": "https://dtgxwmigmg3gc.cloudfront.net/imagery/assets/derivations/icon/512/512/true/eyJpZCI6ImFjZmFlNGE1MmQ1ZmNhOTVhN2IyNzdhOGQ3ZTBjNTY0Iiwic3RvcmFnZSI6InB1YmxpY19zdG9yZSJ9?signature=ff03797de044ef70d02854192249a79b3cd819353c7171ef7358378e76bfc089",
            "productDescription": ""
        },
        "priceData": {
            "bestPrice": "3.69",
            "price": "3.69",
            "pricePerLitre": 11.200000000000001,
            "bestPricePerLitre": 11.200000000000001
        },
        "store": {
            "id": "5e792a0a60b75a561f037d08",
            "name": "Titirangi"
        },
        "timestamp": "2021-08-16T18:34:49.383354"
    },
    {
        "productData": {
            "name": "Monster Energy Pipeline Punch 500ml",
            "productId": "monster-energy-pipeline-punch-500ml",
            "productShopPage": "https://titirangi.store.supervalue.co.nz/lines/monster-energy-pipeline-punch-500ml",
            "productImageURL": "https://dtgxwmigmg3gc.cloudfront.net/imagery/assets/derivations/icon/512/512/true/eyJpZCI6IjM3ZWY2OTY5OWFlNTJlZTRjNTY1ZmFmYWIwOTIxMjg4Iiwic3RvcmFnZSI6InB1YmxpY19zdG9yZSJ9?signature=79ed6699c35bd716a9d5d9457c39ce62c523edaa4059b6b45d4dcc7caf65cef9",
            "productDescription": ""
        },
        "priceData": {
            "bestPrice": "2.60",
            "price": "2.60",
            "pricePerLitre": 5.2,
            "bestPricePerLitre": 5.2
        },
        "store": {
            "id": "5e792a0a60b75a561f037d08",
            "name": "Titirangi"
        },
        "timestamp": "2021-08-16T18:34:58.325584"
    },
    {
        "productData": {
            "name": "Live Plus Energy Drink Citrus Flavour 500ml",
            "productId": "live-plus-persist-500ml",
            "productShopPage": "https://titirangi.store.supervalue.co.nz/lines/live-plus-persist-500ml",
            "productImageURL": "https://dtgxwmigmg3gc.cloudfront.net/imagery/assets/derivations/icon/512/512/true/eyJpZCI6IjFlNWQ5YzI4OWM1N2UzNmYzZmI2NThlMDQzZTI3ZjE4Iiwic3RvcmFnZSI6InB1YmxpY19zdG9yZSJ9?signature=756b17fefe47174b90e7dbec8cd09db27f9f59f4994bc750b71256ae93ba9fa8",
            "productDescription": ""
        },
        "priceData": {
            "bestPrice": "2.20",
            "price": "2.20",
            "pricePerLitre": 4.4,
            "bestPricePerLitre": 4.4
        },
        "store": {
            "id": "5e792a0a60b75a561f037d08",
            "name": "Titirangi"
        },
        "timestamp": "2021-08-16T18:34:59.297456"
    },
    {
        "productData": {
            "name": "Monster Energy Import 550ml",
            "productId": "monster-energy-import-550ml",
            "productShopPage": "https://wanganui.store.supervalue.co.nz/lines/monster-energy-import-550ml",
            "productImageURL": "https://dtgxwmigmg3gc.cloudfront.net/imagery/assets/derivations/icon/512/512/true/eyJpZCI6IjExYzliZTgxY2M3MTNjMDQzM2NmZGQ2ZWE1NjI3MTA0Iiwic3RvcmFnZSI6InB1YmxpY19zdG9yZSJ9?signature=e09322a0a00112a858095e689d2e825f79d154fd3e8577005948dde9d51afb47",
            "productDescription": ""
        },
        "priceData": {
            "bestPrice": "3.69",
            "price": "3.69"
        },
        "store": {
            "id": "5e76c1751db5f56964001ad3",
            "name": "Wanganui"
        },
        "timestamp": "2021-08-16T18:35:12.592842"
    },
    {
        "productData": {
            "name": "Monster Energy Ultra Paradise 500ml",
            "productId": "monster-energy-drink-ultra-paradise-500ml",
            "productShopPage": "https://wanganui.store.supervalue.co.nz/lines/monster-energy-drink-ultra-paradise-500ml",
            "productImageURL": "https://dtgxwmigmg3gc.cloudfront.net/imagery/assets/derivations/icon/512/512/true/eyJpZCI6ImZiZDRkZTQxNzA0M2FiYTUyMjMwZWI0NTcyZGNmYTE1Iiwic3RvcmFnZSI6InB1YmxpY19zdG9yZSJ9?signature=8a439bf26b71114289dfea1720ed331b1e4784c534deade29db8ac38b1cc7c1a",
            "productDescription": ""
        },
        "priceData": {
            "bestPrice": "2.60",
            "price": "2.60",
            "pricePerLitre": 5.2,
            "bestPricePerLitre": 5.2
        },
        "store": {
            "id": "5e76c1751db5f56964001ad3",
            "name": "Wanganui"
        },
        "timestamp": "2021-08-16T18:35:13.472646"
    },
    {
        "productData": {
            "name": "Monster Energy Ultra Sunrise 500ml",
            "productId": "monster-energy-ultra-sunrise-500ml",
            "productShopPage": "https://wanganui.store.supervalue.co.nz/lines/monster-energy-ultra-sunrise-500ml",
            "productImageURL": "https://dtgxwmigmg3gc.cloudfront.net/imagery/assets/derivations/icon/512/512/true/eyJpZCI6ImFlNTVkY2RiZTZiZjg3OGZjZTdlOTU1OTFhMDE4YTdiIiwic3RvcmFnZSI6InB1YmxpY19zdG9yZSJ9?signature=b98350feca08b6ab128cc925fef23a58f65a36f94ede15cb2174f6f88a0f8a0f",
            "productDescription": ""
        },
        "priceData": {
            "bestPrice": "2.60",
            "price": "2.60",
            "pricePerLitre": 5.2,
            "bestPricePerLitre": 5.2
        },
        "store": {
            "id": "5e76c1751db5f56964001ad3",
            "name": "Wanganui"
        },
        "timestamp": "2021-08-16T18:35:14.518864"
    },
    {
        "productData": {
            "name": "Monster Energy Ultra Zero 500ml",
            "productId": "monster-energy-ultra-zero-500ml",
            "productShopPage": "https://wanganui.store.supervalue.co.nz/lines/monster-energy-ultra-zero-500ml",
            "productImageURL": "https://dtgxwmigmg3gc.cloudfront.net/imagery/assets/derivations/icon/512/512/true/eyJpZCI6IjdhN2FhYTUwZWU2NTYwYjBiNGY1NThhMTgwNmVlODI3Iiwic3RvcmFnZSI6InB1YmxpY19zdG9yZSJ9?signature=7907c49ba7d043175a426f84a71776de7dd51fa5c249237063aca9cb098abdbe",
            "productDescription": ""
        },
        "priceData": {
            "bestPrice": "2.60",
            "price": "2.60",
            "pricePerLitre": 5.2,
            "bestPricePerLitre": 5.2
        },
        "store": {
            "id": "5e76c1751db5f56964001ad3",
            "name": "Wanganui"
        },
        "timestamp": "2021-08-16T18:35:15.446185"
    },
    {
        "productData": {
            "name": "Monster Energy Drink Can Green 500ml",
            "productId": "monster-energy-green-500ml",
            "productShopPage": "https://wanganui.store.supervalue.co.nz/lines/monster-energy-green-500ml",
            "productImageURL": "https://dtgxwmigmg3gc.cloudfront.net/imagery/assets/derivations/icon/512/512/true/eyJpZCI6ImU3ZjNiNjJiNzI4Y2M0MTIxMjhiNjQ2ZmQ2OTQzMGEzIiwic3RvcmFnZSI6InB1YmxpY19zdG9yZSJ9?signature=637eac56411f57a79f345ea693f1418330d5742c3a04caddb460696dba06da06",
            "productDescription": ""
        },
        "priceData": {
            "bestPrice": "2.60",
            "price": "2.60",
            "pricePerLitre": 5.2,
            "bestPricePerLitre": 5.2
        },
        "store": {
            "id": "5e76c1751db5f56964001ad3",
            "name": "Wanganui"
        },
        "timestamp": "2021-08-16T18:35:16.450917"
    },
    {
        "productData": {
            "name": "Monster Energy Drink Ultra Rosa 500ml",
            "productId": "monster-energy-drink-ultra-rosa-500ml",
            "productShopPage": "https://wanganui.store.supervalue.co.nz/lines/monster-energy-drink-ultra-rosa-500ml",
            "productImageURL": "https://dtgxwmigmg3gc.cloudfront.net/imagery/assets/derivations/icon/512/512/true/eyJpZCI6IjZjYzFjMzcwYzM4Mzk4N2MyOTUzNWIyMTFjZTJlYjgxIiwic3RvcmFnZSI6InB1YmxpY19zdG9yZSJ9?signature=9cd08284785f9b24647ecc7d1dc08214d9d00318cc809bebdef1921d6b78bb95",
            "productDescription": ""
        },
        "priceData": {
            "bestPrice": "2.60",
            "price": "2.60",
            "pricePerLitre": 5.2,
            "bestPricePerLitre": 5.2
        },
        "store": {
            "id": "5e76c1751db5f56964001ad3",
            "name": "Wanganui"
        },
        "timestamp": "2021-08-16T18:35:17.424554"
    },
    {
        "productData": {
            "name": "Mother Energy Drink Berry 500ml",
            "productId": "mother-energy-drink-berry-500ml",
            "productShopPage": "https://wanganui.store.supervalue.co.nz/lines/mother-energy-drink-berry-500ml",
            "productImageURL": "https://dtgxwmigmg3gc.cloudfront.net/imagery/assets/derivations/icon/512/512/true/eyJpZCI6ImRhYTJlNjUzNzRjZjViNjI0ZDljNzUzNDA3YmE0ZDFkIiwic3RvcmFnZSI6InB1YmxpY19zdG9yZSJ9?signature=d9ffb465d71d599811c2ff7a788845bfe297eb3624ad7866a89cf0b3ece073f0",
            "productDescription": ""
        },
        "priceData": {
            "bestPrice": "2.20",
            "price": "2.20",
            "pricePerLitre": 4.4,
            "bestPricePerLitre": 4.4
        },
        "store": {
            "id": "5e76c1751db5f56964001ad3",
            "name": "Wanganui"
        },
        "timestamp": "2021-08-16T18:35:20.054603"
    },
    {
        "productData": {
            "name": "Mother Energy Drink Black 500ml",
            "productId": "mother-energy-drink-black-500ml",
            "productShopPage": "https://wanganui.store.supervalue.co.nz/lines/mother-energy-drink-black-500ml",
            "productImageURL": "https://dtgxwmigmg3gc.cloudfront.net/imagery/assets/derivations/icon/512/512/true/eyJpZCI6ImYyMzA5MjhkYjg3ODFhYmYzZDU3ZjE1YjNmYzU2MWFjIiwic3RvcmFnZSI6InB1YmxpY19zdG9yZSJ9?signature=d3dbddb83d3d457075cd5d8936bef0c5b48fce4fa3fe725995d8b6d57219ceb5",
            "productDescription": ""
        },
        "priceData": {
            "bestPrice": "2.20",
            "price": "2.20",
            "pricePerLitre": 4.4,
            "bestPricePerLitre": 4.4
        },
        "store": {
            "id": "5e76c1751db5f56964001ad3",
            "name": "Wanganui"
        },
        "timestamp": "2021-08-16T18:35:21.153839"
    },
    {
        "productData": {
            "name": "Mother Energy Drink Passion 500ml",
            "productId": "mother-energy-drink-passion-500ml",
            "productShopPage": "https://wanganui.store.supervalue.co.nz/lines/mother-energy-drink-passion-500ml",
            "productImageURL": "https://dtgxwmigmg3gc.cloudfront.net/imagery/assets/derivations/icon/512/512/true/eyJpZCI6ImQwODE2YTc4ZjBmNGU4NTU5Mzg1YjkxZmI5YjIzZjM0Iiwic3RvcmFnZSI6InB1YmxpY19zdG9yZSJ9?signature=713c495fef96a6427b917f0c7c7e855a963749ac5c1bf7dfd71e24ae08ea3123",
            "productDescription": ""
        },
        "priceData": {
            "bestPrice": "2.20",
            "price": "2.20",
            "pricePerLitre": 4.4,
            "bestPricePerLitre": 4.4
        },
        "store": {
            "id": "5e76c1751db5f56964001ad3",
            "name": "Wanganui"
        },
        "timestamp": "2021-08-16T18:35:23.042456"
    },
    {
        "productData": {
            "name": "Mother Tropical Blast 500ml",
            "productId": "mother-tropical-blast-500ml",
            "productShopPage": "https://wanganui.store.supervalue.co.nz/lines/mother-tropical-blast-500ml",
            "productImageURL": "https://dtgxwmigmg3gc.cloudfront.net/imagery/assets/derivations/icon/512/512/true/eyJpZCI6ImEyZmM1OTUwNDhlODM5YTRhMjQ2MTI1OGEyYzNlZWZhIiwic3RvcmFnZSI6InB1YmxpY19zdG9yZSJ9?signature=6c9470ee4067e8ec32b58eeac9d628404d3986058a9b1cdef46014d1bee50944",
            "productDescription": ""
        },
        "priceData": {
            "bestPrice": "2.20",
            "price": "2.20",
            "pricePerLitre": 4.4,
            "bestPricePerLitre": 4.4
        },
        "store": {
            "id": "5e76c1751db5f56964001ad3",
            "name": "Wanganui"
        },
        "timestamp": "2021-08-16T18:35:23.966628"
    },
    {
        "productData": {
            "name": "Mother Epic Swell Energy Drink Twisted Apple 500ml",
            "productId": "mother-epic-swell-energy-drink-twisted-apple-500ml",
            "productShopPage": "https://wanganui.store.supervalue.co.nz/lines/mother-epic-swell-energy-drink-twisted-apple-500ml",
            "productImageURL": "https://dtgxwmigmg3gc.cloudfront.net/imagery/assets/derivations/icon/512/512/true/eyJpZCI6ImE2ZjYxOGNhNjUyYzMxNzRhNjg2MDBhMGVjZmQ3MmJkIiwic3RvcmFnZSI6InB1YmxpY19zdG9yZSJ9?signature=954f74f8aba0fb24cb2a5248b1e93fe8a62fb8c7f902abbb08b7aed24bc44c80",
            "productDescription": ""
        },
        "priceData": {
            "bestPrice": "2.20",
            "price": "2.20",
            "pricePerLitre": 4.4,
            "bestPricePerLitre": 4.4
        },
        "store": {
            "id": "5e76c1751db5f56964001ad3",
            "name": "Wanganui"
        },
        "timestamp": "2021-08-16T18:35:25.672716"
    },
    {
        "productData": {
            "name": "V Energy Drink 710ml Can",
            "productId": "v-energy-drink-710ml-can",
            "productShopPage": "https://wanganui.store.supervalue.co.nz/lines/v-energy-drink-710ml-can",
            "productImageURL": "https://dtgxwmigmg3gc.cloudfront.net/imagery/assets/derivations/icon/512/512/true/eyJpZCI6ImU1Mjg5NDIyNDI0MzhlNGM0N2IxY2FmMmExOWQ0OGI0Iiwic3RvcmFnZSI6InB1YmxpY19zdG9yZSJ9?signature=875386458f8ad66eb59967a1ca6ad24a19d1592f97a894e439af7d9be1852340",
            "productDescription": ""
        },
        "priceData": {
            "bestPrice": "3.30",
            "price": "3.30",
            "pricePerLitre": 4.6000000000000005,
            "bestPricePerLitre": 4.6000000000000005
        },
        "store": {
            "id": "5e76c1751db5f56964001ad3",
            "name": "Wanganui"
        },
        "timestamp": "2021-08-16T18:35:27.652670"
    },
    {
        "productData": {
            "name": "V Energy Drink Guarana 500ml",
            "productId": "v-energy-drink-guarana-500ml",
            "productShopPage": "https://wanganui.store.supervalue.co.nz/lines/v-energy-drink-guarana-500ml",
            "productImageURL": "https://dtgxwmigmg3gc.cloudfront.net/imagery/assets/derivations/icon/512/512/true/eyJpZCI6IjgzZDAxMjhiMzg4NmEwZmE4YTE2ZjY2NWIzNmM2NzI2Iiwic3RvcmFnZSI6InB1YmxpY19zdG9yZSJ9?signature=f55ecc561066291a4e74a967db35ea2355f881bd1708bf400fd790032384ae4f",
            "productDescription": ""
        },
        "priceData": {
            "bestPrice": "2.60",
            "price": "2.60",
            "pricePerLitre": 5.2,
            "bestPricePerLitre": 5.2
        },
        "store": {
            "id": "5e76c1751db5f56964001ad3",
            "name": "Wanganui"
        },
        "timestamp": "2021-08-16T18:35:28.640178"
    },
    {
        "productData": {
            "name": "V Energy Drink Sugarfree 500ml",
            "productId": "v-energy-drink-sugarfree-500ml",
            "productShopPage": "https://wanganui.store.supervalue.co.nz/lines/v-energy-drink-sugarfree-500ml",
            "productImageURL": "https://dtgxwmigmg3gc.cloudfront.net/imagery/assets/derivations/icon/512/512/true/eyJpZCI6ImVkZTAxNTNmMDI1NmU1NDZjNWQ5MTc3MjE3ZTQ3YTQ0Iiwic3RvcmFnZSI6InB1YmxpY19zdG9yZSJ9?signature=abcf72d9faa9ee3044eaa3b7ee0bf9b4fd8f582379018d8727f2234b7d3f3c85",
            "productDescription": ""
        },
        "priceData": {
            "bestPrice": "2.60",
            "price": "2.60",
            "pricePerLitre": 5.2,
            "bestPricePerLitre": 5.2
        },
        "store": {
            "id": "5e76c1751db5f56964001ad3",
            "name": "Wanganui"
        },
        "timestamp": "2021-08-16T18:35:29.593981"
    },
    {
        "productData": {
            "name": "V Energy Drink Sugar Free Guarana 250ml",
            "productId": "v-energy-drink-sugar-free-guarana-250ml",
            "productShopPage": "https://wanganui.store.supervalue.co.nz/lines/v-energy-drink-sugar-free-guarana-250ml",
            "productImageURL": "https://dtgxwmigmg3gc.cloudfront.net/imagery/assets/derivations/icon/512/512/true/eyJpZCI6ImZiNzM1NmU4NTMyZDllODlkZTljZmNlOGY2MzQ5NGQwIiwic3RvcmFnZSI6InB1YmxpY19zdG9yZSJ9?signature=72b0ce0a48ca796717c115fe5e8b4564501470f63bf80ae865d26e9d131a2b8c",
            "productDescription": ""
        },
        "priceData": {
            "bestPrice": "2.50",
            "price": "2.50",
            "pricePerLitre": 10.0,
            "bestPricePerLitre": 10.0
        },
        "store": {
            "id": "5e76c1751db5f56964001ad3",
            "name": "Wanganui"
        },
        "timestamp": "2021-08-16T18:35:30.518747"
    },
    {
        "productData": {
            "name": "V Energy Drink Blue Guarana Spritzed 350ml",
            "productId": "v-blue-energy-drink-blue-guarana-spritzed-350ml",
            "productShopPage": "https://wanganui.store.supervalue.co.nz/lines/v-blue-energy-drink-blue-guarana-spritzed-350ml",
            "productImageURL": "https://dtgxwmigmg3gc.cloudfront.net/imagery/assets/derivations/icon/512/512/true/eyJpZCI6ImY2OTRlZGI4NjdlNWMzZDM5NzgzMDQ0ODFkMzUxZGZiIiwic3RvcmFnZSI6InB1YmxpY19zdG9yZSJ9?signature=591b3079cb9c2407a29b3bc348eaf42dc1d34daba5c9d7aba65be654725b6719",
            "productDescription": ""
        },
        "priceData": {
            "bestPrice": "3.79",
            "price": "3.79",
            "pricePerLitre": 10.8,
            "bestPricePerLitre": 10.8
        },
        "store": {
            "id": "5e76c1751db5f56964001ad3",
            "name": "Wanganui"
        },
        "timestamp": "2021-08-16T18:35:32.582989"
    },
    {
        "productData": {
            "name": "V Energy Drink Green Guarana 350ml",
            "productId": "v-energy-drink-green-guarana-350ml",
            "productShopPage": "https://wanganui.store.supervalue.co.nz/lines/v-energy-drink-green-guarana-350ml",
            "productImageURL": "https://dtgxwmigmg3gc.cloudfront.net/imagery/assets/derivations/icon/512/512/true/eyJpZCI6IjRiNjY4ZjYxOTQ2ODYyN2MzM2NiZWMyNGUyNmIyODk4Iiwic3RvcmFnZSI6InB1YmxpY19zdG9yZSJ9?signature=4cded9cb42349eef45a593461f311b1bb7fa881295733879671ad9fe9887d30c",
            "productDescription": ""
        },
        "priceData": {
            "bestPrice": "3.79",
            "price": "3.79",
            "pricePerLitre": 10.8,
            "bestPricePerLitre": 10.8
        },
        "store": {
            "id": "5e76c1751db5f56964001ad3",
            "name": "Wanganui"
        },
        "timestamp": "2021-08-16T18:35:33.549955"
    },
    {
        "productData": {
            "name": "V Energy Drink Guarana Can 250ml",
            "productId": "v-energy-drink-guarana-can-250ml",
            "productShopPage": "https://wanganui.store.supervalue.co.nz/lines/v-energy-drink-guarana-can-250ml",
            "productImageURL": "https://dtgxwmigmg3gc.cloudfront.net/imagery/assets/derivations/icon/512/512/true/eyJpZCI6Ijc3Nzk1NjE2ZDhhNmFiMThhYzEzODYzOTg2ZmNkNzgwIiwic3RvcmFnZSI6InB1YmxpY19zdG9yZSJ9?signature=f5de1854d43e19cc62bff86893d4a55615cd916f8425a4dccd170b52eba81255",
            "productDescription": ""
        },
        "priceData": {
            "bestPrice": "2.50",
            "price": "2.50",
            "pricePerLitre": 10.0,
            "bestPricePerLitre": 10.0
        },
        "store": {
            "id": "5e76c1751db5f56964001ad3",
            "name": "Wanganui"
        },
        "timestamp": "2021-08-16T18:35:34.472497"
    },
    {
        "productData": {
            "name": "V Energy Drink Guarana Can 500ml",
            "productId": "v-energy-drink-guarana-can-500ml",
            "productShopPage": "https://wanganui.store.supervalue.co.nz/lines/v-energy-drink-guarana-can-500ml",
            "productImageURL": "https://dtgxwmigmg3gc.cloudfront.net/imagery/assets/derivations/icon/512/512/true/eyJpZCI6ImI0NjgzNGZjNDRkMjU0MjgzYzJjZGNhMzA2NWIxYjA5Iiwic3RvcmFnZSI6InB1YmxpY19zdG9yZSJ9?signature=265e8273409849423466e7623cbbdf8352940707b8830803eec391e8f32c9c5f",
            "productDescription": ""
        },
        "priceData": {
            "bestPrice": "3.60",
            "price": "3.60",
            "pricePerLitre": 7.199999999999999,
            "bestPricePerLitre": 7.199999999999999
        },
        "store": {
            "id": "5e76c1751db5f56964001ad3",
            "name": "Wanganui"
        },
        "timestamp": "2021-08-16T18:35:35.412319"
    },
    {
        "productData": {
            "name": "V Energy Drink Sugar Free Guarana 500ml",
            "productId": "v-energy-drink-sugar-free-guarana-500ml",
            "productShopPage": "https://wanganui.store.supervalue.co.nz/lines/v-energy-drink-sugar-free-guarana-500ml",
            "productImageURL": "https://dtgxwmigmg3gc.cloudfront.net/imagery/assets/derivations/icon/512/512/true/eyJpZCI6Ijg4MGExMDYxOTY4NTJiYzM1ZTExMmU2MGE2OWYxNDE3Iiwic3RvcmFnZSI6InB1YmxpY19zdG9yZSJ9?signature=b0536d25b9da8158705e24c88e21fabbf85c1dabc19f18108c386e956ffd7045",
            "productDescription": ""
        },
        "priceData": {
            "bestPrice": "3.60",
            "price": "3.60",
            "pricePerLitre": 7.199999999999999,
            "bestPricePerLitre": 7.199999999999999
        },
        "store": {
            "id": "5e76c1751db5f56964001ad3",
            "name": "Wanganui"
        },
        "timestamp": "2021-08-16T18:35:38.176338"
    },
    {
        "productData": {
            "name": "V Blue Energy Drink Bottle 500ml",
            "productId": "v-blue-energy-drink-bottle-500ml",
            "productShopPage": "https://wanganui.store.supervalue.co.nz/lines/v-blue-energy-drink-bottle-500ml",
            "productImageURL": "https://dtgxwmigmg3gc.cloudfront.net/imagery/assets/derivations/icon/512/512/true/eyJpZCI6IjgyYWYxYWY4MGI4MzUxODhiYmVhZGVhM2U2NzY0MzI5Iiwic3RvcmFnZSI6InB1YmxpY19zdG9yZSJ9?signature=7e70fc576864a528a1431734d680cbf177a11b419a692dbfd34800c31b8944ec",
            "productDescription": ""
        },
        "priceData": {
            "bestPrice": "2.60",
            "price": "2.60",
            "pricePerLitre": 5.2,
            "bestPricePerLitre": 5.2
        },
        "store": {
            "id": "5e76c1751db5f56964001ad3",
            "name": "Wanganui"
        },
        "timestamp": "2021-08-16T18:35:40.879524"
    },
    {
        "productData": {
            "name": "V Blue Sugarfree Energy Drink 500ml",
            "productId": "v-blue-sugarfree-energy-drink-500ml",
            "productShopPage": "https://wanganui.store.supervalue.co.nz/lines/v-blue-sugarfree-energy-drink-500ml",
            "productImageURL": "https://dtgxwmigmg3gc.cloudfront.net/imagery/assets/derivations/icon/512/512/true/eyJpZCI6ImVmYjQyOWRmM2JjZjc3NTY1ZDIwMTEyNTY0MDdmZjA1Iiwic3RvcmFnZSI6InB1YmxpY19zdG9yZSJ9?signature=2911d59474d8305039a3be3bef0f887c38d9ab84596314b13cc4b150101175ab",
            "productDescription": ""
        },
        "priceData": {
            "bestPrice": "3.60",
            "price": "3.60",
            "pricePerLitre": 7.199999999999999,
            "bestPricePerLitre": 7.199999999999999
        },
        "store": {
            "id": "5e76c1751db5f56964001ad3",
            "name": "Wanganui"
        },
        "timestamp": "2021-08-16T18:35:41.922120"
    },
    {
        "productData": {
            "name": "V Raspberry Lemonade Energy Drink 500ml",
            "productId": "v-energy-drink-raspberry-lemonade-500ml-can",
            "productShopPage": "https://wanganui.store.supervalue.co.nz/lines/v-energy-drink-raspberry-lemonade-500ml-can",
            "productImageURL": "https://dtgxwmigmg3gc.cloudfront.net/imagery/assets/derivations/icon/512/512/true/eyJpZCI6ImE3N2Y5NzBmY2FhOWZhYmZiOTc3MmYyMzE4MGRiOTcxIiwic3RvcmFnZSI6InB1YmxpY19zdG9yZSJ9?signature=2bb7890fe6d7b0c0c6a522be31c78077be0aa570ca4c8aa5549ccf80761262dc",
            "productDescription": ""
        },
        "priceData": {
            "bestPrice": "3.60",
            "price": "3.60",
            "pricePerLitre": 7.199999999999999,
            "bestPricePerLitre": 7.199999999999999
        },
        "store": {
            "id": "5e76c1751db5f56964001ad3",
            "name": "Wanganui"
        },
        "timestamp": "2021-08-16T18:35:42.797065"
    },
    {
        "productData": {
            "name": "V Blue Energy Drink Blue Guarana Can 250ml",
            "productId": "v-blue-energy-drink-blue-guarana-can-250ml",
            "productShopPage": "https://wanganui.store.supervalue.co.nz/lines/v-blue-energy-drink-blue-guarana-can-250ml",
            "productImageURL": "https://dtgxwmigmg3gc.cloudfront.net/imagery/assets/derivations/icon/512/512/true/eyJpZCI6IjBmZjQwNDEyZWQ2ZDk4YTg3YWQ2ZDUyMWZlNjM1YzJkIiwic3RvcmFnZSI6InB1YmxpY19zdG9yZSJ9?signature=8f745abe5614ec47b3d7a07f1a34ba529184a87b2a696211ba5a0f9f29c86bf0",
            "productDescription": ""
        },
        "priceData": {
            "bestPrice": "2.50",
            "price": "2.50",
            "pricePerLitre": 10.0,
            "bestPricePerLitre": 10.0
        },
        "store": {
            "id": "5e76c1751db5f56964001ad3",
            "name": "Wanganui"
        },
        "timestamp": "2021-08-16T18:35:45.763399"
    },
    {
        "productData": {
            "name": "V Blue Energy Drink Blue Guarana Can 500ml",
            "productId": "v-blue-energy-drink-blue-guarana-can-500ml",
            "productShopPage": "https://wanganui.store.supervalue.co.nz/lines/v-blue-energy-drink-blue-guarana-can-500ml",
            "productImageURL": "https://dtgxwmigmg3gc.cloudfront.net/imagery/assets/derivations/icon/512/512/true/eyJpZCI6ImFmYjEyYjVjYTU2YWI5ZDJhMTVmNGY2MDg2NWFlNzgxIiwic3RvcmFnZSI6InB1YmxpY19zdG9yZSJ9?signature=b537a8cc5a2c0f90f1702b2c541db44c3a740a0ec4a96e92ab2d6537f9320e8d",
            "productDescription": ""
        },
        "priceData": {
            "bestPrice": "3.60",
            "price": "3.60",
            "pricePerLitre": 7.199999999999999,
            "bestPricePerLitre": 7.199999999999999
        },
        "store": {
            "id": "5e76c1751db5f56964001ad3",
            "name": "Wanganui"
        },
        "timestamp": "2021-08-16T18:35:46.663232"
    },
    {
        "productData": {
            "name": "V Iced Coffee Guarana Energy 500ml",
            "productId": "v-iced-coffee-guarana-energy-500ml",
            "productShopPage": "https://wanganui.store.supervalue.co.nz/lines/v-iced-coffee-guarana-energy-500ml",
            "productImageURL": "https://dtgxwmigmg3gc.cloudfront.net/imagery/assets/derivations/icon/512/512/true/eyJpZCI6ImM0Zjc4YjRmYWVjMjk0NTJkZTNkYzZjNmY5MzBlMjU2Iiwic3RvcmFnZSI6InB1YmxpY19zdG9yZSJ9?signature=14312b2813aab9c1ad551700ec97cd58a3a7f95bef4d0bd7ae7aa2dcf8fcdc9d",
            "productDescription": ""
        },
        "priceData": {
            "bestPrice": "4.19",
            "price": "4.19"
        },
        "store": {
            "id": "5e76c1751db5f56964001ad3",
            "name": "Wanganui"
        },
        "timestamp": "2021-08-16T18:35:47.594890"
    },
    {
        "productData": {
            "name": "V Iced Mocha Guarana Energy 500ml",
            "productId": "v-iced-mocha-guarana-energy-500ml",
            "productShopPage": "https://wanganui.store.supervalue.co.nz/lines/v-iced-mocha-guarana-energy-500ml",
            "productImageURL": "https://dtgxwmigmg3gc.cloudfront.net/imagery/assets/derivations/icon/512/512/true/eyJpZCI6ImNiMDRkODVlZmQ2YjhiZGMxMWU4Zjk5OGEwOTczODg1Iiwic3RvcmFnZSI6InB1YmxpY19zdG9yZSJ9?signature=3e63d4ec34ef65794a07ea00749a785cb88ce90997e6e7d12629c3c0f205de6d",
            "productDescription": ""
        },
        "priceData": {
            "bestPrice": "4.19",
            "price": "4.19"
        },
        "store": {
            "id": "5e76c1751db5f56964001ad3",
            "name": "Wanganui"
        },
        "timestamp": "2021-08-16T18:35:48.527539"
    },
    {
        "productData": {
            "name": "V Energy Drink Sugar Free Guarana Bottle 350ml",
            "productId": "v-energy-drink-sugar-free-guarana-bottle-350ml",
            "productShopPage": "https://wanganui.store.supervalue.co.nz/lines/v-energy-drink-sugar-free-guarana-bottle-350ml",
            "productImageURL": "https://dtgxwmigmg3gc.cloudfront.net/imagery/assets/derivations/icon/512/512/true/eyJpZCI6IjQzYmZlOTg1YzY2ZGQ0ZDI1YzUyZDk3MGJhMmJhMGM3Iiwic3RvcmFnZSI6InB1YmxpY19zdG9yZSJ9?signature=7a4bb3eb2264f52495ae9ba8fbf21b5a3e59e12c0d6208cfa1591261da333f55",
            "productDescription": ""
        },
        "priceData": {
            "bestPrice": "3.79",
            "price": "3.79",
            "pricePerLitre": 10.8,
            "bestPricePerLitre": 10.8
        },
        "store": {
            "id": "5e76c1751db5f56964001ad3",
            "name": "Wanganui"
        },
        "timestamp": "2021-08-16T18:35:50.340705"
    },
    {
        "productData": {
            "name": "Monster Mule Ginger Brew 500ml",
            "productId": "monster-mule-ginger-brew-500ml",
            "productShopPage": "https://wanganui.store.supervalue.co.nz/lines/monster-mule-ginger-brew-500ml",
            "productImageURL": "https://dtgxwmigmg3gc.cloudfront.net/imagery/assets/derivations/icon/512/512/true/eyJpZCI6ImM1OTM5MTIyZTRlNmNhNzk0ODFlMDE4ZWVmMWE2Y2ZlIiwic3RvcmFnZSI6InB1YmxpY19zdG9yZSJ9?signature=5d11287f30ef58c148e37382d61c0d83097d5461683a9aa5dd9456941c1f32e5",
            "productDescription": ""
        },
        "priceData": {
            "bestPrice": "2.60",
            "price": "2.60",
            "pricePerLitre": 5.2,
            "bestPricePerLitre": 5.2
        },
        "store": {
            "id": "5e76c1751db5f56964001ad3",
            "name": "Wanganui"
        },
        "timestamp": "2021-08-16T18:35:59.352071"
    },
    {
        "productData": {
            "name": "Monster Energy Pipeline Punch 500ml",
            "productId": "monster-energy-pipeline-punch-500ml",
            "productShopPage": "https://wanganui.store.supervalue.co.nz/lines/monster-energy-pipeline-punch-500ml",
            "productImageURL": "https://dtgxwmigmg3gc.cloudfront.net/imagery/assets/derivations/icon/512/512/true/eyJpZCI6IjM3ZWY2OTY5OWFlNTJlZTRjNTY1ZmFmYWIwOTIxMjg4Iiwic3RvcmFnZSI6InB1YmxpY19zdG9yZSJ9?signature=79ed6699c35bd716a9d5d9457c39ce62c523edaa4059b6b45d4dcc7caf65cef9",
            "productDescription": ""
        },
        "priceData": {
            "bestPrice": "2.60",
            "price": "2.60",
            "pricePerLitre": 5.2,
            "bestPricePerLitre": 5.2
        },
        "store": {
            "id": "5e76c1751db5f56964001ad3",
            "name": "Wanganui"
        },
        "timestamp": "2021-08-16T18:36:02.957759"
    },
    {
        "productData": {
            "name": "Live Plus Energy Drink Citrus Flavour 500ml",
            "productId": "live-plus-persist-500ml",
            "productShopPage": "https://wanganui.store.supervalue.co.nz/lines/live-plus-persist-500ml",
            "productImageURL": "https://dtgxwmigmg3gc.cloudfront.net/imagery/assets/derivations/icon/512/512/true/eyJpZCI6IjFlNWQ5YzI4OWM1N2UzNmYzZmI2NThlMDQzZTI3ZjE4Iiwic3RvcmFnZSI6InB1YmxpY19zdG9yZSJ9?signature=756b17fefe47174b90e7dbec8cd09db27f9f59f4994bc750b71256ae93ba9fa8",
            "productDescription": ""
        },
        "priceData": {
            "bestPrice": "2.20",
            "price": "2.20",
            "pricePerLitre": 4.4,
            "bestPricePerLitre": 4.4
        },
        "store": {
            "id": "5e76c1751db5f56964001ad3",
            "name": "Wanganui"
        },
        "timestamp": "2021-08-16T18:36:03.907680"
    },
    {
        "productData": {
            "name": "Live Plus Energy Drink Tart Apple Apple Flavour 500ml",
            "productId": "live-plus-ignite-500ml",
            "productShopPage": "https://wanganui.store.supervalue.co.nz/lines/live-plus-ignite-500ml",
            "productImageURL": "https://dtgxwmigmg3gc.cloudfront.net/imagery/assets/derivations/icon/512/512/true/eyJpZCI6IjViOGViZjhmZTQzYjFlYTMzNDM5YjJjMjg3ZDRmY2YyIiwic3RvcmFnZSI6InB1YmxpY19zdG9yZSJ9?signature=140ae19352cd0dcec7e77f90fa4dfaa9fa17086439f730510afc5d906e1415bf",
            "productDescription": ""
        },
        "priceData": {
            "bestPrice": "2.20",
            "price": "2.20",
            "pricePerLitre": 4.4,
            "bestPricePerLitre": 4.4
        },
        "store": {
            "id": "5e76c1751db5f56964001ad3",
            "name": "Wanganui"
        },
        "timestamp": "2021-08-16T18:36:04.804159"
    },
    {
        "productData": {
            "name": "Live Plus Energy Drink Original Citrus Flavour 6x250ml",
            "productId": "live-plus-persist-250ml-6pack",
            "productShopPage": "https://wanganui.store.supervalue.co.nz/lines/live-plus-persist-250ml-6pack",
            "productImageURL": "https://dtgxwmigmg3gc.cloudfront.net/imagery/assets/derivations/icon/512/512/true/eyJpZCI6IjNmODNiNGI4MzI4MzJmNzhjZmJhNDA1OGUyZWFlM2ZhIiwic3RvcmFnZSI6InB1YmxpY19zdG9yZSJ9?signature=0257f943d0c41562773e51cbd42327ad911228832e33494e9c30381e20305337",
            "productDescription": ""
        },
        "priceData": {
            "bestPrice": "8.00",
            "price": "8.00",
            "pricePerLitre": 5.300000000000001,
            "bestPricePerLitre": 5.300000000000001
        },
        "store": {
            "id": "5e76c1751db5f56964001ad3",
            "name": "Wanganui"
        },
        "timestamp": "2021-08-16T18:36:08.802913"
    },
    {
        "productData": {
            "name": "Rockstar Punched Energy Guava 500ml",
            "productId": "rockstar-punched-energy-guava-500ml",
            "productShopPage": "https://wanganui.store.supervalue.co.nz/lines/rockstar-punched-energy-guava-500ml",
            "productImageURL": "https://dtgxwmigmg3gc.cloudfront.net/imagery/assets/derivations/icon/512/512/true/eyJpZCI6IjBmNGEyNjU2MGQwM2Y4OGI4MWE3ZTMyODUzYTRlN2QyIiwic3RvcmFnZSI6InB1YmxpY19zdG9yZSJ9?signature=fab45ac774e74d87cf7a79de075f47290676fd6d4afcf212198c745670d5ce29",
            "productDescription": ""
        },
        "priceData": {
            "bestPrice": "2.20",
            "price": "2.20",
            "pricePerLitre": 4.4,
            "bestPricePerLitre": 4.4
        },
        "store": {
            "id": "5e76c1751db5f56964001ad3",
            "name": "Wanganui"
        },
        "timestamp": "2021-08-16T18:36:12.844365"
    },
    {
        "productData": {
            "name": "Mother Kicked Apple 500ml",
            "productId": "mother-kicked-apple-500ml",
            "productShopPage": "https://woburn.store.supervalue.co.nz/lines/mother-kicked-apple-500ml",
            "productImageURL": "https://dtgxwmigmg3gc.cloudfront.net/imagery/assets/derivations/icon/512/512/true/eyJpZCI6IjNhZTlkYjkwYTM4MDFjMGEwYjUwYThhMDAwYjkyZjM0Iiwic3RvcmFnZSI6InB1YmxpY19zdG9yZSJ9?signature=c1a1db0a5d7b074c388cf08560fd44a4a2b6127821554198e54eeea8474325f6",
            "productDescription": ""
        },
        "priceData": {
            "bestPrice": "2.20",
            "price": "2.20",
            "pricePerLitre": 4.4,
            "bestPricePerLitre": 4.4
        },
        "store": {
            "id": "5e7925bf04015f1a9e06373e",
            "name": "Woburn"
        },
        "timestamp": "2021-08-16T18:36:15.480915"
    },
    {
        "productData": {
            "name": "Monster Energy Ultra Paradise 500ml",
            "productId": "monster-energy-drink-ultra-paradise-500ml",
            "productShopPage": "https://woburn.store.supervalue.co.nz/lines/monster-energy-drink-ultra-paradise-500ml",
            "productImageURL": "https://dtgxwmigmg3gc.cloudfront.net/imagery/assets/derivations/icon/512/512/true/eyJpZCI6ImZiZDRkZTQxNzA0M2FiYTUyMjMwZWI0NTcyZGNmYTE1Iiwic3RvcmFnZSI6InB1YmxpY19zdG9yZSJ9?signature=8a439bf26b71114289dfea1720ed331b1e4784c534deade29db8ac38b1cc7c1a",
            "productDescription": ""
        },
        "priceData": {
            "bestPrice": "2.60",
            "price": "2.60",
            "pricePerLitre": 5.2,
            "bestPricePerLitre": 5.2
        },
        "store": {
            "id": "5e7925bf04015f1a9e06373e",
            "name": "Woburn"
        },
        "timestamp": "2021-08-16T18:36:18.035931"
    },
    {
        "productData": {
            "name": "Monster Energy Ultra Sunrise 500ml",
            "productId": "monster-energy-ultra-sunrise-500ml",
            "productShopPage": "https://woburn.store.supervalue.co.nz/lines/monster-energy-ultra-sunrise-500ml",
            "productImageURL": "https://dtgxwmigmg3gc.cloudfront.net/imagery/assets/derivations/icon/512/512/true/eyJpZCI6ImFlNTVkY2RiZTZiZjg3OGZjZTdlOTU1OTFhMDE4YTdiIiwic3RvcmFnZSI6InB1YmxpY19zdG9yZSJ9?signature=b98350feca08b6ab128cc925fef23a58f65a36f94ede15cb2174f6f88a0f8a0f",
            "productDescription": ""
        },
        "priceData": {
            "bestPrice": "2.60",
            "price": "2.60",
            "pricePerLitre": 5.2,
            "bestPricePerLitre": 5.2
        },
        "store": {
            "id": "5e7925bf04015f1a9e06373e",
            "name": "Woburn"
        },
        "timestamp": "2021-08-16T18:36:19.018264"
    },
    {
        "productData": {
            "name": "Monster Energy Ultra Zero 500ml",
            "productId": "monster-energy-ultra-zero-500ml",
            "productShopPage": "https://woburn.store.supervalue.co.nz/lines/monster-energy-ultra-zero-500ml",
            "productImageURL": "https://dtgxwmigmg3gc.cloudfront.net/imagery/assets/derivations/icon/512/512/true/eyJpZCI6IjdhN2FhYTUwZWU2NTYwYjBiNGY1NThhMTgwNmVlODI3Iiwic3RvcmFnZSI6InB1YmxpY19zdG9yZSJ9?signature=7907c49ba7d043175a426f84a71776de7dd51fa5c249237063aca9cb098abdbe",
            "productDescription": ""
        },
        "priceData": {
            "bestPrice": "2.60",
            "price": "2.60",
            "pricePerLitre": 5.2,
            "bestPricePerLitre": 5.2
        },
        "store": {
            "id": "5e7925bf04015f1a9e06373e",
            "name": "Woburn"
        },
        "timestamp": "2021-08-16T18:36:20.001352"
    },
    {
        "productData": {
            "name": "Monster Energy Drink Can Green 500ml",
            "productId": "monster-energy-green-500ml",
            "productShopPage": "https://woburn.store.supervalue.co.nz/lines/monster-energy-green-500ml",
            "productImageURL": "https://dtgxwmigmg3gc.cloudfront.net/imagery/assets/derivations/icon/512/512/true/eyJpZCI6ImU3ZjNiNjJiNzI4Y2M0MTIxMjhiNjQ2ZmQ2OTQzMGEzIiwic3RvcmFnZSI6InB1YmxpY19zdG9yZSJ9?signature=637eac56411f57a79f345ea693f1418330d5742c3a04caddb460696dba06da06",
            "productDescription": ""
        },
        "priceData": {
            "bestPrice": "2.60",
            "price": "2.60",
            "pricePerLitre": 5.2,
            "bestPricePerLitre": 5.2
        },
        "store": {
            "id": "5e7925bf04015f1a9e06373e",
            "name": "Woburn"
        },
        "timestamp": "2021-08-16T18:36:20.913809"
    },
    {
        "productData": {
            "name": "Monster Energy Drink Ultra Rosa 500ml",
            "productId": "monster-energy-drink-ultra-rosa-500ml",
            "productShopPage": "https://woburn.store.supervalue.co.nz/lines/monster-energy-drink-ultra-rosa-500ml",
            "productImageURL": "https://dtgxwmigmg3gc.cloudfront.net/imagery/assets/derivations/icon/512/512/true/eyJpZCI6IjZjYzFjMzcwYzM4Mzk4N2MyOTUzNWIyMTFjZTJlYjgxIiwic3RvcmFnZSI6InB1YmxpY19zdG9yZSJ9?signature=9cd08284785f9b24647ecc7d1dc08214d9d00318cc809bebdef1921d6b78bb95",
            "productDescription": ""
        },
        "priceData": {
            "bestPrice": "2.60",
            "price": "2.60",
            "pricePerLitre": 5.2,
            "bestPricePerLitre": 5.2
        },
        "store": {
            "id": "5e7925bf04015f1a9e06373e",
            "name": "Woburn"
        },
        "timestamp": "2021-08-16T18:36:21.824752"
    },
    {
        "productData": {
            "name": "Mother Energy Drink Black 500ml",
            "productId": "mother-energy-drink-black-500ml",
            "productShopPage": "https://woburn.store.supervalue.co.nz/lines/mother-energy-drink-black-500ml",
            "productImageURL": "https://dtgxwmigmg3gc.cloudfront.net/imagery/assets/derivations/icon/512/512/true/eyJpZCI6ImYyMzA5MjhkYjg3ODFhYmYzZDU3ZjE1YjNmYzU2MWFjIiwic3RvcmFnZSI6InB1YmxpY19zdG9yZSJ9?signature=d3dbddb83d3d457075cd5d8936bef0c5b48fce4fa3fe725995d8b6d57219ceb5",
            "productDescription": ""
        },
        "priceData": {
            "bestPrice": "2.20",
            "price": "2.20",
            "pricePerLitre": 4.4,
            "bestPricePerLitre": 4.4
        },
        "store": {
            "id": "5e7925bf04015f1a9e06373e",
            "name": "Woburn"
        },
        "timestamp": "2021-08-16T18:36:25.797769"
    },
    {
        "productData": {
            "name": "Mother Energy Drink Cans 6x250ml",
            "productId": "mother-energy-drink-6x250ml-cans",
            "productShopPage": "https://woburn.store.supervalue.co.nz/lines/mother-energy-drink-6x250ml-cans",
            "productImageURL": "https://dtgxwmigmg3gc.cloudfront.net/imagery/assets/derivations/icon/512/512/true/eyJpZCI6IjEyOGFhMmU0Y2VkYTU4ZWFkZmVhOWUwZjdlNTZhOTA4Iiwic3RvcmFnZSI6InB1YmxpY19zdG9yZSJ9?signature=5db1908f64527cf28fa7bf3266a83ab854a07ca50453511f7d414d8e6d5c10fb",
            "productDescription": ""
        },
        "priceData": {
            "bestPrice": "8.00",
            "price": "8.00",
            "pricePerLitre": 5.300000000000001,
            "bestPricePerLitre": 5.300000000000001
        },
        "store": {
            "id": "5e7925bf04015f1a9e06373e",
            "name": "Woburn"
        },
        "timestamp": "2021-08-16T18:36:26.703938"
    },
    {
        "productData": {
            "name": "Mother Tropical Blast 500ml",
            "productId": "mother-tropical-blast-500ml",
            "productShopPage": "https://woburn.store.supervalue.co.nz/lines/mother-tropical-blast-500ml",
            "productImageURL": "https://dtgxwmigmg3gc.cloudfront.net/imagery/assets/derivations/icon/512/512/true/eyJpZCI6ImEyZmM1OTUwNDhlODM5YTRhMjQ2MTI1OGEyYzNlZWZhIiwic3RvcmFnZSI6InB1YmxpY19zdG9yZSJ9?signature=6c9470ee4067e8ec32b58eeac9d628404d3986058a9b1cdef46014d1bee50944",
            "productDescription": ""
        },
        "priceData": {
            "bestPrice": "2.20",
            "price": "2.20",
            "pricePerLitre": 4.4,
            "bestPricePerLitre": 4.4
        },
        "store": {
            "id": "5e7925bf04015f1a9e06373e",
            "name": "Woburn"
        },
        "timestamp": "2021-08-16T18:36:28.896884"
    },
    {
        "productData": {
            "name": "Mother Epic Swell Energy Drink Twisted Apple 500ml",
            "productId": "mother-epic-swell-energy-drink-twisted-apple-500ml",
            "productShopPage": "https://woburn.store.supervalue.co.nz/lines/mother-epic-swell-energy-drink-twisted-apple-500ml",
            "productImageURL": "https://dtgxwmigmg3gc.cloudfront.net/imagery/assets/derivations/icon/512/512/true/eyJpZCI6ImE2ZjYxOGNhNjUyYzMxNzRhNjg2MDBhMGVjZmQ3MmJkIiwic3RvcmFnZSI6InB1YmxpY19zdG9yZSJ9?signature=954f74f8aba0fb24cb2a5248b1e93fe8a62fb8c7f902abbb08b7aed24bc44c80",
            "productDescription": ""
        },
        "priceData": {
            "bestPrice": "2.20",
            "price": "2.20",
            "pricePerLitre": 4.4,
            "bestPricePerLitre": 4.4
        },
        "store": {
            "id": "5e7925bf04015f1a9e06373e",
            "name": "Woburn"
        },
        "timestamp": "2021-08-16T18:36:30.856271"
    },
    {
        "productData": {
            "name": "V Energy Drink Guarana 500ml",
            "productId": "v-energy-drink-guarana-500ml",
            "productShopPage": "https://woburn.store.supervalue.co.nz/lines/v-energy-drink-guarana-500ml",
            "productImageURL": "https://dtgxwmigmg3gc.cloudfront.net/imagery/assets/derivations/icon/512/512/true/eyJpZCI6IjgzZDAxMjhiMzg4NmEwZmE4YTE2ZjY2NWIzNmM2NzI2Iiwic3RvcmFnZSI6InB1YmxpY19zdG9yZSJ9?signature=f55ecc561066291a4e74a967db35ea2355f881bd1708bf400fd790032384ae4f",
            "productDescription": ""
        },
        "priceData": {
            "bestPrice": "2.60",
            "price": "2.60",
            "pricePerLitre": 5.2,
            "bestPricePerLitre": 5.2
        },
        "store": {
            "id": "5e7925bf04015f1a9e06373e",
            "name": "Woburn"
        },
        "timestamp": "2021-08-16T18:36:33.625551"
    },
    {
        "productData": {
            "name": "V Energy Drink Sugarfree 500ml",
            "productId": "v-energy-drink-sugarfree-500ml",
            "productShopPage": "https://woburn.store.supervalue.co.nz/lines/v-energy-drink-sugarfree-500ml",
            "productImageURL": "https://dtgxwmigmg3gc.cloudfront.net/imagery/assets/derivations/icon/512/512/true/eyJpZCI6ImVkZTAxNTNmMDI1NmU1NDZjNWQ5MTc3MjE3ZTQ3YTQ0Iiwic3RvcmFnZSI6InB1YmxpY19zdG9yZSJ9?signature=abcf72d9faa9ee3044eaa3b7ee0bf9b4fd8f582379018d8727f2234b7d3f3c85",
            "productDescription": ""
        },
        "priceData": {
            "bestPrice": "2.60",
            "price": "2.60",
            "pricePerLitre": 5.2,
            "bestPricePerLitre": 5.2
        },
        "store": {
            "id": "5e7925bf04015f1a9e06373e",
            "name": "Woburn"
        },
        "timestamp": "2021-08-16T18:36:34.554253"
    },
    {
        "productData": {
            "name": "V Energy Drink Sugar Free Guarana 250ml",
            "productId": "v-energy-drink-sugar-free-guarana-250ml",
            "productShopPage": "https://woburn.store.supervalue.co.nz/lines/v-energy-drink-sugar-free-guarana-250ml",
            "productImageURL": "https://dtgxwmigmg3gc.cloudfront.net/imagery/assets/derivations/icon/512/512/true/eyJpZCI6ImZiNzM1NmU4NTMyZDllODlkZTljZmNlOGY2MzQ5NGQwIiwic3RvcmFnZSI6InB1YmxpY19zdG9yZSJ9?signature=72b0ce0a48ca796717c115fe5e8b4564501470f63bf80ae865d26e9d131a2b8c",
            "productDescription": ""
        },
        "priceData": {
            "bestPrice": "2.50",
            "price": "2.50",
            "pricePerLitre": 10.0,
            "bestPricePerLitre": 10.0
        },
        "store": {
            "id": "5e7925bf04015f1a9e06373e",
            "name": "Woburn"
        },
        "timestamp": "2021-08-16T18:36:35.510117"
    },
    {
        "productData": {
            "name": "V Energy Drink Blue Guarana Spritzed 350ml",
            "productId": "v-blue-energy-drink-blue-guarana-spritzed-350ml",
            "productShopPage": "https://woburn.store.supervalue.co.nz/lines/v-blue-energy-drink-blue-guarana-spritzed-350ml",
            "productImageURL": "https://dtgxwmigmg3gc.cloudfront.net/imagery/assets/derivations/icon/512/512/true/eyJpZCI6ImY2OTRlZGI4NjdlNWMzZDM5NzgzMDQ0ODFkMzUxZGZiIiwic3RvcmFnZSI6InB1YmxpY19zdG9yZSJ9?signature=591b3079cb9c2407a29b3bc348eaf42dc1d34daba5c9d7aba65be654725b6719",
            "productDescription": ""
        },
        "priceData": {
            "bestPrice": "3.99",
            "price": "3.99",
            "pricePerLitre": 11.399999999999999,
            "bestPricePerLitre": 11.399999999999999
        },
        "store": {
            "id": "5e7925bf04015f1a9e06373e",
            "name": "Woburn"
        },
        "timestamp": "2021-08-16T18:36:37.123740"
    },
    {
        "productData": {
            "name": "V Energy Drink Green Guarana 350ml",
            "productId": "v-energy-drink-green-guarana-350ml",
            "productShopPage": "https://woburn.store.supervalue.co.nz/lines/v-energy-drink-green-guarana-350ml",
            "productImageURL": "https://dtgxwmigmg3gc.cloudfront.net/imagery/assets/derivations/icon/512/512/true/eyJpZCI6IjRiNjY4ZjYxOTQ2ODYyN2MzM2NiZWMyNGUyNmIyODk4Iiwic3RvcmFnZSI6InB1YmxpY19zdG9yZSJ9?signature=4cded9cb42349eef45a593461f311b1bb7fa881295733879671ad9fe9887d30c",
            "productDescription": ""
        },
        "priceData": {
            "bestPrice": "3.99",
            "price": "3.99",
            "pricePerLitre": 11.399999999999999,
            "bestPricePerLitre": 11.399999999999999
        },
        "store": {
            "id": "5e7925bf04015f1a9e06373e",
            "name": "Woburn"
        },
        "timestamp": "2021-08-16T18:36:37.953645"
    },
    {
        "productData": {
            "name": "V Energy Drink Guarana Can 250ml",
            "productId": "v-energy-drink-guarana-can-250ml",
            "productShopPage": "https://woburn.store.supervalue.co.nz/lines/v-energy-drink-guarana-can-250ml",
            "productImageURL": "https://dtgxwmigmg3gc.cloudfront.net/imagery/assets/derivations/icon/512/512/true/eyJpZCI6Ijc3Nzk1NjE2ZDhhNmFiMThhYzEzODYzOTg2ZmNkNzgwIiwic3RvcmFnZSI6InB1YmxpY19zdG9yZSJ9?signature=f5de1854d43e19cc62bff86893d4a55615cd916f8425a4dccd170b52eba81255",
            "productDescription": ""
        },
        "priceData": {
            "bestPrice": "2.50",
            "price": "2.50",
            "pricePerLitre": 10.0,
            "bestPricePerLitre": 10.0
        },
        "store": {
            "id": "5e7925bf04015f1a9e06373e",
            "name": "Woburn"
        },
        "timestamp": "2021-08-16T18:36:39.941301"
    },
    {
        "productData": {
            "name": "V Energy Drink Guarana Can 500ml",
            "productId": "v-energy-drink-guarana-can-500ml",
            "productShopPage": "https://woburn.store.supervalue.co.nz/lines/v-energy-drink-guarana-can-500ml",
            "productImageURL": "https://dtgxwmigmg3gc.cloudfront.net/imagery/assets/derivations/icon/512/512/true/eyJpZCI6ImI0NjgzNGZjNDRkMjU0MjgzYzJjZGNhMzA2NWIxYjA5Iiwic3RvcmFnZSI6InB1YmxpY19zdG9yZSJ9?signature=265e8273409849423466e7623cbbdf8352940707b8830803eec391e8f32c9c5f",
            "productDescription": ""
        },
        "priceData": {
            "bestPrice": "3.60",
            "price": "3.60",
            "pricePerLitre": 7.199999999999999,
            "bestPricePerLitre": 7.199999999999999
        },
        "store": {
            "id": "5e7925bf04015f1a9e06373e",
            "name": "Woburn"
        },
        "timestamp": "2021-08-16T18:36:40.784300"
    },
    {
        "productData": {
            "name": "V Energy Drink Sugar Free Guarana 500ml",
            "productId": "v-energy-drink-sugar-free-guarana-500ml",
            "productShopPage": "https://woburn.store.supervalue.co.nz/lines/v-energy-drink-sugar-free-guarana-500ml",
            "productImageURL": "https://dtgxwmigmg3gc.cloudfront.net/imagery/assets/derivations/icon/512/512/true/eyJpZCI6Ijg4MGExMDYxOTY4NTJiYzM1ZTExMmU2MGE2OWYxNDE3Iiwic3RvcmFnZSI6InB1YmxpY19zdG9yZSJ9?signature=b0536d25b9da8158705e24c88e21fabbf85c1dabc19f18108c386e956ffd7045",
            "productDescription": ""
        },
        "priceData": {
            "bestPrice": "3.60",
            "price": "3.60",
            "pricePerLitre": 7.199999999999999,
            "bestPricePerLitre": 7.199999999999999
        },
        "store": {
            "id": "5e7925bf04015f1a9e06373e",
            "name": "Woburn"
        },
        "timestamp": "2021-08-16T18:36:43.492465"
    },
    {
        "productData": {
            "name": "V Blue Energy Drink Bottle 500ml",
            "productId": "v-blue-energy-drink-bottle-500ml",
            "productShopPage": "https://woburn.store.supervalue.co.nz/lines/v-blue-energy-drink-bottle-500ml",
            "productImageURL": "https://dtgxwmigmg3gc.cloudfront.net/imagery/assets/derivations/icon/512/512/true/eyJpZCI6IjgyYWYxYWY4MGI4MzUxODhiYmVhZGVhM2U2NzY0MzI5Iiwic3RvcmFnZSI6InB1YmxpY19zdG9yZSJ9?signature=7e70fc576864a528a1431734d680cbf177a11b419a692dbfd34800c31b8944ec",
            "productDescription": ""
        },
        "priceData": {
            "bestPrice": "2.60",
            "price": "2.60",
            "pricePerLitre": 5.2,
            "bestPricePerLitre": 5.2
        },
        "store": {
            "id": "5e7925bf04015f1a9e06373e",
            "name": "Woburn"
        },
        "timestamp": "2021-08-16T18:36:46.209401"
    },
    {
        "productData": {
            "name": "V Blue Sugarfree Energy Drink 500ml",
            "productId": "v-blue-sugarfree-energy-drink-500ml",
            "productShopPage": "https://woburn.store.supervalue.co.nz/lines/v-blue-sugarfree-energy-drink-500ml",
            "productImageURL": "https://dtgxwmigmg3gc.cloudfront.net/imagery/assets/derivations/icon/512/512/true/eyJpZCI6ImVmYjQyOWRmM2JjZjc3NTY1ZDIwMTEyNTY0MDdmZjA1Iiwic3RvcmFnZSI6InB1YmxpY19zdG9yZSJ9?signature=2911d59474d8305039a3be3bef0f887c38d9ab84596314b13cc4b150101175ab",
            "productDescription": ""
        },
        "priceData": {
            "bestPrice": "3.60",
            "price": "3.60",
            "pricePerLitre": 7.199999999999999,
            "bestPricePerLitre": 7.199999999999999
        },
        "store": {
            "id": "5e7925bf04015f1a9e06373e",
            "name": "Woburn"
        },
        "timestamp": "2021-08-16T18:36:47.125476"
    },
    {
        "productData": {
            "name": "V Blue Energy Drink 275ml Cans 4 Pack",
            "productId": "v-blue-energy-drink-275ml-cans-4-pack",
            "productShopPage": "https://woburn.store.supervalue.co.nz/lines/v-blue-energy-drink-275ml-cans-4-pack",
            "productImageURL": "https://dtgxwmigmg3gc.cloudfront.net/imagery/assets/derivations/icon/512/512/true/eyJpZCI6IjcxMTc0MzEzN2QzNTUzODQwMmUyODZjMDJkNTM3OTk3Iiwic3RvcmFnZSI6InB1YmxpY19zdG9yZSJ9?signature=5697ef2f72e1e995472b76c19c7c6201b3deb266e060743ac9ae1219dbf2226c",
            "productDescription": ""
        },
        "priceData": {
            "bestPrice": "8.00",
            "price": "8.00",
            "pricePerLitre": 7.3,
            "bestPricePerLitre": 7.3
        },
        "store": {
            "id": "5e7925bf04015f1a9e06373e",
            "name": "Woburn"
        },
        "timestamp": "2021-08-16T18:36:49.687108"
    },
    {
        "productData": {
            "name": "V Blue Energy Drink Blue Guarana Can 250ml",
            "productId": "v-blue-energy-drink-blue-guarana-can-250ml",
            "productShopPage": "https://woburn.store.supervalue.co.nz/lines/v-blue-energy-drink-blue-guarana-can-250ml",
            "productImageURL": "https://dtgxwmigmg3gc.cloudfront.net/imagery/assets/derivations/icon/512/512/true/eyJpZCI6IjBmZjQwNDEyZWQ2ZDk4YTg3YWQ2ZDUyMWZlNjM1YzJkIiwic3RvcmFnZSI6InB1YmxpY19zdG9yZSJ9?signature=8f745abe5614ec47b3d7a07f1a34ba529184a87b2a696211ba5a0f9f29c86bf0",
            "productDescription": ""
        },
        "priceData": {
            "bestPrice": "2.50",
            "price": "2.50",
            "pricePerLitre": 10.0,
            "bestPricePerLitre": 10.0
        },
        "store": {
            "id": "5e7925bf04015f1a9e06373e",
            "name": "Woburn"
        },
        "timestamp": "2021-08-16T18:36:50.558589"
    },
    {
        "productData": {
            "name": "V Iced Coffee Guarana Energy 500ml",
            "productId": "v-iced-coffee-guarana-energy-500ml",
            "productShopPage": "https://woburn.store.supervalue.co.nz/lines/v-iced-coffee-guarana-energy-500ml",
            "productImageURL": "https://dtgxwmigmg3gc.cloudfront.net/imagery/assets/derivations/icon/512/512/true/eyJpZCI6ImM0Zjc4YjRmYWVjMjk0NTJkZTNkYzZjNmY5MzBlMjU2Iiwic3RvcmFnZSI6InB1YmxpY19zdG9yZSJ9?signature=14312b2813aab9c1ad551700ec97cd58a3a7f95bef4d0bd7ae7aa2dcf8fcdc9d",
            "productDescription": ""
        },
        "priceData": {
            "bestPrice": "4.19",
            "price": "4.19"
        },
        "store": {
            "id": "5e7925bf04015f1a9e06373e",
            "name": "Woburn"
        },
        "timestamp": "2021-08-16T18:36:52.368871"
    },
    {
        "productData": {
            "name": "V Iced Mocha Guarana Energy 500ml",
            "productId": "v-iced-mocha-guarana-energy-500ml",
            "productShopPage": "https://woburn.store.supervalue.co.nz/lines/v-iced-mocha-guarana-energy-500ml",
            "productImageURL": "https://dtgxwmigmg3gc.cloudfront.net/imagery/assets/derivations/icon/512/512/true/eyJpZCI6ImNiMDRkODVlZmQ2YjhiZGMxMWU4Zjk5OGEwOTczODg1Iiwic3RvcmFnZSI6InB1YmxpY19zdG9yZSJ9?signature=3e63d4ec34ef65794a07ea00749a785cb88ce90997e6e7d12629c3c0f205de6d",
            "productDescription": ""
        },
        "priceData": {
            "bestPrice": "4.19",
            "price": "4.19"
        },
        "store": {
            "id": "5e7925bf04015f1a9e06373e",
            "name": "Woburn"
        },
        "timestamp": "2021-08-16T18:36:53.295988"
    },
    {
        "productData": {
            "name": "Monster Super Fuel Zero Sugar 550ml",
            "productId": "monster-super-fuel-zero-sugar-550ml",
            "productShopPage": "https://woburn.store.supervalue.co.nz/lines/monster-super-fuel-zero-sugar-550ml",
            "productImageURL": "https://dtgxwmigmg3gc.cloudfront.net/imagery/assets/derivations/icon/512/512/true/eyJpZCI6IjRkOTE3NzhmODIxNDI1ZDJjNDg3Yjc0M2YyMzEyYmYxIiwic3RvcmFnZSI6InB1YmxpY19zdG9yZSJ9?signature=4b9dbd15c40f85466e597873c567f989183b284947e8c8dc4df58667789214a2",
            "productDescription": ""
        },
        "priceData": {
            "bestPrice": "3.60",
            "price": "3.60",
            "pricePerLitre": 6.5,
            "bestPricePerLitre": 6.5
        },
        "store": {
            "id": "5e7925bf04015f1a9e06373e",
            "name": "Woburn"
        },
        "timestamp": "2021-08-16T18:37:03.545262"
    },
    {
        "productData": {
            "name": "Monster Super Fuel Purple Passion 550ml",
            "productId": "monster-super-fuel-purple-passion-550ml",
            "productShopPage": "https://woburn.store.supervalue.co.nz/lines/monster-super-fuel-purple-passion-550ml",
            "productImageURL": "https://dtgxwmigmg3gc.cloudfront.net/imagery/assets/derivations/icon/512/512/true/eyJpZCI6IjNkMTY1OTQwMzgyOTZjZjVlMjNlNjBjMDQ3NTE1YWM0Iiwic3RvcmFnZSI6InB1YmxpY19zdG9yZSJ9?signature=4d4ccd77dab941d955a8037242a41833afdc7251d3bd5b5c4b99705770273998",
            "productDescription": ""
        },
        "priceData": {
            "bestPrice": "3.60",
            "price": "3.60",
            "pricePerLitre": 6.5,
            "bestPricePerLitre": 6.5
        },
        "store": {
            "id": "5e7925bf04015f1a9e06373e",
            "name": "Woburn"
        },
        "timestamp": "2021-08-16T18:37:07.765199"
    },
    {
        "productData": {
            "name": "Live Plus Energy Drink Citrus Flavour 500ml",
            "productId": "live-plus-persist-500ml",
            "productShopPage": "https://woburn.store.supervalue.co.nz/lines/live-plus-persist-500ml",
            "productImageURL": "https://dtgxwmigmg3gc.cloudfront.net/imagery/assets/derivations/icon/512/512/true/eyJpZCI6IjFlNWQ5YzI4OWM1N2UzNmYzZmI2NThlMDQzZTI3ZjE4Iiwic3RvcmFnZSI6InB1YmxpY19zdG9yZSJ9?signature=756b17fefe47174b90e7dbec8cd09db27f9f59f4994bc750b71256ae93ba9fa8",
            "productDescription": ""
        },
        "priceData": {
            "bestPrice": "2.20",
            "price": "2.20",
            "pricePerLitre": 4.4,
            "bestPricePerLitre": 4.4
        },
        "store": {
            "id": "5e7925bf04015f1a9e06373e",
            "name": "Woburn"
        },
        "timestamp": "2021-08-16T18:37:09.723748"
    },
    {
        "productData": {
            "name": "V Guarana Energy Drink Blue Sugarfree 250ml",
            "productId": "v-blue-sugarfree-energy-drink-250ml",
            "productShopPage": "https://woburn.store.supervalue.co.nz/lines/v-blue-sugarfree-energy-drink-250ml",
            "productImageURL": "https://dtgxwmigmg3gc.cloudfront.net/imagery/assets/derivations/icon/512/512/true/eyJpZCI6IjI3YWJiOTVhYjNhMjEwMDU2MWJhMmRhNTM3YjRhZjVmIiwic3RvcmFnZSI6InB1YmxpY19zdG9yZSJ9?signature=66769306ca1d0ba674603954d338186dc999f6d1839090d49fde9416b3252365",
            "productDescription": ""
        },
        "priceData": {
            "bestPrice": "2.50",
            "price": "2.50",
            "pricePerLitre": 10.0,
            "bestPricePerLitre": 10.0
        },
        "store": {
            "id": "5e7925bf04015f1a9e06373e",
            "name": "Woburn"
        },
        "timestamp": "2021-08-16T18:37:11.386996"
    },
    {
        "productData": {
            "name": "Rockstar Punched Energy Guava 500ml",
            "productId": "rockstar-punched-energy-guava-500ml",
            "productShopPage": "https://woburn.store.supervalue.co.nz/lines/rockstar-punched-energy-guava-500ml",
            "productImageURL": "https://dtgxwmigmg3gc.cloudfront.net/imagery/assets/derivations/icon/512/512/true/eyJpZCI6IjBmNGEyNjU2MGQwM2Y4OGI4MWE3ZTMyODUzYTRlN2QyIiwic3RvcmFnZSI6InB1YmxpY19zdG9yZSJ9?signature=fab45ac774e74d87cf7a79de075f47290676fd6d4afcf212198c745670d5ce29",
            "productDescription": ""
        },
        "priceData": {
            "bestPrice": "2.20",
            "price": "2.20",
            "pricePerLitre": 4.4,
            "bestPricePerLitre": 4.4
        },
        "store": {
            "id": "5e7925bf04015f1a9e06373e",
            "name": "Woburn"
        },
        "timestamp": "2021-08-16T18:37:18.081298"
    },
    {
        "productData": {
            "name": "Mother Kicked Apple 500ml",
            "productId": "mother-kicked-apple-500ml",
            "productShopPage": "https://fendalton.store.supervalue.co.nz/lines/mother-kicked-apple-500ml",
            "productImageURL": "https://dtgxwmigmg3gc.cloudfront.net/imagery/assets/derivations/icon/512/512/true/eyJpZCI6IjNhZTlkYjkwYTM4MDFjMGEwYjUwYThhMDAwYjkyZjM0Iiwic3RvcmFnZSI6InB1YmxpY19zdG9yZSJ9?signature=c1a1db0a5d7b074c388cf08560fd44a4a2b6127821554198e54eeea8474325f6",
            "productDescription": ""
        },
        "priceData": {
            "bestPrice": "2.20",
            "price": "2.20",
            "pricePerLitre": 4.4,
            "bestPricePerLitre": 4.4
        },
        "store": {
            "id": "5e75a87c6d8e6910a9000dd6",
            "name": "Fendalton"
        },
        "timestamp": "2021-08-16T18:37:20.672562"
    },
    {
        "productData": {
            "name": "Monster Energy Ultra Zero 500ml",
            "productId": "monster-energy-ultra-zero-500ml",
            "productShopPage": "https://fendalton.store.supervalue.co.nz/lines/monster-energy-ultra-zero-500ml",
            "productImageURL": "https://dtgxwmigmg3gc.cloudfront.net/imagery/assets/derivations/icon/512/512/true/eyJpZCI6IjdhN2FhYTUwZWU2NTYwYjBiNGY1NThhMTgwNmVlODI3Iiwic3RvcmFnZSI6InB1YmxpY19zdG9yZSJ9?signature=7907c49ba7d043175a426f84a71776de7dd51fa5c249237063aca9cb098abdbe",
            "productDescription": ""
        },
        "priceData": {
            "bestPrice": "2.60",
            "price": "2.60",
            "pricePerLitre": 5.2,
            "bestPricePerLitre": 5.2
        },
        "store": {
            "id": "5e75a87c6d8e6910a9000dd6",
            "name": "Fendalton"
        },
        "timestamp": "2021-08-16T18:37:25.509524"
    },
    {
        "productData": {
            "name": "Monster Energy Drink Can Green 500ml",
            "productId": "monster-energy-green-500ml",
            "productShopPage": "https://fendalton.store.supervalue.co.nz/lines/monster-energy-green-500ml",
            "productImageURL": "https://dtgxwmigmg3gc.cloudfront.net/imagery/assets/derivations/icon/512/512/true/eyJpZCI6ImU3ZjNiNjJiNzI4Y2M0MTIxMjhiNjQ2ZmQ2OTQzMGEzIiwic3RvcmFnZSI6InB1YmxpY19zdG9yZSJ9?signature=637eac56411f57a79f345ea693f1418330d5742c3a04caddb460696dba06da06",
            "productDescription": ""
        },
        "priceData": {
            "bestPrice": "2.60",
            "price": "2.60",
            "pricePerLitre": 5.2,
            "bestPricePerLitre": 5.2
        },
        "store": {
            "id": "5e75a87c6d8e6910a9000dd6",
            "name": "Fendalton"
        },
        "timestamp": "2021-08-16T18:37:26.444037"
    },
    {
        "productData": {
            "name": "Monster Energy Drink Ultra Rosa 500ml",
            "productId": "monster-energy-drink-ultra-rosa-500ml",
            "productShopPage": "https://fendalton.store.supervalue.co.nz/lines/monster-energy-drink-ultra-rosa-500ml",
            "productImageURL": "https://dtgxwmigmg3gc.cloudfront.net/imagery/assets/derivations/icon/512/512/true/eyJpZCI6IjZjYzFjMzcwYzM4Mzk4N2MyOTUzNWIyMTFjZTJlYjgxIiwic3RvcmFnZSI6InB1YmxpY19zdG9yZSJ9?signature=9cd08284785f9b24647ecc7d1dc08214d9d00318cc809bebdef1921d6b78bb95",
            "productDescription": ""
        },
        "priceData": {
            "bestPrice": "2.60",
            "price": "2.60",
            "pricePerLitre": 5.2,
            "bestPricePerLitre": 5.2
        },
        "store": {
            "id": "5e75a87c6d8e6910a9000dd6",
            "name": "Fendalton"
        },
        "timestamp": "2021-08-16T18:37:27.481584"
    },
    {
        "productData": {
            "name": "Mother Energy Drink Black 500ml",
            "productId": "mother-energy-drink-black-500ml",
            "productShopPage": "https://fendalton.store.supervalue.co.nz/lines/mother-energy-drink-black-500ml",
            "productImageURL": "https://dtgxwmigmg3gc.cloudfront.net/imagery/assets/derivations/icon/512/512/true/eyJpZCI6ImYyMzA5MjhkYjg3ODFhYmYzZDU3ZjE1YjNmYzU2MWFjIiwic3RvcmFnZSI6InB1YmxpY19zdG9yZSJ9?signature=d3dbddb83d3d457075cd5d8936bef0c5b48fce4fa3fe725995d8b6d57219ceb5",
            "productDescription": ""
        },
        "priceData": {
            "bestPrice": "2.20",
            "price": "2.20",
            "pricePerLitre": 4.4,
            "bestPricePerLitre": 4.4
        },
        "store": {
            "id": "5e75a87c6d8e6910a9000dd6",
            "name": "Fendalton"
        },
        "timestamp": "2021-08-16T18:37:31.166205"
    },
    {
        "productData": {
            "name": "Mother Tropical Blast 500ml",
            "productId": "mother-tropical-blast-500ml",
            "productShopPage": "https://fendalton.store.supervalue.co.nz/lines/mother-tropical-blast-500ml",
            "productImageURL": "https://dtgxwmigmg3gc.cloudfront.net/imagery/assets/derivations/icon/512/512/true/eyJpZCI6ImEyZmM1OTUwNDhlODM5YTRhMjQ2MTI1OGEyYzNlZWZhIiwic3RvcmFnZSI6InB1YmxpY19zdG9yZSJ9?signature=6c9470ee4067e8ec32b58eeac9d628404d3986058a9b1cdef46014d1bee50944",
            "productDescription": ""
        },
        "priceData": {
            "bestPrice": "2.20",
            "price": "2.20",
            "pricePerLitre": 4.4,
            "bestPricePerLitre": 4.4
        },
        "store": {
            "id": "5e75a87c6d8e6910a9000dd6",
            "name": "Fendalton"
        },
        "timestamp": "2021-08-16T18:37:33.944720"
    },
    {
        "productData": {
            "name": "Mother Epic Swell Energy Drink Twisted Apple 500ml",
            "productId": "mother-epic-swell-energy-drink-twisted-apple-500ml",
            "productShopPage": "https://fendalton.store.supervalue.co.nz/lines/mother-epic-swell-energy-drink-twisted-apple-500ml",
            "productImageURL": "https://dtgxwmigmg3gc.cloudfront.net/imagery/assets/derivations/icon/512/512/true/eyJpZCI6ImE2ZjYxOGNhNjUyYzMxNzRhNjg2MDBhMGVjZmQ3MmJkIiwic3RvcmFnZSI6InB1YmxpY19zdG9yZSJ9?signature=954f74f8aba0fb24cb2a5248b1e93fe8a62fb8c7f902abbb08b7aed24bc44c80",
            "productDescription": ""
        },
        "priceData": {
            "bestPrice": "2.20",
            "price": "2.20",
            "pricePerLitre": 4.4,
            "bestPricePerLitre": 4.4
        },
        "store": {
            "id": "5e75a87c6d8e6910a9000dd6",
            "name": "Fendalton"
        },
        "timestamp": "2021-08-16T18:37:35.812143"
    },
    {
        "productData": {
            "name": "Monster Energy Juice Mango Loco 500ml",
            "productId": "monster-energy-juice-mango-loco-500ml-can",
            "productShopPage": "https://fendalton.store.supervalue.co.nz/lines/monster-energy-juice-mango-loco-500ml-can",
            "productImageURL": "https://dtgxwmigmg3gc.cloudfront.net/imagery/assets/derivations/icon/512/512/true/eyJpZCI6ImUyNmIyNzdlMzJkOTg5NjI4YWYxYzg2MTU2MjI0ZjgzIiwic3RvcmFnZSI6InB1YmxpY19zdG9yZSJ9?signature=db65ff44183396e60e8f4c13003417fb1277f7685b136cf223d7701f7e945faf",
            "productDescription": ""
        },
        "priceData": {
            "bestPrice": "2.60",
            "price": "2.60",
            "pricePerLitre": 5.2,
            "bestPricePerLitre": 5.2
        },
        "store": {
            "id": "5e75a87c6d8e6910a9000dd6",
            "name": "Fendalton"
        },
        "timestamp": "2021-08-16T18:37:36.878456"
    },
    {
        "productData": {
            "name": "V Energy Drink Sugar Free Guarana 250ml",
            "productId": "v-energy-drink-sugar-free-guarana-250ml",
            "productShopPage": "https://fendalton.store.supervalue.co.nz/lines/v-energy-drink-sugar-free-guarana-250ml",
            "productImageURL": "https://dtgxwmigmg3gc.cloudfront.net/imagery/assets/derivations/icon/512/512/true/eyJpZCI6ImZiNzM1NmU4NTMyZDllODlkZTljZmNlOGY2MzQ5NGQwIiwic3RvcmFnZSI6InB1YmxpY19zdG9yZSJ9?signature=72b0ce0a48ca796717c115fe5e8b4564501470f63bf80ae865d26e9d131a2b8c",
            "productDescription": ""
        },
        "priceData": {
            "bestPrice": "2.50",
            "price": "2.50",
            "pricePerLitre": 10.0,
            "bestPricePerLitre": 10.0
        },
        "store": {
            "id": "5e75a87c6d8e6910a9000dd6",
            "name": "Fendalton"
        },
        "timestamp": "2021-08-16T18:37:40.192836"
    },
    {
        "productData": {
            "name": "V Energy Drink Blue Guarana Spritzed 350ml",
            "productId": "v-blue-energy-drink-blue-guarana-spritzed-350ml",
            "productShopPage": "https://fendalton.store.supervalue.co.nz/lines/v-blue-energy-drink-blue-guarana-spritzed-350ml",
            "productImageURL": "https://dtgxwmigmg3gc.cloudfront.net/imagery/assets/derivations/icon/512/512/true/eyJpZCI6ImY2OTRlZGI4NjdlNWMzZDM5NzgzMDQ0ODFkMzUxZGZiIiwic3RvcmFnZSI6InB1YmxpY19zdG9yZSJ9?signature=591b3079cb9c2407a29b3bc348eaf42dc1d34daba5c9d7aba65be654725b6719",
            "productDescription": ""
        },
        "priceData": {
            "bestPrice": "3.79",
            "price": "3.79",
            "pricePerLitre": 10.8,
            "bestPricePerLitre": 10.8
        },
        "store": {
            "id": "5e75a87c6d8e6910a9000dd6",
            "name": "Fendalton"
        },
        "timestamp": "2021-08-16T18:37:42.043864"
    },
    {
        "productData": {
            "name": "V Energy Drink Green Guarana 350ml",
            "productId": "v-energy-drink-green-guarana-350ml",
            "productShopPage": "https://fendalton.store.supervalue.co.nz/lines/v-energy-drink-green-guarana-350ml",
            "productImageURL": "https://dtgxwmigmg3gc.cloudfront.net/imagery/assets/derivations/icon/512/512/true/eyJpZCI6IjRiNjY4ZjYxOTQ2ODYyN2MzM2NiZWMyNGUyNmIyODk4Iiwic3RvcmFnZSI6InB1YmxpY19zdG9yZSJ9?signature=4cded9cb42349eef45a593461f311b1bb7fa881295733879671ad9fe9887d30c",
            "productDescription": ""
        },
        "priceData": {
            "bestPrice": "3.79",
            "price": "3.79",
            "pricePerLitre": 10.8,
            "bestPricePerLitre": 10.8
        },
        "store": {
            "id": "5e75a87c6d8e6910a9000dd6",
            "name": "Fendalton"
        },
        "timestamp": "2021-08-16T18:37:43.007469"
    },
    {
        "productData": {
            "name": "V Energy Drink Guarana Can 250ml",
            "productId": "v-energy-drink-guarana-can-250ml",
            "productShopPage": "https://fendalton.store.supervalue.co.nz/lines/v-energy-drink-guarana-can-250ml",
            "productImageURL": "https://dtgxwmigmg3gc.cloudfront.net/imagery/assets/derivations/icon/512/512/true/eyJpZCI6Ijc3Nzk1NjE2ZDhhNmFiMThhYzEzODYzOTg2ZmNkNzgwIiwic3RvcmFnZSI6InB1YmxpY19zdG9yZSJ9?signature=f5de1854d43e19cc62bff86893d4a55615cd916f8425a4dccd170b52eba81255",
            "productDescription": ""
        },
        "priceData": {
            "bestPrice": "2.50",
            "price": "2.50",
            "pricePerLitre": 10.0,
            "bestPricePerLitre": 10.0
        },
        "store": {
            "id": "5e75a87c6d8e6910a9000dd6",
            "name": "Fendalton"
        },
        "timestamp": "2021-08-16T18:37:43.919937"
    },
    {
        "productData": {
            "name": "V Energy Drink Guarana Can 500ml",
            "productId": "v-energy-drink-guarana-can-500ml",
            "productShopPage": "https://fendalton.store.supervalue.co.nz/lines/v-energy-drink-guarana-can-500ml",
            "productImageURL": "https://dtgxwmigmg3gc.cloudfront.net/imagery/assets/derivations/icon/512/512/true/eyJpZCI6ImI0NjgzNGZjNDRkMjU0MjgzYzJjZGNhMzA2NWIxYjA5Iiwic3RvcmFnZSI6InB1YmxpY19zdG9yZSJ9?signature=265e8273409849423466e7623cbbdf8352940707b8830803eec391e8f32c9c5f",
            "productDescription": ""
        },
        "priceData": {
            "bestPrice": "3.60",
            "price": "3.60",
            "pricePerLitre": 7.199999999999999,
            "bestPricePerLitre": 7.199999999999999
        },
        "store": {
            "id": "5e75a87c6d8e6910a9000dd6",
            "name": "Fendalton"
        },
        "timestamp": "2021-08-16T18:37:44.883592"
    },
    {
        "productData": {
            "name": "V Energy Drink Sugar Free Guarana 500ml",
            "productId": "v-energy-drink-sugar-free-guarana-500ml",
            "productShopPage": "https://fendalton.store.supervalue.co.nz/lines/v-energy-drink-sugar-free-guarana-500ml",
            "productImageURL": "https://dtgxwmigmg3gc.cloudfront.net/imagery/assets/derivations/icon/512/512/true/eyJpZCI6Ijg4MGExMDYxOTY4NTJiYzM1ZTExMmU2MGE2OWYxNDE3Iiwic3RvcmFnZSI6InB1YmxpY19zdG9yZSJ9?signature=b0536d25b9da8158705e24c88e21fabbf85c1dabc19f18108c386e956ffd7045",
            "productDescription": ""
        },
        "priceData": {
            "bestPrice": "3.60",
            "price": "3.60",
            "pricePerLitre": 7.199999999999999,
            "bestPricePerLitre": 7.199999999999999
        },
        "store": {
            "id": "5e75a87c6d8e6910a9000dd6",
            "name": "Fendalton"
        },
        "timestamp": "2021-08-16T18:37:48.034983"
    },
    {
        "productData": {
            "name": "V Energy Drink Skills Cans 275ml 4 Pack",
            "productId": "v-energy-drink-skills-cans-275ml-4-pack",
            "productShopPage": "https://fendalton.store.supervalue.co.nz/lines/v-energy-drink-skills-cans-275ml-4-pack",
            "productImageURL": "https://dtgxwmigmg3gc.cloudfront.net/imagery/assets/derivations/icon/512/512/true/eyJpZCI6ImZhMzA2N2NiM2YxMmVkM2ZhZjhhYmM4OGE1YTJhNzczIiwic3RvcmFnZSI6InB1YmxpY19zdG9yZSJ9?signature=34fcde8f5a021036c475a1dfff6748625e0747bb134ec737312b15bbe8e883eb",
            "productDescription": ""
        },
        "priceData": {
            "bestPrice": "8.00",
            "price": "8.00",
            "pricePerLitre": 7.3,
            "bestPricePerLitre": 7.3
        },
        "store": {
            "id": "5e75a87c6d8e6910a9000dd6",
            "name": "Fendalton"
        },
        "timestamp": "2021-08-16T18:37:49.062910"
    },
    {
        "productData": {
            "name": "V Blue Energy Drink 275ml Cans 4 Pack",
            "productId": "v-blue-energy-drink-275ml-cans-4-pack",
            "productShopPage": "https://fendalton.store.supervalue.co.nz/lines/v-blue-energy-drink-275ml-cans-4-pack",
            "productImageURL": "https://dtgxwmigmg3gc.cloudfront.net/imagery/assets/derivations/icon/512/512/true/eyJpZCI6IjcxMTc0MzEzN2QzNTUzODQwMmUyODZjMDJkNTM3OTk3Iiwic3RvcmFnZSI6InB1YmxpY19zdG9yZSJ9?signature=5697ef2f72e1e995472b76c19c7c6201b3deb266e060743ac9ae1219dbf2226c",
            "productDescription": ""
        },
        "priceData": {
            "bestPrice": "8.00",
            "price": "8.00",
            "pricePerLitre": 7.3,
            "bestPricePerLitre": 7.3
        },
        "store": {
            "id": "5e75a87c6d8e6910a9000dd6",
            "name": "Fendalton"
        },
        "timestamp": "2021-08-16T18:37:54.596509"
    },
    {
        "productData": {
            "name": "V Blue Energy Drink Blue Guarana Can 500ml",
            "productId": "v-blue-energy-drink-blue-guarana-can-500ml",
            "productShopPage": "https://fendalton.store.supervalue.co.nz/lines/v-blue-energy-drink-blue-guarana-can-500ml",
            "productImageURL": "https://dtgxwmigmg3gc.cloudfront.net/imagery/assets/derivations/icon/512/512/true/eyJpZCI6ImFmYjEyYjVjYTU2YWI5ZDJhMTVmNGY2MDg2NWFlNzgxIiwic3RvcmFnZSI6InB1YmxpY19zdG9yZSJ9?signature=b537a8cc5a2c0f90f1702b2c541db44c3a740a0ec4a96e92ab2d6537f9320e8d",
            "productDescription": ""
        },
        "priceData": {
            "bestPrice": "3.60",
            "price": "3.60",
            "pricePerLitre": 7.199999999999999,
            "bestPricePerLitre": 7.199999999999999
        },
        "store": {
            "id": "5e75a87c6d8e6910a9000dd6",
            "name": "Fendalton"
        },
        "timestamp": "2021-08-16T18:37:56.727144"
    },
    {
        "productData": {
            "name": "V Energy Drink Sugar Free Guarana Bottle 350ml",
            "productId": "v-energy-drink-sugar-free-guarana-bottle-350ml",
            "productShopPage": "https://fendalton.store.supervalue.co.nz/lines/v-energy-drink-sugar-free-guarana-bottle-350ml",
            "productImageURL": "https://dtgxwmigmg3gc.cloudfront.net/imagery/assets/derivations/icon/512/512/true/eyJpZCI6IjQzYmZlOTg1YzY2ZGQ0ZDI1YzUyZDk3MGJhMmJhMGM3Iiwic3RvcmFnZSI6InB1YmxpY19zdG9yZSJ9?signature=7a4bb3eb2264f52495ae9ba8fbf21b5a3e59e12c0d6208cfa1591261da333f55",
            "productDescription": ""
        },
        "priceData": {
            "bestPrice": "3.79",
            "price": "3.79",
            "pricePerLitre": 10.8,
            "bestPricePerLitre": 10.8
        },
        "store": {
            "id": "5e75a87c6d8e6910a9000dd6",
            "name": "Fendalton"
        },
        "timestamp": "2021-08-16T18:38:00.711799"
    },
    {
        "productData": {
            "name": "Monster Energy Pipeline Punch 500ml",
            "productId": "monster-energy-pipeline-punch-500ml",
            "productShopPage": "https://fendalton.store.supervalue.co.nz/lines/monster-energy-pipeline-punch-500ml",
            "productImageURL": "https://dtgxwmigmg3gc.cloudfront.net/imagery/assets/derivations/icon/512/512/true/eyJpZCI6IjM3ZWY2OTY5OWFlNTJlZTRjNTY1ZmFmYWIwOTIxMjg4Iiwic3RvcmFnZSI6InB1YmxpY19zdG9yZSJ9?signature=79ed6699c35bd716a9d5d9457c39ce62c523edaa4059b6b45d4dcc7caf65cef9",
            "productDescription": ""
        },
        "priceData": {
            "bestPrice": "2.60",
            "price": "2.60",
            "pricePerLitre": 5.2,
            "bestPricePerLitre": 5.2
        },
        "store": {
            "id": "5e75a87c6d8e6910a9000dd6",
            "name": "Fendalton"
        },
        "timestamp": "2021-08-16T18:38:14.638177"
    },
    {
        "productData": {
            "name": "Live Plus Energy Drink Citrus Flavour 500ml",
            "productId": "live-plus-persist-500ml",
            "productShopPage": "https://fendalton.store.supervalue.co.nz/lines/live-plus-persist-500ml",
            "productImageURL": "https://dtgxwmigmg3gc.cloudfront.net/imagery/assets/derivations/icon/512/512/true/eyJpZCI6IjFlNWQ5YzI4OWM1N2UzNmYzZmI2NThlMDQzZTI3ZjE4Iiwic3RvcmFnZSI6InB1YmxpY19zdG9yZSJ9?signature=756b17fefe47174b90e7dbec8cd09db27f9f59f4994bc750b71256ae93ba9fa8",
            "productDescription": ""
        },
        "priceData": {
            "bestPrice": "2.20",
            "price": "2.20",
            "pricePerLitre": 4.4,
            "bestPricePerLitre": 4.4
        },
        "store": {
            "id": "5e75a87c6d8e6910a9000dd6",
            "name": "Fendalton"
        },
        "timestamp": "2021-08-16T18:38:15.612771"
    },
    {
        "productData": {
            "name": "Live Plus Energy Drink Original Citrus Flavour 355ml",
            "productId": "live-plus-persist-glass-355ml",
            "productShopPage": "https://fendalton.store.supervalue.co.nz/lines/live-plus-persist-glass-355ml",
            "productImageURL": "https://dtgxwmigmg3gc.cloudfront.net/imagery/assets/derivations/icon/512/512/true/eyJpZCI6ImYzMjZlMTdmMmI5ZGRjZGYzYmFmNzNiMWQzN2Y5NDI4Iiwic3RvcmFnZSI6InB1YmxpY19zdG9yZSJ9?signature=8fa31eb2b309e9c7a293ba2e7a7541e3cdc686b1d3f519044aa97c666ae5f630",
            "productDescription": ""
        },
        "priceData": {
            "bestPrice": "2.10",
            "price": "2.10",
            "pricePerLitre": 5.8999999999999995,
            "bestPricePerLitre": 5.8999999999999995
        },
        "store": {
            "id": "5e75a87c6d8e6910a9000dd6",
            "name": "Fendalton"
        },
        "timestamp": "2021-08-16T18:38:19.286100"
    },
    {
        "productData": {
            "name": "Rockstar Punched Energy Guava 500ml",
            "productId": "rockstar-punched-energy-guava-500ml",
            "productShopPage": "https://fendalton.store.supervalue.co.nz/lines/rockstar-punched-energy-guava-500ml",
            "productImageURL": "https://dtgxwmigmg3gc.cloudfront.net/imagery/assets/derivations/icon/512/512/true/eyJpZCI6IjBmNGEyNjU2MGQwM2Y4OGI4MWE3ZTMyODUzYTRlN2QyIiwic3RvcmFnZSI6InB1YmxpY19zdG9yZSJ9?signature=fab45ac774e74d87cf7a79de075f47290676fd6d4afcf212198c745670d5ce29",
            "productDescription": ""
        },
        "priceData": {
            "bestPrice": "2.20",
            "price": "2.20",
            "pricePerLitre": 4.4,
            "bestPricePerLitre": 4.4
        },
        "store": {
            "id": "5e75a87c6d8e6910a9000dd6",
            "name": "Fendalton"
        },
        "timestamp": "2021-08-16T18:38:23.710193"
    },
    {
        "productData": {
            "name": "Mother Kicked Apple 500ml",
            "productId": "mother-kicked-apple-500ml",
            "productShopPage": "https://lyttelton.store.supervalue.co.nz/lines/mother-kicked-apple-500ml",
            "productImageURL": "https://dtgxwmigmg3gc.cloudfront.net/imagery/assets/derivations/icon/512/512/true/eyJpZCI6IjNhZTlkYjkwYTM4MDFjMGEwYjUwYThhMDAwYjkyZjM0Iiwic3RvcmFnZSI6InB1YmxpY19zdG9yZSJ9?signature=c1a1db0a5d7b074c388cf08560fd44a4a2b6127821554198e54eeea8474325f6",
            "productDescription": ""
        },
        "priceData": {
            "bestPrice": "2.20",
            "price": "2.20",
            "pricePerLitre": 4.4,
            "bestPricePerLitre": 4.4
        },
        "store": {
            "id": "5e75a762d7477614850003a2",
            "name": "Lyttelton"
        },
        "timestamp": "2021-08-16T18:38:26.371251"
    },
    {
        "productData": {
            "name": "Monster Energy Ultra Paradise 500ml",
            "productId": "monster-energy-drink-ultra-paradise-500ml",
            "productShopPage": "https://lyttelton.store.supervalue.co.nz/lines/monster-energy-drink-ultra-paradise-500ml",
            "productImageURL": "https://dtgxwmigmg3gc.cloudfront.net/imagery/assets/derivations/icon/512/512/true/eyJpZCI6ImZiZDRkZTQxNzA0M2FiYTUyMjMwZWI0NTcyZGNmYTE1Iiwic3RvcmFnZSI6InB1YmxpY19zdG9yZSJ9?signature=8a439bf26b71114289dfea1720ed331b1e4784c534deade29db8ac38b1cc7c1a",
            "productDescription": ""
        },
        "priceData": {
            "bestPrice": "2.60",
            "price": "2.60",
            "pricePerLitre": 5.2,
            "bestPricePerLitre": 5.2
        },
        "store": {
            "id": "5e75a762d7477614850003a2",
            "name": "Lyttelton"
        },
        "timestamp": "2021-08-16T18:38:29.478672"
    },
    {
        "productData": {
            "name": "Monster Energy Ultra Zero 500ml",
            "productId": "monster-energy-ultra-zero-500ml",
            "productShopPage": "https://lyttelton.store.supervalue.co.nz/lines/monster-energy-ultra-zero-500ml",
            "productImageURL": "https://dtgxwmigmg3gc.cloudfront.net/imagery/assets/derivations/icon/512/512/true/eyJpZCI6IjdhN2FhYTUwZWU2NTYwYjBiNGY1NThhMTgwNmVlODI3Iiwic3RvcmFnZSI6InB1YmxpY19zdG9yZSJ9?signature=7907c49ba7d043175a426f84a71776de7dd51fa5c249237063aca9cb098abdbe",
            "productDescription": ""
        },
        "priceData": {
            "bestPrice": "2.60",
            "price": "2.60",
            "pricePerLitre": 5.2,
            "bestPricePerLitre": 5.2
        },
        "store": {
            "id": "5e75a762d7477614850003a2",
            "name": "Lyttelton"
        },
        "timestamp": "2021-08-16T18:38:31.265885"
    },
    {
        "productData": {
            "name": "Monster Energy Drink Can Green 500ml",
            "productId": "monster-energy-green-500ml",
            "productShopPage": "https://lyttelton.store.supervalue.co.nz/lines/monster-energy-green-500ml",
            "productImageURL": "https://dtgxwmigmg3gc.cloudfront.net/imagery/assets/derivations/icon/512/512/true/eyJpZCI6ImU3ZjNiNjJiNzI4Y2M0MTIxMjhiNjQ2ZmQ2OTQzMGEzIiwic3RvcmFnZSI6InB1YmxpY19zdG9yZSJ9?signature=637eac56411f57a79f345ea693f1418330d5742c3a04caddb460696dba06da06",
            "productDescription": ""
        },
        "priceData": {
            "bestPrice": "2.60",
            "price": "2.60",
            "pricePerLitre": 5.2,
            "bestPricePerLitre": 5.2
        },
        "store": {
            "id": "5e75a762d7477614850003a2",
            "name": "Lyttelton"
        },
        "timestamp": "2021-08-16T18:38:32.163546"
    },
    {
        "productData": {
            "name": "Monster Energy Drink Ultra Rosa 500ml",
            "productId": "monster-energy-drink-ultra-rosa-500ml",
            "productShopPage": "https://lyttelton.store.supervalue.co.nz/lines/monster-energy-drink-ultra-rosa-500ml",
            "productImageURL": "https://dtgxwmigmg3gc.cloudfront.net/imagery/assets/derivations/icon/512/512/true/eyJpZCI6IjZjYzFjMzcwYzM4Mzk4N2MyOTUzNWIyMTFjZTJlYjgxIiwic3RvcmFnZSI6InB1YmxpY19zdG9yZSJ9?signature=9cd08284785f9b24647ecc7d1dc08214d9d00318cc809bebdef1921d6b78bb95",
            "productDescription": ""
        },
        "priceData": {
            "bestPrice": "2.60",
            "price": "2.60",
            "pricePerLitre": 5.2,
            "bestPricePerLitre": 5.2
        },
        "store": {
            "id": "5e75a762d7477614850003a2",
            "name": "Lyttelton"
        },
        "timestamp": "2021-08-16T18:38:33.417203"
    },
    {
        "productData": {
            "name": "Mother Energy Drink Berry 500ml",
            "productId": "mother-energy-drink-berry-500ml",
            "productShopPage": "https://lyttelton.store.supervalue.co.nz/lines/mother-energy-drink-berry-500ml",
            "productImageURL": "https://dtgxwmigmg3gc.cloudfront.net/imagery/assets/derivations/icon/512/512/true/eyJpZCI6ImRhYTJlNjUzNzRjZjViNjI0ZDljNzUzNDA3YmE0ZDFkIiwic3RvcmFnZSI6InB1YmxpY19zdG9yZSJ9?signature=d9ffb465d71d599811c2ff7a788845bfe297eb3624ad7866a89cf0b3ece073f0",
            "productDescription": ""
        },
        "priceData": {
            "bestPrice": "2.20",
            "price": "2.20",
            "pricePerLitre": 4.4,
            "bestPricePerLitre": 4.4
        },
        "store": {
            "id": "5e75a762d7477614850003a2",
            "name": "Lyttelton"
        },
        "timestamp": "2021-08-16T18:38:36.162352"
    },
    {
        "productData": {
            "name": "Mother Energy Drink Black 500ml",
            "productId": "mother-energy-drink-black-500ml",
            "productShopPage": "https://lyttelton.store.supervalue.co.nz/lines/mother-energy-drink-black-500ml",
            "productImageURL": "https://dtgxwmigmg3gc.cloudfront.net/imagery/assets/derivations/icon/512/512/true/eyJpZCI6ImYyMzA5MjhkYjg3ODFhYmYzZDU3ZjE1YjNmYzU2MWFjIiwic3RvcmFnZSI6InB1YmxpY19zdG9yZSJ9?signature=d3dbddb83d3d457075cd5d8936bef0c5b48fce4fa3fe725995d8b6d57219ceb5",
            "productDescription": ""
        },
        "priceData": {
            "bestPrice": "2.20",
            "price": "2.20",
            "pricePerLitre": 4.4,
            "bestPricePerLitre": 4.4
        },
        "store": {
            "id": "5e75a762d7477614850003a2",
            "name": "Lyttelton"
        },
        "timestamp": "2021-08-16T18:38:37.096440"
    },
    {
        "productData": {
            "name": "Mother Energy Drink Passion 500ml",
            "productId": "mother-energy-drink-passion-500ml",
            "productShopPage": "https://lyttelton.store.supervalue.co.nz/lines/mother-energy-drink-passion-500ml",
            "productImageURL": "https://dtgxwmigmg3gc.cloudfront.net/imagery/assets/derivations/icon/512/512/true/eyJpZCI6ImQwODE2YTc4ZjBmNGU4NTU5Mzg1YjkxZmI5YjIzZjM0Iiwic3RvcmFnZSI6InB1YmxpY19zdG9yZSJ9?signature=713c495fef96a6427b917f0c7c7e855a963749ac5c1bf7dfd71e24ae08ea3123",
            "productDescription": ""
        },
        "priceData": {
            "bestPrice": "2.20",
            "price": "2.20",
            "pricePerLitre": 4.4,
            "bestPricePerLitre": 4.4
        },
        "store": {
            "id": "5e75a762d7477614850003a2",
            "name": "Lyttelton"
        },
        "timestamp": "2021-08-16T18:38:39.089539"
    },
    {
        "productData": {
            "name": "Mother Tropical Blast 500ml",
            "productId": "mother-tropical-blast-500ml",
            "productShopPage": "https://lyttelton.store.supervalue.co.nz/lines/mother-tropical-blast-500ml",
            "productImageURL": "https://dtgxwmigmg3gc.cloudfront.net/imagery/assets/derivations/icon/512/512/true/eyJpZCI6ImEyZmM1OTUwNDhlODM5YTRhMjQ2MTI1OGEyYzNlZWZhIiwic3RvcmFnZSI6InB1YmxpY19zdG9yZSJ9?signature=6c9470ee4067e8ec32b58eeac9d628404d3986058a9b1cdef46014d1bee50944",
            "productDescription": ""
        },
        "priceData": {
            "bestPrice": "2.20",
            "price": "2.20",
            "pricePerLitre": 4.4,
            "bestPricePerLitre": 4.4
        },
        "store": {
            "id": "5e75a762d7477614850003a2",
            "name": "Lyttelton"
        },
        "timestamp": "2021-08-16T18:38:40.125884"
    },
    {
        "productData": {
            "name": "Mother Can Energy 250ml",
            "productId": "mother-can-energy-250ml",
            "productShopPage": "https://lyttelton.store.supervalue.co.nz/lines/mother-can-energy-250ml",
            "productImageURL": "https://dtgxwmigmg3gc.cloudfront.net/imagery/assets/derivations/icon/512/512/true/eyJpZCI6IjVhOTg3YmMxMjJjMGU2MTcxY2VhNzRjMmY0YzdmNDc2Iiwic3RvcmFnZSI6InB1YmxpY19zdG9yZSJ9?signature=b86ce206a3fb5a708e03da17f785e4d2d6e9436aae122f10ca04f56e5325a61f",
            "productDescription": ""
        },
        "priceData": {
            "bestPrice": "2.29",
            "price": "2.29",
            "pricePerLitre": 9.200000000000001,
            "bestPricePerLitre": 9.200000000000001
        },
        "store": {
            "id": "5e75a762d7477614850003a2",
            "name": "Lyttelton"
        },
        "timestamp": "2021-08-16T18:38:41.001242"
    },
    {
        "productData": {
            "name": "Mother Epic Swell Energy Drink Twisted Apple 500ml",
            "productId": "mother-epic-swell-energy-drink-twisted-apple-500ml",
            "productShopPage": "https://lyttelton.store.supervalue.co.nz/lines/mother-epic-swell-energy-drink-twisted-apple-500ml",
            "productImageURL": "https://dtgxwmigmg3gc.cloudfront.net/imagery/assets/derivations/icon/512/512/true/eyJpZCI6ImE2ZjYxOGNhNjUyYzMxNzRhNjg2MDBhMGVjZmQ3MmJkIiwic3RvcmFnZSI6InB1YmxpY19zdG9yZSJ9?signature=954f74f8aba0fb24cb2a5248b1e93fe8a62fb8c7f902abbb08b7aed24bc44c80",
            "productDescription": ""
        },
        "priceData": {
            "bestPrice": "2.20",
            "price": "2.20",
            "pricePerLitre": 4.4,
            "bestPricePerLitre": 4.4
        },
        "store": {
            "id": "5e75a762d7477614850003a2",
            "name": "Lyttelton"
        },
        "timestamp": "2021-08-16T18:38:42.266339"
    },
    {
        "productData": {
            "name": "V Energy Drink 710ml Can",
            "productId": "v-energy-drink-710ml-can",
            "productShopPage": "https://lyttelton.store.supervalue.co.nz/lines/v-energy-drink-710ml-can",
            "productImageURL": "https://dtgxwmigmg3gc.cloudfront.net/imagery/assets/derivations/icon/512/512/true/eyJpZCI6ImU1Mjg5NDIyNDI0MzhlNGM0N2IxY2FmMmExOWQ0OGI0Iiwic3RvcmFnZSI6InB1YmxpY19zdG9yZSJ9?signature=875386458f8ad66eb59967a1ca6ad24a19d1592f97a894e439af7d9be1852340",
            "productDescription": ""
        },
        "priceData": {
            "bestPrice": "3.30",
            "price": "3.30",
            "pricePerLitre": 4.6000000000000005,
            "bestPricePerLitre": 4.6000000000000005
        },
        "store": {
            "id": "5e75a762d7477614850003a2",
            "name": "Lyttelton"
        },
        "timestamp": "2021-08-16T18:38:44.090120"
    },
    {
        "productData": {
            "name": "V Energy Drink Guarana 500ml",
            "productId": "v-energy-drink-guarana-500ml",
            "productShopPage": "https://lyttelton.store.supervalue.co.nz/lines/v-energy-drink-guarana-500ml",
            "productImageURL": "https://dtgxwmigmg3gc.cloudfront.net/imagery/assets/derivations/icon/512/512/true/eyJpZCI6IjgzZDAxMjhiMzg4NmEwZmE4YTE2ZjY2NWIzNmM2NzI2Iiwic3RvcmFnZSI6InB1YmxpY19zdG9yZSJ9?signature=f55ecc561066291a4e74a967db35ea2355f881bd1708bf400fd790032384ae4f",
            "productDescription": ""
        },
        "priceData": {
            "bestPrice": "2.60",
            "price": "2.60",
            "pricePerLitre": 5.2,
            "bestPricePerLitre": 5.2
        },
        "store": {
            "id": "5e75a762d7477614850003a2",
            "name": "Lyttelton"
        },
        "timestamp": "2021-08-16T18:38:44.981752"
    },
    {
        "productData": {
            "name": "V Energy Drink Sugar Free Guarana 250ml",
            "productId": "v-energy-drink-sugar-free-guarana-250ml",
            "productShopPage": "https://lyttelton.store.supervalue.co.nz/lines/v-energy-drink-sugar-free-guarana-250ml",
            "productImageURL": "https://dtgxwmigmg3gc.cloudfront.net/imagery/assets/derivations/icon/512/512/true/eyJpZCI6ImZiNzM1NmU4NTMyZDllODlkZTljZmNlOGY2MzQ5NGQwIiwic3RvcmFnZSI6InB1YmxpY19zdG9yZSJ9?signature=72b0ce0a48ca796717c115fe5e8b4564501470f63bf80ae865d26e9d131a2b8c",
            "productDescription": ""
        },
        "priceData": {
            "bestPrice": "2.50",
            "price": "2.50",
            "pricePerLitre": 10.0,
            "bestPricePerLitre": 10.0
        },
        "store": {
            "id": "5e75a762d7477614850003a2",
            "name": "Lyttelton"
        },
        "timestamp": "2021-08-16T18:38:46.849437"
    },
    {
        "productData": {
            "name": "V Energy Drink Blue Guarana Spritzed 350ml",
            "productId": "v-blue-energy-drink-blue-guarana-spritzed-350ml",
            "productShopPage": "https://lyttelton.store.supervalue.co.nz/lines/v-blue-energy-drink-blue-guarana-spritzed-350ml",
            "productImageURL": "https://dtgxwmigmg3gc.cloudfront.net/imagery/assets/derivations/icon/512/512/true/eyJpZCI6ImY2OTRlZGI4NjdlNWMzZDM5NzgzMDQ0ODFkMzUxZGZiIiwic3RvcmFnZSI6InB1YmxpY19zdG9yZSJ9?signature=591b3079cb9c2407a29b3bc348eaf42dc1d34daba5c9d7aba65be654725b6719",
            "productDescription": ""
        },
        "priceData": {
            "bestPrice": "3.79",
            "price": "3.79",
            "pricePerLitre": 10.8,
            "bestPricePerLitre": 10.8
        },
        "store": {
            "id": "5e75a762d7477614850003a2",
            "name": "Lyttelton"
        },
        "timestamp": "2021-08-16T18:38:49.107240"
    },
    {
        "productData": {
            "name": "V Energy Drink Green Guarana 350ml",
            "productId": "v-energy-drink-green-guarana-350ml",
            "productShopPage": "https://lyttelton.store.supervalue.co.nz/lines/v-energy-drink-green-guarana-350ml",
            "productImageURL": "https://dtgxwmigmg3gc.cloudfront.net/imagery/assets/derivations/icon/512/512/true/eyJpZCI6IjRiNjY4ZjYxOTQ2ODYyN2MzM2NiZWMyNGUyNmIyODk4Iiwic3RvcmFnZSI6InB1YmxpY19zdG9yZSJ9?signature=4cded9cb42349eef45a593461f311b1bb7fa881295733879671ad9fe9887d30c",
            "productDescription": ""
        },
        "priceData": {
            "bestPrice": "3.79",
            "price": "3.79",
            "pricePerLitre": 10.8,
            "bestPricePerLitre": 10.8
        },
        "store": {
            "id": "5e75a762d7477614850003a2",
            "name": "Lyttelton"
        },
        "timestamp": "2021-08-16T18:38:50.086788"
    },
    {
        "productData": {
            "name": "V Energy Drink Guarana Can 250ml",
            "productId": "v-energy-drink-guarana-can-250ml",
            "productShopPage": "https://lyttelton.store.supervalue.co.nz/lines/v-energy-drink-guarana-can-250ml",
            "productImageURL": "https://dtgxwmigmg3gc.cloudfront.net/imagery/assets/derivations/icon/512/512/true/eyJpZCI6Ijc3Nzk1NjE2ZDhhNmFiMThhYzEzODYzOTg2ZmNkNzgwIiwic3RvcmFnZSI6InB1YmxpY19zdG9yZSJ9?signature=f5de1854d43e19cc62bff86893d4a55615cd916f8425a4dccd170b52eba81255",
            "productDescription": ""
        },
        "priceData": {
            "bestPrice": "2.50",
            "price": "2.50",
            "pricePerLitre": 10.0,
            "bestPricePerLitre": 10.0
        },
        "store": {
            "id": "5e75a762d7477614850003a2",
            "name": "Lyttelton"
        },
        "timestamp": "2021-08-16T18:38:51.275819"
    },
    {
        "productData": {
            "name": "V Energy Drink Guarana Can 500ml",
            "productId": "v-energy-drink-guarana-can-500ml",
            "productShopPage": "https://lyttelton.store.supervalue.co.nz/lines/v-energy-drink-guarana-can-500ml",
            "productImageURL": "https://dtgxwmigmg3gc.cloudfront.net/imagery/assets/derivations/icon/512/512/true/eyJpZCI6ImI0NjgzNGZjNDRkMjU0MjgzYzJjZGNhMzA2NWIxYjA5Iiwic3RvcmFnZSI6InB1YmxpY19zdG9yZSJ9?signature=265e8273409849423466e7623cbbdf8352940707b8830803eec391e8f32c9c5f",
            "productDescription": ""
        },
        "priceData": {
            "bestPrice": "3.60",
            "price": "3.60",
            "pricePerLitre": 7.199999999999999,
            "bestPricePerLitre": 7.199999999999999
        },
        "store": {
            "id": "5e75a762d7477614850003a2",
            "name": "Lyttelton"
        },
        "timestamp": "2021-08-16T18:38:52.176290"
    },
    {
        "productData": {
            "name": "V Energy Drink Sugar Free Guarana 500ml",
            "productId": "v-energy-drink-sugar-free-guarana-500ml",
            "productShopPage": "https://lyttelton.store.supervalue.co.nz/lines/v-energy-drink-sugar-free-guarana-500ml",
            "productImageURL": "https://dtgxwmigmg3gc.cloudfront.net/imagery/assets/derivations/icon/512/512/true/eyJpZCI6Ijg4MGExMDYxOTY4NTJiYzM1ZTExMmU2MGE2OWYxNDE3Iiwic3RvcmFnZSI6InB1YmxpY19zdG9yZSJ9?signature=b0536d25b9da8158705e24c88e21fabbf85c1dabc19f18108c386e956ffd7045",
            "productDescription": ""
        },
        "priceData": {
            "bestPrice": "3.60",
            "price": "3.60",
            "pricePerLitre": 7.199999999999999,
            "bestPricePerLitre": 7.199999999999999
        },
        "store": {
            "id": "5e75a762d7477614850003a2",
            "name": "Lyttelton"
        },
        "timestamp": "2021-08-16T18:38:55.002647"
    },
    {
        "productData": {
            "name": "V Guarana Energy Drink Fridge Pack 10x200ml",
            "productId": "v-guarana-energy-drink-fridge-pack-10x200ml",
            "productShopPage": "https://lyttelton.store.supervalue.co.nz/lines/v-guarana-energy-drink-fridge-pack-10x200ml",
            "productImageURL": "https://dtgxwmigmg3gc.cloudfront.net/imagery/assets/derivations/icon/512/512/true/eyJpZCI6IjBlMjAzZTJiY2QyZDVhYzQ2NGY2NzhmMDFkMmM3YjBhIiwic3RvcmFnZSI6InB1YmxpY19zdG9yZSJ9?signature=a3283c38928a5e2c367f0886f5948460cf671d41affa4dd3a2634f1621779d47",
            "productDescription": ""
        },
        "priceData": {
            "bestPrice": "15.00",
            "price": "15.00",
            "pricePerLitre": 7.5,
            "bestPricePerLitre": 7.5
        },
        "store": {
            "id": "5e75a762d7477614850003a2",
            "name": "Lyttelton"
        },
        "timestamp": "2021-08-16T18:38:56.800714"
    },
    {
        "productData": {
            "name": "V Blue Sugarfree Energy Drink 500ml",
            "productId": "v-blue-sugarfree-energy-drink-500ml",
            "productShopPage": "https://lyttelton.store.supervalue.co.nz/lines/v-blue-sugarfree-energy-drink-500ml",
            "productImageURL": "https://dtgxwmigmg3gc.cloudfront.net/imagery/assets/derivations/icon/512/512/true/eyJpZCI6ImVmYjQyOWRmM2JjZjc3NTY1ZDIwMTEyNTY0MDdmZjA1Iiwic3RvcmFnZSI6InB1YmxpY19zdG9yZSJ9?signature=2911d59474d8305039a3be3bef0f887c38d9ab84596314b13cc4b150101175ab",
            "productDescription": ""
        },
        "priceData": {
            "bestPrice": "3.60",
            "price": "3.60",
            "pricePerLitre": 7.199999999999999,
            "bestPricePerLitre": 7.199999999999999
        },
        "store": {
            "id": "5e75a762d7477614850003a2",
            "name": "Lyttelton"
        },
        "timestamp": "2021-08-16T18:38:59.037765"
    },
    {
        "productData": {
            "name": "V Blue Energy Drink Blue Guarana Can 250ml",
            "productId": "v-blue-energy-drink-blue-guarana-can-250ml",
            "productShopPage": "https://lyttelton.store.supervalue.co.nz/lines/v-blue-energy-drink-blue-guarana-can-250ml",
            "productImageURL": "https://dtgxwmigmg3gc.cloudfront.net/imagery/assets/derivations/icon/512/512/true/eyJpZCI6IjBmZjQwNDEyZWQ2ZDk4YTg3YWQ2ZDUyMWZlNjM1YzJkIiwic3RvcmFnZSI6InB1YmxpY19zdG9yZSJ9?signature=8f745abe5614ec47b3d7a07f1a34ba529184a87b2a696211ba5a0f9f29c86bf0",
            "productDescription": ""
        },
        "priceData": {
            "bestPrice": "2.50",
            "price": "2.50",
            "pricePerLitre": 10.0,
            "bestPricePerLitre": 10.0
        },
        "store": {
            "id": "5e75a762d7477614850003a2",
            "name": "Lyttelton"
        },
        "timestamp": "2021-08-16T18:39:02.624570"
    },
    {
        "productData": {
            "name": "V Blue Energy Drink Blue Guarana Can 500ml",
            "productId": "v-blue-energy-drink-blue-guarana-can-500ml",
            "productShopPage": "https://lyttelton.store.supervalue.co.nz/lines/v-blue-energy-drink-blue-guarana-can-500ml",
            "productImageURL": "https://dtgxwmigmg3gc.cloudfront.net/imagery/assets/derivations/icon/512/512/true/eyJpZCI6ImFmYjEyYjVjYTU2YWI5ZDJhMTVmNGY2MDg2NWFlNzgxIiwic3RvcmFnZSI6InB1YmxpY19zdG9yZSJ9?signature=b537a8cc5a2c0f90f1702b2c541db44c3a740a0ec4a96e92ab2d6537f9320e8d",
            "productDescription": ""
        },
        "priceData": {
            "bestPrice": "3.60",
            "price": "3.60",
            "pricePerLitre": 7.199999999999999,
            "bestPricePerLitre": 7.199999999999999
        },
        "store": {
            "id": "5e75a762d7477614850003a2",
            "name": "Lyttelton"
        },
        "timestamp": "2021-08-16T18:39:03.583865"
    },
    {
        "productData": {
            "name": "V Iced Coffee Guarana Energy 500ml",
            "productId": "v-iced-coffee-guarana-energy-500ml",
            "productShopPage": "https://lyttelton.store.supervalue.co.nz/lines/v-iced-coffee-guarana-energy-500ml",
            "productImageURL": "https://dtgxwmigmg3gc.cloudfront.net/imagery/assets/derivations/icon/512/512/true/eyJpZCI6ImM0Zjc4YjRmYWVjMjk0NTJkZTNkYzZjNmY5MzBlMjU2Iiwic3RvcmFnZSI6InB1YmxpY19zdG9yZSJ9?signature=14312b2813aab9c1ad551700ec97cd58a3a7f95bef4d0bd7ae7aa2dcf8fcdc9d",
            "productDescription": ""
        },
        "priceData": {
            "bestPrice": "4.19",
            "price": "4.19"
        },
        "store": {
            "id": "5e75a762d7477614850003a2",
            "name": "Lyttelton"
        },
        "timestamp": "2021-08-16T18:39:04.580678"
    },
    {
        "productData": {
            "name": "V Energy Drink Sugar Free Guarana Bottle 350ml",
            "productId": "v-energy-drink-sugar-free-guarana-bottle-350ml",
            "productShopPage": "https://lyttelton.store.supervalue.co.nz/lines/v-energy-drink-sugar-free-guarana-bottle-350ml",
            "productImageURL": "https://dtgxwmigmg3gc.cloudfront.net/imagery/assets/derivations/icon/512/512/true/eyJpZCI6IjQzYmZlOTg1YzY2ZGQ0ZDI1YzUyZDk3MGJhMmJhMGM3Iiwic3RvcmFnZSI6InB1YmxpY19zdG9yZSJ9?signature=7a4bb3eb2264f52495ae9ba8fbf21b5a3e59e12c0d6208cfa1591261da333f55",
            "productDescription": ""
        },
        "priceData": {
            "bestPrice": "3.79",
            "price": "3.79",
            "pricePerLitre": 10.8,
            "bestPricePerLitre": 10.8
        },
        "store": {
            "id": "5e75a762d7477614850003a2",
            "name": "Lyttelton"
        },
        "timestamp": "2021-08-16T18:39:07.579123"
    },
    {
        "productData": {
            "name": "Monster Mule Ginger Brew 500ml",
            "productId": "monster-mule-ginger-brew-500ml",
            "productShopPage": "https://lyttelton.store.supervalue.co.nz/lines/monster-mule-ginger-brew-500ml",
            "productImageURL": "https://dtgxwmigmg3gc.cloudfront.net/imagery/assets/derivations/icon/512/512/true/eyJpZCI6ImM1OTM5MTIyZTRlNmNhNzk0ODFlMDE4ZWVmMWE2Y2ZlIiwic3RvcmFnZSI6InB1YmxpY19zdG9yZSJ9?signature=5d11287f30ef58c148e37382d61c0d83097d5461683a9aa5dd9456941c1f32e5",
            "productDescription": ""
        },
        "priceData": {
            "bestPrice": "2.60",
            "price": "2.60",
            "pricePerLitre": 5.2,
            "bestPricePerLitre": 5.2
        },
        "store": {
            "id": "5e75a762d7477614850003a2",
            "name": "Lyttelton"
        },
        "timestamp": "2021-08-16T18:39:16.985988"
    },
    {
        "productData": {
            "name": "Monster Energy Pipeline Punch 500ml",
            "productId": "monster-energy-pipeline-punch-500ml",
            "productShopPage": "https://lyttelton.store.supervalue.co.nz/lines/monster-energy-pipeline-punch-500ml",
            "productImageURL": "https://dtgxwmigmg3gc.cloudfront.net/imagery/assets/derivations/icon/512/512/true/eyJpZCI6IjM3ZWY2OTY5OWFlNTJlZTRjNTY1ZmFmYWIwOTIxMjg4Iiwic3RvcmFnZSI6InB1YmxpY19zdG9yZSJ9?signature=79ed6699c35bd716a9d5d9457c39ce62c523edaa4059b6b45d4dcc7caf65cef9",
            "productDescription": ""
        },
        "priceData": {
            "bestPrice": "2.60",
            "price": "2.60",
            "pricePerLitre": 5.2,
            "bestPricePerLitre": 5.2
        },
        "store": {
            "id": "5e75a762d7477614850003a2",
            "name": "Lyttelton"
        },
        "timestamp": "2021-08-16T18:39:21.429192"
    },
    {
        "productData": {
            "name": "Live Plus Energy Drink Persist Glass 355ml",
            "productId": "live-plus-energy-drink-persist-glass-355ml",
            "productShopPage": "https://lyttelton.store.supervalue.co.nz/lines/live-plus-energy-drink-persist-glass-355ml",
            "productImageURL": "https://dtgxwmigmg3gc.cloudfront.net/imagery/assets/derivations/icon/512/512/true/eyJpZCI6IjBiMjhiZTQ0NDk1ODBiZWI4NDRkY2JhM2MxZDdhOTMwIiwic3RvcmFnZSI6InB1YmxpY19zdG9yZSJ9?signature=62025738d86469fbbd64cd53b03b4beee6372d1fbd30b8a9c5708ffdafeebf0d",
            "productDescription": ""
        },
        "priceData": {
            "bestPrice": "2.10",
            "price": "2.10",
            "pricePerLitre": 5.8999999999999995,
            "bestPricePerLitre": 5.8999999999999995
        },
        "store": {
            "id": "5e75a762d7477614850003a2",
            "name": "Lyttelton"
        },
        "timestamp": "2021-08-16T18:39:27.768983"
    },
    {
        "productData": {
            "name": "Rockstar Punched Energy Guava 500ml",
            "productId": "rockstar-punched-energy-guava-500ml",
            "productShopPage": "https://lyttelton.store.supervalue.co.nz/lines/rockstar-punched-energy-guava-500ml",
            "productImageURL": "https://dtgxwmigmg3gc.cloudfront.net/imagery/assets/derivations/icon/512/512/true/eyJpZCI6IjBmNGEyNjU2MGQwM2Y4OGI4MWE3ZTMyODUzYTRlN2QyIiwic3RvcmFnZSI6InB1YmxpY19zdG9yZSJ9?signature=fab45ac774e74d87cf7a79de075f47290676fd6d4afcf212198c745670d5ce29",
            "productDescription": ""
        },
        "priceData": {
            "bestPrice": "2.20",
            "price": "2.20",
            "pricePerLitre": 4.4,
            "bestPricePerLitre": 4.4
        },
        "store": {
            "id": "5e75a762d7477614850003a2",
            "name": "Lyttelton"
        },
        "timestamp": "2021-08-16T18:39:30.461999"
    },
    {
        "productData": {
            "name": "Mother Kicked Apple 500ml",
            "productId": "mother-kicked-apple-500ml",
            "productShopPage": "https://mandeville.store.supervalue.co.nz/lines/mother-kicked-apple-500ml",
            "productImageURL": "https://dtgxwmigmg3gc.cloudfront.net/imagery/assets/derivations/icon/512/512/true/eyJpZCI6IjNhZTlkYjkwYTM4MDFjMGEwYjUwYThhMDAwYjkyZjM0Iiwic3RvcmFnZSI6InB1YmxpY19zdG9yZSJ9?signature=c1a1db0a5d7b074c388cf08560fd44a4a2b6127821554198e54eeea8474325f6",
            "productDescription": ""
        },
        "priceData": {
            "bestPrice": "2.20",
            "price": "2.20",
            "pricePerLitre": 4.4,
            "bestPricePerLitre": 4.4
        },
        "store": {
            "id": "5e75a7e9ec28665b0a0007bc",
            "name": "Mandeville"
        },
        "timestamp": "2021-08-16T18:39:33.472911"
    },
    {
        "productData": {
            "name": "Monster Energy Ultra Paradise 500ml",
            "productId": "monster-energy-drink-ultra-paradise-500ml",
            "productShopPage": "https://mandeville.store.supervalue.co.nz/lines/monster-energy-drink-ultra-paradise-500ml",
            "productImageURL": "https://dtgxwmigmg3gc.cloudfront.net/imagery/assets/derivations/icon/512/512/true/eyJpZCI6ImZiZDRkZTQxNzA0M2FiYTUyMjMwZWI0NTcyZGNmYTE1Iiwic3RvcmFnZSI6InB1YmxpY19zdG9yZSJ9?signature=8a439bf26b71114289dfea1720ed331b1e4784c534deade29db8ac38b1cc7c1a",
            "productDescription": ""
        },
        "priceData": {
            "bestPrice": "2.60",
            "price": "2.60",
            "pricePerLitre": 5.2,
            "bestPricePerLitre": 5.2
        },
        "store": {
            "id": "5e75a7e9ec28665b0a0007bc",
            "name": "Mandeville"
        },
        "timestamp": "2021-08-16T18:39:36.211114"
    },
    {
        "productData": {
            "name": "Monster Energy Ultra Zero 500ml",
            "productId": "monster-energy-ultra-zero-500ml",
            "productShopPage": "https://mandeville.store.supervalue.co.nz/lines/monster-energy-ultra-zero-500ml",
            "productImageURL": "https://dtgxwmigmg3gc.cloudfront.net/imagery/assets/derivations/icon/512/512/true/eyJpZCI6IjdhN2FhYTUwZWU2NTYwYjBiNGY1NThhMTgwNmVlODI3Iiwic3RvcmFnZSI6InB1YmxpY19zdG9yZSJ9?signature=7907c49ba7d043175a426f84a71776de7dd51fa5c249237063aca9cb098abdbe",
            "productDescription": ""
        },
        "priceData": {
            "bestPrice": "2.60",
            "price": "2.60",
            "pricePerLitre": 5.2,
            "bestPricePerLitre": 5.2
        },
        "store": {
            "id": "5e75a7e9ec28665b0a0007bc",
            "name": "Mandeville"
        },
        "timestamp": "2021-08-16T18:39:38.008930"
    },
    {
        "productData": {
            "name": "Monster Energy Drink Can Green 500ml",
            "productId": "monster-energy-green-500ml",
            "productShopPage": "https://mandeville.store.supervalue.co.nz/lines/monster-energy-green-500ml",
            "productImageURL": "https://dtgxwmigmg3gc.cloudfront.net/imagery/assets/derivations/icon/512/512/true/eyJpZCI6ImU3ZjNiNjJiNzI4Y2M0MTIxMjhiNjQ2ZmQ2OTQzMGEzIiwic3RvcmFnZSI6InB1YmxpY19zdG9yZSJ9?signature=637eac56411f57a79f345ea693f1418330d5742c3a04caddb460696dba06da06",
            "productDescription": ""
        },
        "priceData": {
            "bestPrice": "2.60",
            "price": "2.60",
            "pricePerLitre": 5.2,
            "bestPricePerLitre": 5.2
        },
        "store": {
            "id": "5e75a7e9ec28665b0a0007bc",
            "name": "Mandeville"
        },
        "timestamp": "2021-08-16T18:39:38.856799"
    },
    {
        "productData": {
            "name": "Monster Energy Drink Ultra Rosa 500ml",
            "productId": "monster-energy-drink-ultra-rosa-500ml",
            "productShopPage": "https://mandeville.store.supervalue.co.nz/lines/monster-energy-drink-ultra-rosa-500ml",
            "productImageURL": "https://dtgxwmigmg3gc.cloudfront.net/imagery/assets/derivations/icon/512/512/true/eyJpZCI6IjZjYzFjMzcwYzM4Mzk4N2MyOTUzNWIyMTFjZTJlYjgxIiwic3RvcmFnZSI6InB1YmxpY19zdG9yZSJ9?signature=9cd08284785f9b24647ecc7d1dc08214d9d00318cc809bebdef1921d6b78bb95",
            "productDescription": ""
        },
        "priceData": {
            "bestPrice": "2.60",
            "price": "2.60",
            "pricePerLitre": 5.2,
            "bestPricePerLitre": 5.2
        },
        "store": {
            "id": "5e75a7e9ec28665b0a0007bc",
            "name": "Mandeville"
        },
        "timestamp": "2021-08-16T18:39:39.783125"
    },
    {
        "productData": {
            "name": "Mother Energy Drink Berry 500ml",
            "productId": "mother-energy-drink-berry-500ml",
            "productShopPage": "https://mandeville.store.supervalue.co.nz/lines/mother-energy-drink-berry-500ml",
            "productImageURL": "https://dtgxwmigmg3gc.cloudfront.net/imagery/assets/derivations/icon/512/512/true/eyJpZCI6ImRhYTJlNjUzNzRjZjViNjI0ZDljNzUzNDA3YmE0ZDFkIiwic3RvcmFnZSI6InB1YmxpY19zdG9yZSJ9?signature=d9ffb465d71d599811c2ff7a788845bfe297eb3624ad7866a89cf0b3ece073f0",
            "productDescription": ""
        },
        "priceData": {
            "bestPrice": "2.20",
            "price": "2.20",
            "pricePerLitre": 4.4,
            "bestPricePerLitre": 4.4
        },
        "store": {
            "id": "5e75a7e9ec28665b0a0007bc",
            "name": "Mandeville"
        },
        "timestamp": "2021-08-16T18:39:42.620420"
    },
    {
        "productData": {
            "name": "Mother Energy Drink Black 500ml",
            "productId": "mother-energy-drink-black-500ml",
            "productShopPage": "https://mandeville.store.supervalue.co.nz/lines/mother-energy-drink-black-500ml",
            "productImageURL": "https://dtgxwmigmg3gc.cloudfront.net/imagery/assets/derivations/icon/512/512/true/eyJpZCI6ImYyMzA5MjhkYjg3ODFhYmYzZDU3ZjE1YjNmYzU2MWFjIiwic3RvcmFnZSI6InB1YmxpY19zdG9yZSJ9?signature=d3dbddb83d3d457075cd5d8936bef0c5b48fce4fa3fe725995d8b6d57219ceb5",
            "productDescription": ""
        },
        "priceData": {
            "bestPrice": "2.20",
            "price": "2.20",
            "pricePerLitre": 4.4,
            "bestPricePerLitre": 4.4
        },
        "store": {
            "id": "5e75a7e9ec28665b0a0007bc",
            "name": "Mandeville"
        },
        "timestamp": "2021-08-16T18:39:43.527257"
    },
    {
        "productData": {
            "name": "Mother Energy Drink Cans 6x250ml",
            "productId": "mother-energy-drink-6x250ml-cans",
            "productShopPage": "https://mandeville.store.supervalue.co.nz/lines/mother-energy-drink-6x250ml-cans",
            "productImageURL": "https://dtgxwmigmg3gc.cloudfront.net/imagery/assets/derivations/icon/512/512/true/eyJpZCI6IjEyOGFhMmU0Y2VkYTU4ZWFkZmVhOWUwZjdlNTZhOTA4Iiwic3RvcmFnZSI6InB1YmxpY19zdG9yZSJ9?signature=5db1908f64527cf28fa7bf3266a83ab854a07ca50453511f7d414d8e6d5c10fb",
            "productDescription": ""
        },
        "priceData": {
            "bestPrice": "8.00",
            "price": "8.00",
            "pricePerLitre": 5.300000000000001,
            "bestPricePerLitre": 5.300000000000001
        },
        "store": {
            "id": "5e75a7e9ec28665b0a0007bc",
            "name": "Mandeville"
        },
        "timestamp": "2021-08-16T18:39:44.565312"
    },
    {
        "productData": {
            "name": "Mother Energy Drink Passion 500ml",
            "productId": "mother-energy-drink-passion-500ml",
            "productShopPage": "https://mandeville.store.supervalue.co.nz/lines/mother-energy-drink-passion-500ml",
            "productImageURL": "https://dtgxwmigmg3gc.cloudfront.net/imagery/assets/derivations/icon/512/512/true/eyJpZCI6ImQwODE2YTc4ZjBmNGU4NTU5Mzg1YjkxZmI5YjIzZjM0Iiwic3RvcmFnZSI6InB1YmxpY19zdG9yZSJ9?signature=713c495fef96a6427b917f0c7c7e855a963749ac5c1bf7dfd71e24ae08ea3123",
            "productDescription": ""
        },
        "priceData": {
            "bestPrice": "2.20",
            "price": "2.20",
            "pricePerLitre": 4.4,
            "bestPricePerLitre": 4.4
        },
        "store": {
            "id": "5e75a7e9ec28665b0a0007bc",
            "name": "Mandeville"
        },
        "timestamp": "2021-08-16T18:39:45.525778"
    },
    {
        "productData": {
            "name": "Mother Tropical Blast 500ml",
            "productId": "mother-tropical-blast-500ml",
            "productShopPage": "https://mandeville.store.supervalue.co.nz/lines/mother-tropical-blast-500ml",
            "productImageURL": "https://dtgxwmigmg3gc.cloudfront.net/imagery/assets/derivations/icon/512/512/true/eyJpZCI6ImEyZmM1OTUwNDhlODM5YTRhMjQ2MTI1OGEyYzNlZWZhIiwic3RvcmFnZSI6InB1YmxpY19zdG9yZSJ9?signature=6c9470ee4067e8ec32b58eeac9d628404d3986058a9b1cdef46014d1bee50944",
            "productDescription": ""
        },
        "priceData": {
            "bestPrice": "2.20",
            "price": "2.20",
            "pricePerLitre": 4.4,
            "bestPricePerLitre": 4.4
        },
        "store": {
            "id": "5e75a7e9ec28665b0a0007bc",
            "name": "Mandeville"
        },
        "timestamp": "2021-08-16T18:39:46.516820"
    },
    {
        "productData": {
            "name": "V Energy Drink 710ml Can",
            "productId": "v-energy-drink-710ml-can",
            "productShopPage": "https://mandeville.store.supervalue.co.nz/lines/v-energy-drink-710ml-can",
            "productImageURL": "https://dtgxwmigmg3gc.cloudfront.net/imagery/assets/derivations/icon/512/512/true/eyJpZCI6ImU1Mjg5NDIyNDI0MzhlNGM0N2IxY2FmMmExOWQ0OGI0Iiwic3RvcmFnZSI6InB1YmxpY19zdG9yZSJ9?signature=875386458f8ad66eb59967a1ca6ad24a19d1592f97a894e439af7d9be1852340",
            "productDescription": ""
        },
        "priceData": {
            "bestPrice": "3.30",
            "price": "3.30",
            "pricePerLitre": 4.6000000000000005,
            "bestPricePerLitre": 4.6000000000000005
        },
        "store": {
            "id": "5e75a7e9ec28665b0a0007bc",
            "name": "Mandeville"
        },
        "timestamp": "2021-08-16T18:39:50.776218"
    },
    {
        "productData": {
            "name": "V Energy Drink Guarana 500ml",
            "productId": "v-energy-drink-guarana-500ml",
            "productShopPage": "https://mandeville.store.supervalue.co.nz/lines/v-energy-drink-guarana-500ml",
            "productImageURL": "https://dtgxwmigmg3gc.cloudfront.net/imagery/assets/derivations/icon/512/512/true/eyJpZCI6IjgzZDAxMjhiMzg4NmEwZmE4YTE2ZjY2NWIzNmM2NzI2Iiwic3RvcmFnZSI6InB1YmxpY19zdG9yZSJ9?signature=f55ecc561066291a4e74a967db35ea2355f881bd1708bf400fd790032384ae4f",
            "productDescription": ""
        },
        "priceData": {
            "bestPrice": "2.60",
            "price": "2.60",
            "pricePerLitre": 5.2,
            "bestPricePerLitre": 5.2
        },
        "store": {
            "id": "5e75a7e9ec28665b0a0007bc",
            "name": "Mandeville"
        },
        "timestamp": "2021-08-16T18:39:51.678334"
    },
    {
        "productData": {
            "name": "V Energy Drink Sugarfree 500ml",
            "productId": "v-energy-drink-sugarfree-500ml",
            "productShopPage": "https://mandeville.store.supervalue.co.nz/lines/v-energy-drink-sugarfree-500ml",
            "productImageURL": "https://dtgxwmigmg3gc.cloudfront.net/imagery/assets/derivations/icon/512/512/true/eyJpZCI6ImVkZTAxNTNmMDI1NmU1NDZjNWQ5MTc3MjE3ZTQ3YTQ0Iiwic3RvcmFnZSI6InB1YmxpY19zdG9yZSJ9?signature=abcf72d9faa9ee3044eaa3b7ee0bf9b4fd8f582379018d8727f2234b7d3f3c85",
            "productDescription": ""
        },
        "priceData": {
            "bestPrice": "2.60",
            "price": "2.60",
            "pricePerLitre": 5.2,
            "bestPricePerLitre": 5.2
        },
        "store": {
            "id": "5e75a7e9ec28665b0a0007bc",
            "name": "Mandeville"
        },
        "timestamp": "2021-08-16T18:39:52.617353"
    },
    {
        "productData": {
            "name": "V Energy Drink Blue Guarana Spritzed 350ml",
            "productId": "v-blue-energy-drink-blue-guarana-spritzed-350ml",
            "productShopPage": "https://mandeville.store.supervalue.co.nz/lines/v-blue-energy-drink-blue-guarana-spritzed-350ml",
            "productImageURL": "https://dtgxwmigmg3gc.cloudfront.net/imagery/assets/derivations/icon/512/512/true/eyJpZCI6ImY2OTRlZGI4NjdlNWMzZDM5NzgzMDQ0ODFkMzUxZGZiIiwic3RvcmFnZSI6InB1YmxpY19zdG9yZSJ9?signature=591b3079cb9c2407a29b3bc348eaf42dc1d34daba5c9d7aba65be654725b6719",
            "productDescription": ""
        },
        "priceData": {
            "bestPrice": "3.99",
            "price": "3.99",
            "pricePerLitre": 11.399999999999999,
            "bestPricePerLitre": 11.399999999999999
        },
        "store": {
            "id": "5e75a7e9ec28665b0a0007bc",
            "name": "Mandeville"
        },
        "timestamp": "2021-08-16T18:39:55.116654"
    },
    {
        "productData": {
            "name": "V Energy Drink Green Guarana 350ml",
            "productId": "v-energy-drink-green-guarana-350ml",
            "productShopPage": "https://mandeville.store.supervalue.co.nz/lines/v-energy-drink-green-guarana-350ml",
            "productImageURL": "https://dtgxwmigmg3gc.cloudfront.net/imagery/assets/derivations/icon/512/512/true/eyJpZCI6IjRiNjY4ZjYxOTQ2ODYyN2MzM2NiZWMyNGUyNmIyODk4Iiwic3RvcmFnZSI6InB1YmxpY19zdG9yZSJ9?signature=4cded9cb42349eef45a593461f311b1bb7fa881295733879671ad9fe9887d30c",
            "productDescription": ""
        },
        "priceData": {
            "bestPrice": "3.99",
            "price": "3.99",
            "pricePerLitre": 11.399999999999999,
            "bestPricePerLitre": 11.399999999999999
        },
        "store": {
            "id": "5e75a7e9ec28665b0a0007bc",
            "name": "Mandeville"
        },
        "timestamp": "2021-08-16T18:39:56.097246"
    },
    {
        "productData": {
            "name": "V Energy Drink Guarana Can 500ml",
            "productId": "v-energy-drink-guarana-can-500ml",
            "productShopPage": "https://mandeville.store.supervalue.co.nz/lines/v-energy-drink-guarana-can-500ml",
            "productImageURL": "https://dtgxwmigmg3gc.cloudfront.net/imagery/assets/derivations/icon/512/512/true/eyJpZCI6ImI0NjgzNGZjNDRkMjU0MjgzYzJjZGNhMzA2NWIxYjA5Iiwic3RvcmFnZSI6InB1YmxpY19zdG9yZSJ9?signature=265e8273409849423466e7623cbbdf8352940707b8830803eec391e8f32c9c5f",
            "productDescription": ""
        },
        "priceData": {
            "bestPrice": "3.60",
            "price": "3.60",
            "pricePerLitre": 7.199999999999999,
            "bestPricePerLitre": 7.199999999999999
        },
        "store": {
            "id": "5e75a7e9ec28665b0a0007bc",
            "name": "Mandeville"
        },
        "timestamp": "2021-08-16T18:39:57.970747"
    },
    {
        "productData": {
            "name": "V Energy Drink Raspberry Lemonade 350ml",
            "productId": "v-energy-drink-raspberry-lemonade-350ml",
            "productShopPage": "https://mandeville.store.supervalue.co.nz/lines/v-energy-drink-raspberry-lemonade-350ml",
            "productImageURL": "https://dtgxwmigmg3gc.cloudfront.net/imagery/assets/derivations/icon/512/512/true/eyJpZCI6IjliNWMwMGJkN2IxYWRhY2UxNzU5NzY1ZTI4MjUzZDgyIiwic3RvcmFnZSI6InB1YmxpY19zdG9yZSJ9?signature=1813e587f3636e394a15aa9e19234f9343024a6880220b0dda0a5d69b1f1c010",
            "productDescription": ""
        },
        "priceData": {
            "bestPrice": "3.99",
            "price": "3.99",
            "pricePerLitre": 11.399999999999999,
            "bestPricePerLitre": 11.399999999999999
        },
        "store": {
            "id": "5e75a7e9ec28665b0a0007bc",
            "name": "Mandeville"
        },
        "timestamp": "2021-08-16T18:39:59.673519"
    },
    {
        "productData": {
            "name": "V Blue Energy Drink Bottle 500ml",
            "productId": "v-blue-energy-drink-bottle-500ml",
            "productShopPage": "https://mandeville.store.supervalue.co.nz/lines/v-blue-energy-drink-bottle-500ml",
            "productImageURL": "https://dtgxwmigmg3gc.cloudfront.net/imagery/assets/derivations/icon/512/512/true/eyJpZCI6IjgyYWYxYWY4MGI4MzUxODhiYmVhZGVhM2U2NzY0MzI5Iiwic3RvcmFnZSI6InB1YmxpY19zdG9yZSJ9?signature=7e70fc576864a528a1431734d680cbf177a11b419a692dbfd34800c31b8944ec",
            "productDescription": ""
        },
        "priceData": {
            "bestPrice": "2.60",
            "price": "2.60",
            "pricePerLitre": 5.2,
            "bestPricePerLitre": 5.2
        },
        "store": {
            "id": "5e75a7e9ec28665b0a0007bc",
            "name": "Mandeville"
        },
        "timestamp": "2021-08-16T18:40:03.725860"
    },
    {
        "productData": {
            "name": "V Blue Sugarfree Energy Drink 500ml",
            "productId": "v-blue-sugarfree-energy-drink-500ml",
            "productShopPage": "https://mandeville.store.supervalue.co.nz/lines/v-blue-sugarfree-energy-drink-500ml",
            "productImageURL": "https://dtgxwmigmg3gc.cloudfront.net/imagery/assets/derivations/icon/512/512/true/eyJpZCI6ImVmYjQyOWRmM2JjZjc3NTY1ZDIwMTEyNTY0MDdmZjA1Iiwic3RvcmFnZSI6InB1YmxpY19zdG9yZSJ9?signature=2911d59474d8305039a3be3bef0f887c38d9ab84596314b13cc4b150101175ab",
            "productDescription": ""
        },
        "priceData": {
            "bestPrice": "3.60",
            "price": "3.60",
            "pricePerLitre": 7.199999999999999,
            "bestPricePerLitre": 7.199999999999999
        },
        "store": {
            "id": "5e75a7e9ec28665b0a0007bc",
            "name": "Mandeville"
        },
        "timestamp": "2021-08-16T18:40:04.641281"
    },
    {
        "productData": {
            "name": "V Blue Energy Drink Blue Guarana Can 500ml",
            "productId": "v-blue-energy-drink-blue-guarana-can-500ml",
            "productShopPage": "https://mandeville.store.supervalue.co.nz/lines/v-blue-energy-drink-blue-guarana-can-500ml",
            "productImageURL": "https://dtgxwmigmg3gc.cloudfront.net/imagery/assets/derivations/icon/512/512/true/eyJpZCI6ImFmYjEyYjVjYTU2YWI5ZDJhMTVmNGY2MDg2NWFlNzgxIiwic3RvcmFnZSI6InB1YmxpY19zdG9yZSJ9?signature=b537a8cc5a2c0f90f1702b2c541db44c3a740a0ec4a96e92ab2d6537f9320e8d",
            "productDescription": ""
        },
        "priceData": {
            "bestPrice": "3.60",
            "price": "3.60",
            "pricePerLitre": 7.199999999999999,
            "bestPricePerLitre": 7.199999999999999
        },
        "store": {
            "id": "5e75a7e9ec28665b0a0007bc",
            "name": "Mandeville"
        },
        "timestamp": "2021-08-16T18:40:09.270326"
    },
    {
        "productData": {
            "name": "V Iced Mocha Guarana Energy 500ml",
            "productId": "v-iced-mocha-guarana-energy-500ml",
            "productShopPage": "https://mandeville.store.supervalue.co.nz/lines/v-iced-mocha-guarana-energy-500ml",
            "productImageURL": "https://dtgxwmigmg3gc.cloudfront.net/imagery/assets/derivations/icon/512/512/true/eyJpZCI6ImNiMDRkODVlZmQ2YjhiZGMxMWU4Zjk5OGEwOTczODg1Iiwic3RvcmFnZSI6InB1YmxpY19zdG9yZSJ9?signature=3e63d4ec34ef65794a07ea00749a785cb88ce90997e6e7d12629c3c0f205de6d",
            "productDescription": ""
        },
        "priceData": {
            "bestPrice": "4.19",
            "price": "4.19"
        },
        "store": {
            "id": "5e75a7e9ec28665b0a0007bc",
            "name": "Mandeville"
        },
        "timestamp": "2021-08-16T18:40:11.606155"
    },
    {
        "productData": {
            "name": "V Energy Drink Sugar Free Guarana Bottle 350ml",
            "productId": "v-energy-drink-sugar-free-guarana-bottle-350ml",
            "productShopPage": "https://mandeville.store.supervalue.co.nz/lines/v-energy-drink-sugar-free-guarana-bottle-350ml",
            "productImageURL": "https://dtgxwmigmg3gc.cloudfront.net/imagery/assets/derivations/icon/512/512/true/eyJpZCI6IjQzYmZlOTg1YzY2ZGQ0ZDI1YzUyZDk3MGJhMmJhMGM3Iiwic3RvcmFnZSI6InB1YmxpY19zdG9yZSJ9?signature=7a4bb3eb2264f52495ae9ba8fbf21b5a3e59e12c0d6208cfa1591261da333f55",
            "productDescription": ""
        },
        "priceData": {
            "bestPrice": "3.99",
            "price": "3.99",
            "pricePerLitre": 11.399999999999999,
            "bestPricePerLitre": 11.399999999999999
        },
        "store": {
            "id": "5e75a7e9ec28665b0a0007bc",
            "name": "Mandeville"
        },
        "timestamp": "2021-08-16T18:40:13.290752"
    },
    {
        "productData": {
            "name": "V Pure Energy Drink 250ml",
            "productId": "v-pure-energy-drink-250ml",
            "productShopPage": "https://mandeville.store.supervalue.co.nz/lines/v-pure-energy-drink-250ml",
            "productImageURL": "https://dtgxwmigmg3gc.cloudfront.net/imagery/assets/derivations/icon/512/512/true/eyJpZCI6Ijk3N2I4MDM5OTQxMjFjYjI5MjRmODdmOTJkM2Q2OWIxIiwic3RvcmFnZSI6InB1YmxpY19zdG9yZSJ9?signature=b74ae9543645865e1c2414381c96a37f8a53629edb30e9b6a59f54f59ba09cfb",
            "productDescription": ""
        },
        "priceData": {
            "bestPrice": "2.50",
            "price": "2.50",
            "pricePerLitre": 10.0,
            "bestPricePerLitre": 10.0
        },
        "store": {
            "id": "5e75a7e9ec28665b0a0007bc",
            "name": "Mandeville"
        },
        "timestamp": "2021-08-16T18:40:14.167796"
    },
    {
        "productData": {
            "name": "Monster Energy Pipeline Punch 500ml",
            "productId": "monster-energy-pipeline-punch-500ml",
            "productShopPage": "https://mandeville.store.supervalue.co.nz/lines/monster-energy-pipeline-punch-500ml",
            "productImageURL": "https://dtgxwmigmg3gc.cloudfront.net/imagery/assets/derivations/icon/512/512/true/eyJpZCI6IjM3ZWY2OTY5OWFlNTJlZTRjNTY1ZmFmYWIwOTIxMjg4Iiwic3RvcmFnZSI6InB1YmxpY19zdG9yZSJ9?signature=79ed6699c35bd716a9d5d9457c39ce62c523edaa4059b6b45d4dcc7caf65cef9",
            "productDescription": ""
        },
        "priceData": {
            "bestPrice": "2.60",
            "price": "2.60",
            "pricePerLitre": 5.2,
            "bestPricePerLitre": 5.2
        },
        "store": {
            "id": "5e75a7e9ec28665b0a0007bc",
            "name": "Mandeville"
        },
        "timestamp": "2021-08-16T18:40:26.645265"
    },
    {
        "productData": {
            "name": "Live Plus Energy Drink Citrus Flavour 500ml",
            "productId": "live-plus-persist-500ml",
            "productShopPage": "https://mandeville.store.supervalue.co.nz/lines/live-plus-persist-500ml",
            "productImageURL": "https://dtgxwmigmg3gc.cloudfront.net/imagery/assets/derivations/icon/512/512/true/eyJpZCI6IjFlNWQ5YzI4OWM1N2UzNmYzZmI2NThlMDQzZTI3ZjE4Iiwic3RvcmFnZSI6InB1YmxpY19zdG9yZSJ9?signature=756b17fefe47174b90e7dbec8cd09db27f9f59f4994bc750b71256ae93ba9fa8",
            "productDescription": ""
        },
        "priceData": {
            "bestPrice": "2.20",
            "price": "2.20",
            "pricePerLitre": 4.4,
            "bestPricePerLitre": 4.4
        },
        "store": {
            "id": "5e75a7e9ec28665b0a0007bc",
            "name": "Mandeville"
        },
        "timestamp": "2021-08-16T18:40:27.514174"
    },
    {
        "productData": {
            "name": "Live Plus Energy Drink Original Citrus Flavour 355ml",
            "productId": "live-plus-persist-glass-355ml",
            "productShopPage": "https://mandeville.store.supervalue.co.nz/lines/live-plus-persist-glass-355ml",
            "productImageURL": "https://dtgxwmigmg3gc.cloudfront.net/imagery/assets/derivations/icon/512/512/true/eyJpZCI6ImYzMjZlMTdmMmI5ZGRjZGYzYmFmNzNiMWQzN2Y5NDI4Iiwic3RvcmFnZSI6InB1YmxpY19zdG9yZSJ9?signature=8fa31eb2b309e9c7a293ba2e7a7541e3cdc686b1d3f519044aa97c666ae5f630",
            "productDescription": ""
        },
        "priceData": {
            "bestPrice": "2.10",
            "price": "2.10",
            "pricePerLitre": 5.8999999999999995,
            "bestPricePerLitre": 5.8999999999999995
        },
        "store": {
            "id": "5e75a7e9ec28665b0a0007bc",
            "name": "Mandeville"
        },
        "timestamp": "2021-08-16T18:40:31.680229"
    },
    {
        "productData": {
            "name": "Mother Kicked Apple 500ml",
            "productId": "mother-kicked-apple-500ml",
            "productShopPage": "https://methven.store.supervalue.co.nz/lines/mother-kicked-apple-500ml",
            "productImageURL": "https://dtgxwmigmg3gc.cloudfront.net/imagery/assets/derivations/icon/512/512/true/eyJpZCI6IjNhZTlkYjkwYTM4MDFjMGEwYjUwYThhMDAwYjkyZjM0Iiwic3RvcmFnZSI6InB1YmxpY19zdG9yZSJ9?signature=c1a1db0a5d7b074c388cf08560fd44a4a2b6127821554198e54eeea8474325f6",
            "productDescription": ""
        },
        "priceData": {
            "bestPrice": "2.20",
            "price": "2.20",
            "pricePerLitre": 4.4,
            "bestPricePerLitre": 4.4
        },
        "store": {
            "id": "5e75ab0660b75a521800349d",
            "name": "Methven"
        },
        "timestamp": "2021-08-16T18:40:39.231378"
    },
    {
        "productData": {
            "name": "Monster Energy Import 550ml",
            "productId": "monster-energy-import-550ml",
            "productShopPage": "https://methven.store.supervalue.co.nz/lines/monster-energy-import-550ml",
            "productImageURL": "https://dtgxwmigmg3gc.cloudfront.net/imagery/assets/derivations/icon/512/512/true/eyJpZCI6IjExYzliZTgxY2M3MTNjMDQzM2NmZGQ2ZWE1NjI3MTA0Iiwic3RvcmFnZSI6InB1YmxpY19zdG9yZSJ9?signature=e09322a0a00112a858095e689d2e825f79d154fd3e8577005948dde9d51afb47",
            "productDescription": ""
        },
        "priceData": {
            "bestPrice": "3.99",
            "price": "3.99"
        },
        "store": {
            "id": "5e75ab0660b75a521800349d",
            "name": "Methven"
        },
        "timestamp": "2021-08-16T18:40:41.103904"
    },
    {
        "productData": {
            "name": "Monster Energy Ultra Paradise 500ml",
            "productId": "monster-energy-drink-ultra-paradise-500ml",
            "productShopPage": "https://methven.store.supervalue.co.nz/lines/monster-energy-drink-ultra-paradise-500ml",
            "productImageURL": "https://dtgxwmigmg3gc.cloudfront.net/imagery/assets/derivations/icon/512/512/true/eyJpZCI6ImZiZDRkZTQxNzA0M2FiYTUyMjMwZWI0NTcyZGNmYTE1Iiwic3RvcmFnZSI6InB1YmxpY19zdG9yZSJ9?signature=8a439bf26b71114289dfea1720ed331b1e4784c534deade29db8ac38b1cc7c1a",
            "productDescription": ""
        },
        "priceData": {
            "bestPrice": "2.60",
            "price": "2.60",
            "pricePerLitre": 5.2,
            "bestPricePerLitre": 5.2
        },
        "store": {
            "id": "5e75ab0660b75a521800349d",
            "name": "Methven"
        },
        "timestamp": "2021-08-16T18:40:42.159547"
    },
    {
        "productData": {
            "name": "Monster Energy Ultra Sunrise 500ml",
            "productId": "monster-energy-ultra-sunrise-500ml",
            "productShopPage": "https://methven.store.supervalue.co.nz/lines/monster-energy-ultra-sunrise-500ml",
            "productImageURL": "https://dtgxwmigmg3gc.cloudfront.net/imagery/assets/derivations/icon/512/512/true/eyJpZCI6ImFlNTVkY2RiZTZiZjg3OGZjZTdlOTU1OTFhMDE4YTdiIiwic3RvcmFnZSI6InB1YmxpY19zdG9yZSJ9?signature=b98350feca08b6ab128cc925fef23a58f65a36f94ede15cb2174f6f88a0f8a0f",
            "productDescription": ""
        },
        "priceData": {
            "bestPrice": "2.60",
            "price": "2.60",
            "pricePerLitre": 5.2,
            "bestPricePerLitre": 5.2
        },
        "store": {
            "id": "5e75ab0660b75a521800349d",
            "name": "Methven"
        },
        "timestamp": "2021-08-16T18:40:43.575832"
    },
    {
        "productData": {
            "name": "Monster Energy Ultra Zero 500ml",
            "productId": "monster-energy-ultra-zero-500ml",
            "productShopPage": "https://methven.store.supervalue.co.nz/lines/monster-energy-ultra-zero-500ml",
            "productImageURL": "https://dtgxwmigmg3gc.cloudfront.net/imagery/assets/derivations/icon/512/512/true/eyJpZCI6IjdhN2FhYTUwZWU2NTYwYjBiNGY1NThhMTgwNmVlODI3Iiwic3RvcmFnZSI6InB1YmxpY19zdG9yZSJ9?signature=7907c49ba7d043175a426f84a71776de7dd51fa5c249237063aca9cb098abdbe",
            "productDescription": ""
        },
        "priceData": {
            "bestPrice": "2.60",
            "price": "2.60",
            "pricePerLitre": 5.2,
            "bestPricePerLitre": 5.2
        },
        "store": {
            "id": "5e75ab0660b75a521800349d",
            "name": "Methven"
        },
        "timestamp": "2021-08-16T18:40:44.485571"
    },
    {
        "productData": {
            "name": "Monster Energy Drink Can Green 500ml",
            "productId": "monster-energy-green-500ml",
            "productShopPage": "https://methven.store.supervalue.co.nz/lines/monster-energy-green-500ml",
            "productImageURL": "https://dtgxwmigmg3gc.cloudfront.net/imagery/assets/derivations/icon/512/512/true/eyJpZCI6ImU3ZjNiNjJiNzI4Y2M0MTIxMjhiNjQ2ZmQ2OTQzMGEzIiwic3RvcmFnZSI6InB1YmxpY19zdG9yZSJ9?signature=637eac56411f57a79f345ea693f1418330d5742c3a04caddb460696dba06da06",
            "productDescription": ""
        },
        "priceData": {
            "bestPrice": "2.60",
            "price": "2.60",
            "pricePerLitre": 5.2,
            "bestPricePerLitre": 5.2
        },
        "store": {
            "id": "5e75ab0660b75a521800349d",
            "name": "Methven"
        },
        "timestamp": "2021-08-16T18:40:45.449836"
    },
    {
        "productData": {
            "name": "Monster Energy Drink Ultra Rosa 500ml",
            "productId": "monster-energy-drink-ultra-rosa-500ml",
            "productShopPage": "https://methven.store.supervalue.co.nz/lines/monster-energy-drink-ultra-rosa-500ml",
            "productImageURL": "https://dtgxwmigmg3gc.cloudfront.net/imagery/assets/derivations/icon/512/512/true/eyJpZCI6IjZjYzFjMzcwYzM4Mzk4N2MyOTUzNWIyMTFjZTJlYjgxIiwic3RvcmFnZSI6InB1YmxpY19zdG9yZSJ9?signature=9cd08284785f9b24647ecc7d1dc08214d9d00318cc809bebdef1921d6b78bb95",
            "productDescription": ""
        },
        "priceData": {
            "bestPrice": "2.60",
            "price": "2.60",
            "pricePerLitre": 5.2,
            "bestPricePerLitre": 5.2
        },
        "store": {
            "id": "5e75ab0660b75a521800349d",
            "name": "Methven"
        },
        "timestamp": "2021-08-16T18:40:46.417437"
    },
    {
        "productData": {
            "name": "Mother Energy Drink Berry 500ml",
            "productId": "mother-energy-drink-berry-500ml",
            "productShopPage": "https://methven.store.supervalue.co.nz/lines/mother-energy-drink-berry-500ml",
            "productImageURL": "https://dtgxwmigmg3gc.cloudfront.net/imagery/assets/derivations/icon/512/512/true/eyJpZCI6ImRhYTJlNjUzNzRjZjViNjI0ZDljNzUzNDA3YmE0ZDFkIiwic3RvcmFnZSI6InB1YmxpY19zdG9yZSJ9?signature=d9ffb465d71d599811c2ff7a788845bfe297eb3624ad7866a89cf0b3ece073f0",
            "productDescription": ""
        },
        "priceData": {
            "bestPrice": "2.20",
            "price": "2.20",
            "pricePerLitre": 4.4,
            "bestPricePerLitre": 4.4
        },
        "store": {
            "id": "5e75ab0660b75a521800349d",
            "name": "Methven"
        },
        "timestamp": "2021-08-16T18:40:48.954059"
    },
    {
        "productData": {
            "name": "Mother Energy Drink Black 500ml",
            "productId": "mother-energy-drink-black-500ml",
            "productShopPage": "https://methven.store.supervalue.co.nz/lines/mother-energy-drink-black-500ml",
            "productImageURL": "https://dtgxwmigmg3gc.cloudfront.net/imagery/assets/derivations/icon/512/512/true/eyJpZCI6ImYyMzA5MjhkYjg3ODFhYmYzZDU3ZjE1YjNmYzU2MWFjIiwic3RvcmFnZSI6InB1YmxpY19zdG9yZSJ9?signature=d3dbddb83d3d457075cd5d8936bef0c5b48fce4fa3fe725995d8b6d57219ceb5",
            "productDescription": ""
        },
        "priceData": {
            "bestPrice": "2.20",
            "price": "2.20",
            "pricePerLitre": 4.4,
            "bestPricePerLitre": 4.4
        },
        "store": {
            "id": "5e75ab0660b75a521800349d",
            "name": "Methven"
        },
        "timestamp": "2021-08-16T18:40:49.863727"
    },
    {
        "productData": {
            "name": "Mother Energy Drink Passion 500ml",
            "productId": "mother-energy-drink-passion-500ml",
            "productShopPage": "https://methven.store.supervalue.co.nz/lines/mother-energy-drink-passion-500ml",
            "productImageURL": "https://dtgxwmigmg3gc.cloudfront.net/imagery/assets/derivations/icon/512/512/true/eyJpZCI6ImQwODE2YTc4ZjBmNGU4NTU5Mzg1YjkxZmI5YjIzZjM0Iiwic3RvcmFnZSI6InB1YmxpY19zdG9yZSJ9?signature=713c495fef96a6427b917f0c7c7e855a963749ac5c1bf7dfd71e24ae08ea3123",
            "productDescription": ""
        },
        "priceData": {
            "bestPrice": "2.20",
            "price": "2.20",
            "pricePerLitre": 4.4,
            "bestPricePerLitre": 4.4
        },
        "store": {
            "id": "5e75ab0660b75a521800349d",
            "name": "Methven"
        },
        "timestamp": "2021-08-16T18:40:51.629942"
    },
    {
        "productData": {
            "name": "Mother Tropical Blast 500ml",
            "productId": "mother-tropical-blast-500ml",
            "productShopPage": "https://methven.store.supervalue.co.nz/lines/mother-tropical-blast-500ml",
            "productImageURL": "https://dtgxwmigmg3gc.cloudfront.net/imagery/assets/derivations/icon/512/512/true/eyJpZCI6ImEyZmM1OTUwNDhlODM5YTRhMjQ2MTI1OGEyYzNlZWZhIiwic3RvcmFnZSI6InB1YmxpY19zdG9yZSJ9?signature=6c9470ee4067e8ec32b58eeac9d628404d3986058a9b1cdef46014d1bee50944",
            "productDescription": ""
        },
        "priceData": {
            "bestPrice": "2.20",
            "price": "2.20",
            "pricePerLitre": 4.4,
            "bestPricePerLitre": 4.4
        },
        "store": {
            "id": "5e75ab0660b75a521800349d",
            "name": "Methven"
        },
        "timestamp": "2021-08-16T18:40:52.574111"
    },
    {
        "productData": {
            "name": "Mother Epic Swell Energy Drink Twisted Apple 500ml",
            "productId": "mother-epic-swell-energy-drink-twisted-apple-500ml",
            "productShopPage": "https://methven.store.supervalue.co.nz/lines/mother-epic-swell-energy-drink-twisted-apple-500ml",
            "productImageURL": "https://dtgxwmigmg3gc.cloudfront.net/imagery/assets/derivations/icon/512/512/true/eyJpZCI6ImE2ZjYxOGNhNjUyYzMxNzRhNjg2MDBhMGVjZmQ3MmJkIiwic3RvcmFnZSI6InB1YmxpY19zdG9yZSJ9?signature=954f74f8aba0fb24cb2a5248b1e93fe8a62fb8c7f902abbb08b7aed24bc44c80",
            "productDescription": ""
        },
        "priceData": {
            "bestPrice": "2.20",
            "price": "2.20",
            "pricePerLitre": 4.4,
            "bestPricePerLitre": 4.4
        },
        "store": {
            "id": "5e75ab0660b75a521800349d",
            "name": "Methven"
        },
        "timestamp": "2021-08-16T18:40:54.483437"
    },
    {
        "productData": {
            "name": "Monster Energy Juice Mango Loco 500ml",
            "productId": "monster-energy-juice-mango-loco-500ml-can",
            "productShopPage": "https://methven.store.supervalue.co.nz/lines/monster-energy-juice-mango-loco-500ml-can",
            "productImageURL": "https://dtgxwmigmg3gc.cloudfront.net/imagery/assets/derivations/icon/512/512/true/eyJpZCI6ImUyNmIyNzdlMzJkOTg5NjI4YWYxYzg2MTU2MjI0ZjgzIiwic3RvcmFnZSI6InB1YmxpY19zdG9yZSJ9?signature=db65ff44183396e60e8f4c13003417fb1277f7685b136cf223d7701f7e945faf",
            "productDescription": ""
        },
        "priceData": {
            "bestPrice": "2.60",
            "price": "2.60",
            "pricePerLitre": 5.2,
            "bestPricePerLitre": 5.2
        },
        "store": {
            "id": "5e75ab0660b75a521800349d",
            "name": "Methven"
        },
        "timestamp": "2021-08-16T18:40:55.385443"
    },
    {
        "productData": {
            "name": "V Energy Drink Guarana 500ml",
            "productId": "v-energy-drink-guarana-500ml",
            "productShopPage": "https://methven.store.supervalue.co.nz/lines/v-energy-drink-guarana-500ml",
            "productImageURL": "https://dtgxwmigmg3gc.cloudfront.net/imagery/assets/derivations/icon/512/512/true/eyJpZCI6IjgzZDAxMjhiMzg4NmEwZmE4YTE2ZjY2NWIzNmM2NzI2Iiwic3RvcmFnZSI6InB1YmxpY19zdG9yZSJ9?signature=f55ecc561066291a4e74a967db35ea2355f881bd1708bf400fd790032384ae4f",
            "productDescription": ""
        },
        "priceData": {
            "bestPrice": "2.60",
            "price": "2.60",
            "pricePerLitre": 5.2,
            "bestPricePerLitre": 5.2
        },
        "store": {
            "id": "5e75ab0660b75a521800349d",
            "name": "Methven"
        },
        "timestamp": "2021-08-16T18:40:57.061134"
    },
    {
        "productData": {
            "name": "V Energy Drink Sugarfree 500ml",
            "productId": "v-energy-drink-sugarfree-500ml",
            "productShopPage": "https://methven.store.supervalue.co.nz/lines/v-energy-drink-sugarfree-500ml",
            "productImageURL": "https://dtgxwmigmg3gc.cloudfront.net/imagery/assets/derivations/icon/512/512/true/eyJpZCI6ImVkZTAxNTNmMDI1NmU1NDZjNWQ5MTc3MjE3ZTQ3YTQ0Iiwic3RvcmFnZSI6InB1YmxpY19zdG9yZSJ9?signature=abcf72d9faa9ee3044eaa3b7ee0bf9b4fd8f582379018d8727f2234b7d3f3c85",
            "productDescription": ""
        },
        "priceData": {
            "bestPrice": "2.60",
            "price": "2.60",
            "pricePerLitre": 5.2,
            "bestPricePerLitre": 5.2
        },
        "store": {
            "id": "5e75ab0660b75a521800349d",
            "name": "Methven"
        },
        "timestamp": "2021-08-16T18:40:58.140520"
    },
    {
        "productData": {
            "name": "V Energy Drink Sugar Free Guarana 250ml",
            "productId": "v-energy-drink-sugar-free-guarana-250ml",
            "productShopPage": "https://methven.store.supervalue.co.nz/lines/v-energy-drink-sugar-free-guarana-250ml",
            "productImageURL": "https://dtgxwmigmg3gc.cloudfront.net/imagery/assets/derivations/icon/512/512/true/eyJpZCI6ImZiNzM1NmU4NTMyZDllODlkZTljZmNlOGY2MzQ5NGQwIiwic3RvcmFnZSI6InB1YmxpY19zdG9yZSJ9?signature=72b0ce0a48ca796717c115fe5e8b4564501470f63bf80ae865d26e9d131a2b8c",
            "productDescription": ""
        },
        "priceData": {
            "bestPrice": "2.50",
            "price": "2.50",
            "pricePerLitre": 10.0,
            "bestPricePerLitre": 10.0
        },
        "store": {
            "id": "5e75ab0660b75a521800349d",
            "name": "Methven"
        },
        "timestamp": "2021-08-16T18:40:59.130154"
    },
    {
        "productData": {
            "name": "V Energy Drink Blue Guarana Spritzed 350ml",
            "productId": "v-blue-energy-drink-blue-guarana-spritzed-350ml",
            "productShopPage": "https://methven.store.supervalue.co.nz/lines/v-blue-energy-drink-blue-guarana-spritzed-350ml",
            "productImageURL": "https://dtgxwmigmg3gc.cloudfront.net/imagery/assets/derivations/icon/512/512/true/eyJpZCI6ImY2OTRlZGI4NjdlNWMzZDM5NzgzMDQ0ODFkMzUxZGZiIiwic3RvcmFnZSI6InB1YmxpY19zdG9yZSJ9?signature=591b3079cb9c2407a29b3bc348eaf42dc1d34daba5c9d7aba65be654725b6719",
            "productDescription": ""
        },
        "priceData": {
            "bestPrice": "3.99",
            "price": "3.99",
            "pricePerLitre": 11.399999999999999,
            "bestPricePerLitre": 11.399999999999999
        },
        "store": {
            "id": "5e75ab0660b75a521800349d",
            "name": "Methven"
        },
        "timestamp": "2021-08-16T18:41:00.765315"
    },
    {
        "productData": {
            "name": "V Energy Drink Green Guarana 350ml",
            "productId": "v-energy-drink-green-guarana-350ml",
            "productShopPage": "https://methven.store.supervalue.co.nz/lines/v-energy-drink-green-guarana-350ml",
            "productImageURL": "https://dtgxwmigmg3gc.cloudfront.net/imagery/assets/derivations/icon/512/512/true/eyJpZCI6IjRiNjY4ZjYxOTQ2ODYyN2MzM2NiZWMyNGUyNmIyODk4Iiwic3RvcmFnZSI6InB1YmxpY19zdG9yZSJ9?signature=4cded9cb42349eef45a593461f311b1bb7fa881295733879671ad9fe9887d30c",
            "productDescription": ""
        },
        "priceData": {
            "bestPrice": "3.99",
            "price": "3.99",
            "pricePerLitre": 11.399999999999999,
            "bestPricePerLitre": 11.399999999999999
        },
        "store": {
            "id": "5e75ab0660b75a521800349d",
            "name": "Methven"
        },
        "timestamp": "2021-08-16T18:41:01.652437"
    },
    {
        "productData": {
            "name": "V Energy Drink Guarana Can 250ml",
            "productId": "v-energy-drink-guarana-can-250ml",
            "productShopPage": "https://methven.store.supervalue.co.nz/lines/v-energy-drink-guarana-can-250ml",
            "productImageURL": "https://dtgxwmigmg3gc.cloudfront.net/imagery/assets/derivations/icon/512/512/true/eyJpZCI6Ijc3Nzk1NjE2ZDhhNmFiMThhYzEzODYzOTg2ZmNkNzgwIiwic3RvcmFnZSI6InB1YmxpY19zdG9yZSJ9?signature=f5de1854d43e19cc62bff86893d4a55615cd916f8425a4dccd170b52eba81255",
            "productDescription": ""
        },
        "priceData": {
            "bestPrice": "2.50",
            "price": "2.50",
            "pricePerLitre": 10.0,
            "bestPricePerLitre": 10.0
        },
        "store": {
            "id": "5e75ab0660b75a521800349d",
            "name": "Methven"
        },
        "timestamp": "2021-08-16T18:41:02.689628"
    },
    {
        "productData": {
            "name": "V Energy Drink Guarana Can 500ml",
            "productId": "v-energy-drink-guarana-can-500ml",
            "productShopPage": "https://methven.store.supervalue.co.nz/lines/v-energy-drink-guarana-can-500ml",
            "productImageURL": "https://dtgxwmigmg3gc.cloudfront.net/imagery/assets/derivations/icon/512/512/true/eyJpZCI6ImI0NjgzNGZjNDRkMjU0MjgzYzJjZGNhMzA2NWIxYjA5Iiwic3RvcmFnZSI6InB1YmxpY19zdG9yZSJ9?signature=265e8273409849423466e7623cbbdf8352940707b8830803eec391e8f32c9c5f",
            "productDescription": ""
        },
        "priceData": {
            "bestPrice": "3.60",
            "price": "3.60",
            "pricePerLitre": 7.199999999999999,
            "bestPricePerLitre": 7.199999999999999
        },
        "store": {
            "id": "5e75ab0660b75a521800349d",
            "name": "Methven"
        },
        "timestamp": "2021-08-16T18:41:03.872484"
    },
    {
        "productData": {
            "name": "V Energy Drink Sugar Free Guarana 500ml",
            "productId": "v-energy-drink-sugar-free-guarana-500ml",
            "productShopPage": "https://methven.store.supervalue.co.nz/lines/v-energy-drink-sugar-free-guarana-500ml",
            "productImageURL": "https://dtgxwmigmg3gc.cloudfront.net/imagery/assets/derivations/icon/512/512/true/eyJpZCI6Ijg4MGExMDYxOTY4NTJiYzM1ZTExMmU2MGE2OWYxNDE3Iiwic3RvcmFnZSI6InB1YmxpY19zdG9yZSJ9?signature=b0536d25b9da8158705e24c88e21fabbf85c1dabc19f18108c386e956ffd7045",
            "productDescription": ""
        },
        "priceData": {
            "bestPrice": "3.60",
            "price": "3.60",
            "pricePerLitre": 7.199999999999999,
            "bestPricePerLitre": 7.199999999999999
        },
        "store": {
            "id": "5e75ab0660b75a521800349d",
            "name": "Methven"
        },
        "timestamp": "2021-08-16T18:41:06.480798"
    },
    {
        "productData": {
            "name": "V Guarana Energy Drink Fridge Pack 10x200ml",
            "productId": "v-guarana-energy-drink-fridge-pack-10x200ml",
            "productShopPage": "https://methven.store.supervalue.co.nz/lines/v-guarana-energy-drink-fridge-pack-10x200ml",
            "productImageURL": "https://dtgxwmigmg3gc.cloudfront.net/imagery/assets/derivations/icon/512/512/true/eyJpZCI6IjBlMjAzZTJiY2QyZDVhYzQ2NGY2NzhmMDFkMmM3YjBhIiwic3RvcmFnZSI6InB1YmxpY19zdG9yZSJ9?signature=a3283c38928a5e2c367f0886f5948460cf671d41affa4dd3a2634f1621779d47",
            "productDescription": ""
        },
        "priceData": {
            "bestPrice": "15.00",
            "price": "15.00",
            "pricePerLitre": 7.5,
            "bestPricePerLitre": 7.5
        },
        "store": {
            "id": "5e75ab0660b75a521800349d",
            "name": "Methven"
        },
        "timestamp": "2021-08-16T18:41:08.481759"
    },
    {
        "productData": {
            "name": "V Blue Energy Drink Bottle 500ml",
            "productId": "v-blue-energy-drink-bottle-500ml",
            "productShopPage": "https://methven.store.supervalue.co.nz/lines/v-blue-energy-drink-bottle-500ml",
            "productImageURL": "https://dtgxwmigmg3gc.cloudfront.net/imagery/assets/derivations/icon/512/512/true/eyJpZCI6IjgyYWYxYWY4MGI4MzUxODhiYmVhZGVhM2U2NzY0MzI5Iiwic3RvcmFnZSI6InB1YmxpY19zdG9yZSJ9?signature=7e70fc576864a528a1431734d680cbf177a11b419a692dbfd34800c31b8944ec",
            "productDescription": ""
        },
        "priceData": {
            "bestPrice": "2.60",
            "price": "2.60",
            "pricePerLitre": 5.2,
            "bestPricePerLitre": 5.2
        },
        "store": {
            "id": "5e75ab0660b75a521800349d",
            "name": "Methven"
        },
        "timestamp": "2021-08-16T18:41:09.384681"
    },
    {
        "productData": {
            "name": "V Blue Sugarfree Energy Drink 500ml",
            "productId": "v-blue-sugarfree-energy-drink-500ml",
            "productShopPage": "https://methven.store.supervalue.co.nz/lines/v-blue-sugarfree-energy-drink-500ml",
            "productImageURL": "https://dtgxwmigmg3gc.cloudfront.net/imagery/assets/derivations/icon/512/512/true/eyJpZCI6ImVmYjQyOWRmM2JjZjc3NTY1ZDIwMTEyNTY0MDdmZjA1Iiwic3RvcmFnZSI6InB1YmxpY19zdG9yZSJ9?signature=2911d59474d8305039a3be3bef0f887c38d9ab84596314b13cc4b150101175ab",
            "productDescription": ""
        },
        "priceData": {
            "bestPrice": "3.60",
            "price": "3.60",
            "pricePerLitre": 7.199999999999999,
            "bestPricePerLitre": 7.199999999999999
        },
        "store": {
            "id": "5e75ab0660b75a521800349d",
            "name": "Methven"
        },
        "timestamp": "2021-08-16T18:41:10.509637"
    },
    {
        "productData": {
            "name": "V Blue Energy Drink Blue Guarana Can 250ml",
            "productId": "v-blue-energy-drink-blue-guarana-can-250ml",
            "productShopPage": "https://methven.store.supervalue.co.nz/lines/v-blue-energy-drink-blue-guarana-can-250ml",
            "productImageURL": "https://dtgxwmigmg3gc.cloudfront.net/imagery/assets/derivations/icon/512/512/true/eyJpZCI6IjBmZjQwNDEyZWQ2ZDk4YTg3YWQ2ZDUyMWZlNjM1YzJkIiwic3RvcmFnZSI6InB1YmxpY19zdG9yZSJ9?signature=8f745abe5614ec47b3d7a07f1a34ba529184a87b2a696211ba5a0f9f29c86bf0",
            "productDescription": ""
        },
        "priceData": {
            "bestPrice": "2.50",
            "price": "2.50",
            "pricePerLitre": 10.0,
            "bestPricePerLitre": 10.0
        },
        "store": {
            "id": "5e75ab0660b75a521800349d",
            "name": "Methven"
        },
        "timestamp": "2021-08-16T18:41:14.505835"
    },
    {
        "productData": {
            "name": "V Blue Energy Drink Blue Guarana Can 500ml",
            "productId": "v-blue-energy-drink-blue-guarana-can-500ml",
            "productShopPage": "https://methven.store.supervalue.co.nz/lines/v-blue-energy-drink-blue-guarana-can-500ml",
            "productImageURL": "https://dtgxwmigmg3gc.cloudfront.net/imagery/assets/derivations/icon/512/512/true/eyJpZCI6ImFmYjEyYjVjYTU2YWI5ZDJhMTVmNGY2MDg2NWFlNzgxIiwic3RvcmFnZSI6InB1YmxpY19zdG9yZSJ9?signature=b537a8cc5a2c0f90f1702b2c541db44c3a740a0ec4a96e92ab2d6537f9320e8d",
            "productDescription": ""
        },
        "priceData": {
            "bestPrice": "3.60",
            "price": "3.60",
            "pricePerLitre": 7.199999999999999,
            "bestPricePerLitre": 7.199999999999999
        },
        "store": {
            "id": "5e75ab0660b75a521800349d",
            "name": "Methven"
        },
        "timestamp": "2021-08-16T18:41:15.613866"
    },
    {
        "productData": {
            "name": "V Energy Drink Sugar Free Guarana Bottle 350ml",
            "productId": "v-energy-drink-sugar-free-guarana-bottle-350ml",
            "productShopPage": "https://methven.store.supervalue.co.nz/lines/v-energy-drink-sugar-free-guarana-bottle-350ml",
            "productImageURL": "https://dtgxwmigmg3gc.cloudfront.net/imagery/assets/derivations/icon/512/512/true/eyJpZCI6IjQzYmZlOTg1YzY2ZGQ0ZDI1YzUyZDk3MGJhMmJhMGM3Iiwic3RvcmFnZSI6InB1YmxpY19zdG9yZSJ9?signature=7a4bb3eb2264f52495ae9ba8fbf21b5a3e59e12c0d6208cfa1591261da333f55",
            "productDescription": ""
        },
        "priceData": {
            "bestPrice": "3.99",
            "price": "3.99",
            "pricePerLitre": 11.399999999999999,
            "bestPricePerLitre": 11.399999999999999
        },
        "store": {
            "id": "5e75ab0660b75a521800349d",
            "name": "Methven"
        },
        "timestamp": "2021-08-16T18:41:19.200293"
    },
    {
        "productData": {
            "name": "V Green Energy Drink 355ml 6 Pack",
            "productId": "v-green-energy-drink-355ml-6-pack",
            "productShopPage": "https://methven.store.supervalue.co.nz/lines/v-green-energy-drink-355ml-6-pack",
            "productImageURL": "https://dtgxwmigmg3gc.cloudfront.net/imagery/assets/derivations/icon/512/512/true/eyJpZCI6ImRiOTAxYjhjNGE3NzQyNTEyYTljM2M5YTI2ZmQ5MTE5Iiwic3RvcmFnZSI6InB1YmxpY19zdG9yZSJ9?signature=12de0554d72324a76472d930a39c587a4837a2f051666f744164725a96b2f104",
            "productDescription": ""
        },
        "priceData": {
            "bestPrice": "12.00",
            "price": "12.00",
            "pricePerLitre": 5.6000000000000005,
            "bestPricePerLitre": 5.6000000000000005
        },
        "store": {
            "id": "5e75ab0660b75a521800349d",
            "name": "Methven"
        },
        "timestamp": "2021-08-16T18:41:24.306032"
    },
    {
        "productData": {
            "name": "Monster Super Fuel Zero Sugar 550ml",
            "productId": "monster-super-fuel-zero-sugar-550ml",
            "productShopPage": "https://methven.store.supervalue.co.nz/lines/monster-super-fuel-zero-sugar-550ml",
            "productImageURL": "https://dtgxwmigmg3gc.cloudfront.net/imagery/assets/derivations/icon/512/512/true/eyJpZCI6IjRkOTE3NzhmODIxNDI1ZDJjNDg3Yjc0M2YyMzEyYmYxIiwic3RvcmFnZSI6InB1YmxpY19zdG9yZSJ9?signature=4b9dbd15c40f85466e597873c567f989183b284947e8c8dc4df58667789214a2",
            "productDescription": ""
        },
        "priceData": {
            "bestPrice": "3.60",
            "price": "3.60",
            "pricePerLitre": 6.5,
            "bestPricePerLitre": 6.5
        },
        "store": {
            "id": "5e75ab0660b75a521800349d",
            "name": "Methven"
        },
        "timestamp": "2021-08-16T18:41:28.036092"
    },
    {
        "productData": {
            "name": "Monster Mule Ginger Brew 500ml",
            "productId": "monster-mule-ginger-brew-500ml",
            "productShopPage": "https://methven.store.supervalue.co.nz/lines/monster-mule-ginger-brew-500ml",
            "productImageURL": "https://dtgxwmigmg3gc.cloudfront.net/imagery/assets/derivations/icon/512/512/true/eyJpZCI6ImM1OTM5MTIyZTRlNmNhNzk0ODFlMDE4ZWVmMWE2Y2ZlIiwic3RvcmFnZSI6InB1YmxpY19zdG9yZSJ9?signature=5d11287f30ef58c148e37382d61c0d83097d5461683a9aa5dd9456941c1f32e5",
            "productDescription": ""
        },
        "priceData": {
            "bestPrice": "2.60",
            "price": "2.60",
            "pricePerLitre": 5.2,
            "bestPricePerLitre": 5.2
        },
        "store": {
            "id": "5e75ab0660b75a521800349d",
            "name": "Methven"
        },
        "timestamp": "2021-08-16T18:41:28.972336"
    },
    {
        "productData": {
            "name": "Monster Super Fuel Purple Passion 550ml",
            "productId": "monster-super-fuel-purple-passion-550ml",
            "productShopPage": "https://methven.store.supervalue.co.nz/lines/monster-super-fuel-purple-passion-550ml",
            "productImageURL": "https://dtgxwmigmg3gc.cloudfront.net/imagery/assets/derivations/icon/512/512/true/eyJpZCI6IjNkMTY1OTQwMzgyOTZjZjVlMjNlNjBjMDQ3NTE1YWM0Iiwic3RvcmFnZSI6InB1YmxpY19zdG9yZSJ9?signature=4d4ccd77dab941d955a8037242a41833afdc7251d3bd5b5c4b99705770273998",
            "productDescription": ""
        },
        "priceData": {
            "bestPrice": "3.60",
            "price": "3.60",
            "pricePerLitre": 6.5,
            "bestPricePerLitre": 6.5
        },
        "store": {
            "id": "5e75ab0660b75a521800349d",
            "name": "Methven"
        },
        "timestamp": "2021-08-16T18:41:31.465742"
    },
    {
        "productData": {
            "name": "Monster Energy Pipeline Punch 500ml",
            "productId": "monster-energy-pipeline-punch-500ml",
            "productShopPage": "https://methven.store.supervalue.co.nz/lines/monster-energy-pipeline-punch-500ml",
            "productImageURL": "https://dtgxwmigmg3gc.cloudfront.net/imagery/assets/derivations/icon/512/512/true/eyJpZCI6IjM3ZWY2OTY5OWFlNTJlZTRjNTY1ZmFmYWIwOTIxMjg4Iiwic3RvcmFnZSI6InB1YmxpY19zdG9yZSJ9?signature=79ed6699c35bd716a9d5d9457c39ce62c523edaa4059b6b45d4dcc7caf65cef9",
            "productDescription": ""
        },
        "priceData": {
            "bestPrice": "2.60",
            "price": "2.60",
            "pricePerLitre": 5.2,
            "bestPricePerLitre": 5.2
        },
        "store": {
            "id": "5e75ab0660b75a521800349d",
            "name": "Methven"
        },
        "timestamp": "2021-08-16T18:41:32.535425"
    },
    {
        "productData": {
            "name": "V Guarana Energy Drink Blue Sugarfree 250ml",
            "productId": "v-blue-sugarfree-energy-drink-250ml",
            "productShopPage": "https://methven.store.supervalue.co.nz/lines/v-blue-sugarfree-energy-drink-250ml",
            "productImageURL": "https://dtgxwmigmg3gc.cloudfront.net/imagery/assets/derivations/icon/512/512/true/eyJpZCI6IjI3YWJiOTVhYjNhMjEwMDU2MWJhMmRhNTM3YjRhZjVmIiwic3RvcmFnZSI6InB1YmxpY19zdG9yZSJ9?signature=66769306ca1d0ba674603954d338186dc999f6d1839090d49fde9416b3252365",
            "productDescription": ""
        },
        "priceData": {
            "bestPrice": "2.50",
            "price": "2.50",
            "pricePerLitre": 10.0,
            "bestPricePerLitre": 10.0
        },
        "store": {
            "id": "5e75ab0660b75a521800349d",
            "name": "Methven"
        },
        "timestamp": "2021-08-16T18:41:36.071973"
    },
    {
        "productData": {
            "name": "Live Plus Energy Drink Persist Glass 355ml",
            "productId": "live-plus-energy-drink-persist-glass-355ml",
            "productShopPage": "https://methven.store.supervalue.co.nz/lines/live-plus-energy-drink-persist-glass-355ml",
            "productImageURL": "https://dtgxwmigmg3gc.cloudfront.net/imagery/assets/derivations/icon/512/512/true/eyJpZCI6IjBiMjhiZTQ0NDk1ODBiZWI4NDRkY2JhM2MxZDdhOTMwIiwic3RvcmFnZSI6InB1YmxpY19zdG9yZSJ9?signature=62025738d86469fbbd64cd53b03b4beee6372d1fbd30b8a9c5708ffdafeebf0d",
            "productDescription": ""
        },
        "priceData": {
            "bestPrice": "2.10",
            "price": "2.10",
            "pricePerLitre": 5.8999999999999995,
            "bestPricePerLitre": 5.8999999999999995
        },
        "store": {
            "id": "5e75ab0660b75a521800349d",
            "name": "Methven"
        },
        "timestamp": "2021-08-16T18:41:39.545502"
    },
    {
        "productData": {
            "name": "Mother Kicked Apple 500ml",
            "productId": "mother-kicked-apple-500ml",
            "productShopPage": "https://milton.store.supervalue.co.nz/lines/mother-kicked-apple-500ml",
            "productImageURL": "https://dtgxwmigmg3gc.cloudfront.net/imagery/assets/derivations/icon/512/512/true/eyJpZCI6IjNhZTlkYjkwYTM4MDFjMGEwYjUwYThhMDAwYjkyZjM0Iiwic3RvcmFnZSI6InB1YmxpY19zdG9yZSJ9?signature=c1a1db0a5d7b074c388cf08560fd44a4a2b6127821554198e54eeea8474325f6",
            "productDescription": ""
        },
        "priceData": {
            "bestPrice": "2.20",
            "price": "2.20",
            "pricePerLitre": 4.4,
            "bestPricePerLitre": 4.4
        },
        "store": {
            "id": "5e75aaa26d8e6910a300272c",
            "name": "Milton"
        },
        "timestamp": "2021-08-16T18:41:44.922118"
    },
    {
        "productData": {
            "name": "Monster Energy Ultra Paradise 500ml",
            "productId": "monster-energy-drink-ultra-paradise-500ml",
            "productShopPage": "https://milton.store.supervalue.co.nz/lines/monster-energy-drink-ultra-paradise-500ml",
            "productImageURL": "https://dtgxwmigmg3gc.cloudfront.net/imagery/assets/derivations/icon/512/512/true/eyJpZCI6ImZiZDRkZTQxNzA0M2FiYTUyMjMwZWI0NTcyZGNmYTE1Iiwic3RvcmFnZSI6InB1YmxpY19zdG9yZSJ9?signature=8a439bf26b71114289dfea1720ed331b1e4784c534deade29db8ac38b1cc7c1a",
            "productDescription": ""
        },
        "priceData": {
            "bestPrice": "2.60",
            "price": "2.60",
            "pricePerLitre": 5.2,
            "bestPricePerLitre": 5.2
        },
        "store": {
            "id": "5e75aaa26d8e6910a300272c",
            "name": "Milton"
        },
        "timestamp": "2021-08-16T18:41:47.626242"
    },
    {
        "productData": {
            "name": "Monster Energy Ultra Sunrise 500ml",
            "productId": "monster-energy-ultra-sunrise-500ml",
            "productShopPage": "https://milton.store.supervalue.co.nz/lines/monster-energy-ultra-sunrise-500ml",
            "productImageURL": "https://dtgxwmigmg3gc.cloudfront.net/imagery/assets/derivations/icon/512/512/true/eyJpZCI6ImFlNTVkY2RiZTZiZjg3OGZjZTdlOTU1OTFhMDE4YTdiIiwic3RvcmFnZSI6InB1YmxpY19zdG9yZSJ9?signature=b98350feca08b6ab128cc925fef23a58f65a36f94ede15cb2174f6f88a0f8a0f",
            "productDescription": ""
        },
        "priceData": {
            "bestPrice": "2.60",
            "price": "2.60",
            "pricePerLitre": 5.2,
            "bestPricePerLitre": 5.2
        },
        "store": {
            "id": "5e75aaa26d8e6910a300272c",
            "name": "Milton"
        },
        "timestamp": "2021-08-16T18:41:48.500495"
    },
    {
        "productData": {
            "name": "Monster Energy Ultra Zero 500ml",
            "productId": "monster-energy-ultra-zero-500ml",
            "productShopPage": "https://milton.store.supervalue.co.nz/lines/monster-energy-ultra-zero-500ml",
            "productImageURL": "https://dtgxwmigmg3gc.cloudfront.net/imagery/assets/derivations/icon/512/512/true/eyJpZCI6IjdhN2FhYTUwZWU2NTYwYjBiNGY1NThhMTgwNmVlODI3Iiwic3RvcmFnZSI6InB1YmxpY19zdG9yZSJ9?signature=7907c49ba7d043175a426f84a71776de7dd51fa5c249237063aca9cb098abdbe",
            "productDescription": ""
        },
        "priceData": {
            "bestPrice": "2.60",
            "price": "2.60",
            "pricePerLitre": 5.2,
            "bestPricePerLitre": 5.2
        },
        "store": {
            "id": "5e75aaa26d8e6910a300272c",
            "name": "Milton"
        },
        "timestamp": "2021-08-16T18:41:49.546133"
    },
    {
        "productData": {
            "name": "Monster Energy Drink Can Green 500ml",
            "productId": "monster-energy-green-500ml",
            "productShopPage": "https://milton.store.supervalue.co.nz/lines/monster-energy-green-500ml",
            "productImageURL": "https://dtgxwmigmg3gc.cloudfront.net/imagery/assets/derivations/icon/512/512/true/eyJpZCI6ImU3ZjNiNjJiNzI4Y2M0MTIxMjhiNjQ2ZmQ2OTQzMGEzIiwic3RvcmFnZSI6InB1YmxpY19zdG9yZSJ9?signature=637eac56411f57a79f345ea693f1418330d5742c3a04caddb460696dba06da06",
            "productDescription": ""
        },
        "priceData": {
            "bestPrice": "2.60",
            "price": "2.60",
            "pricePerLitre": 5.2,
            "bestPricePerLitre": 5.2
        },
        "store": {
            "id": "5e75aaa26d8e6910a300272c",
            "name": "Milton"
        },
        "timestamp": "2021-08-16T18:41:50.465401"
    },
    {
        "productData": {
            "name": "Mother Energy Drink Berry 500ml",
            "productId": "mother-energy-drink-berry-500ml",
            "productShopPage": "https://milton.store.supervalue.co.nz/lines/mother-energy-drink-berry-500ml",
            "productImageURL": "https://dtgxwmigmg3gc.cloudfront.net/imagery/assets/derivations/icon/512/512/true/eyJpZCI6ImRhYTJlNjUzNzRjZjViNjI0ZDljNzUzNDA3YmE0ZDFkIiwic3RvcmFnZSI6InB1YmxpY19zdG9yZSJ9?signature=d9ffb465d71d599811c2ff7a788845bfe297eb3624ad7866a89cf0b3ece073f0",
            "productDescription": ""
        },
        "priceData": {
            "bestPrice": "2.20",
            "price": "2.20",
            "pricePerLitre": 4.4,
            "bestPricePerLitre": 4.4
        },
        "store": {
            "id": "5e75aaa26d8e6910a300272c",
            "name": "Milton"
        },
        "timestamp": "2021-08-16T18:41:54.373719"
    },
    {
        "productData": {
            "name": "Mother Energy Drink Black 500ml",
            "productId": "mother-energy-drink-black-500ml",
            "productShopPage": "https://milton.store.supervalue.co.nz/lines/mother-energy-drink-black-500ml",
            "productImageURL": "https://dtgxwmigmg3gc.cloudfront.net/imagery/assets/derivations/icon/512/512/true/eyJpZCI6ImYyMzA5MjhkYjg3ODFhYmYzZDU3ZjE1YjNmYzU2MWFjIiwic3RvcmFnZSI6InB1YmxpY19zdG9yZSJ9?signature=d3dbddb83d3d457075cd5d8936bef0c5b48fce4fa3fe725995d8b6d57219ceb5",
            "productDescription": ""
        },
        "priceData": {
            "bestPrice": "2.20",
            "price": "2.20",
            "pricePerLitre": 4.4,
            "bestPricePerLitre": 4.4
        },
        "store": {
            "id": "5e75aaa26d8e6910a300272c",
            "name": "Milton"
        },
        "timestamp": "2021-08-16T18:41:55.293656"
    },
    {
        "productData": {
            "name": "Mother Energy Drink Passion 500ml",
            "productId": "mother-energy-drink-passion-500ml",
            "productShopPage": "https://milton.store.supervalue.co.nz/lines/mother-energy-drink-passion-500ml",
            "productImageURL": "https://dtgxwmigmg3gc.cloudfront.net/imagery/assets/derivations/icon/512/512/true/eyJpZCI6ImQwODE2YTc4ZjBmNGU4NTU5Mzg1YjkxZmI5YjIzZjM0Iiwic3RvcmFnZSI6InB1YmxpY19zdG9yZSJ9?signature=713c495fef96a6427b917f0c7c7e855a963749ac5c1bf7dfd71e24ae08ea3123",
            "productDescription": ""
        },
        "priceData": {
            "bestPrice": "2.20",
            "price": "2.20",
            "pricePerLitre": 4.4,
            "bestPricePerLitre": 4.4
        },
        "store": {
            "id": "5e75aaa26d8e6910a300272c",
            "name": "Milton"
        },
        "timestamp": "2021-08-16T18:41:57.008071"
    },
    {
        "productData": {
            "name": "Mother Tropical Blast 500ml",
            "productId": "mother-tropical-blast-500ml",
            "productShopPage": "https://milton.store.supervalue.co.nz/lines/mother-tropical-blast-500ml",
            "productImageURL": "https://dtgxwmigmg3gc.cloudfront.net/imagery/assets/derivations/icon/512/512/true/eyJpZCI6ImEyZmM1OTUwNDhlODM5YTRhMjQ2MTI1OGEyYzNlZWZhIiwic3RvcmFnZSI6InB1YmxpY19zdG9yZSJ9?signature=6c9470ee4067e8ec32b58eeac9d628404d3986058a9b1cdef46014d1bee50944",
            "productDescription": ""
        },
        "priceData": {
            "bestPrice": "2.20",
            "price": "2.20",
            "pricePerLitre": 4.4,
            "bestPricePerLitre": 4.4
        },
        "store": {
            "id": "5e75aaa26d8e6910a300272c",
            "name": "Milton"
        },
        "timestamp": "2021-08-16T18:41:59.032538"
    },
    {
        "productData": {
            "name": "Mother Can Energy 250ml",
            "productId": "mother-can-energy-250ml",
            "productShopPage": "https://milton.store.supervalue.co.nz/lines/mother-can-energy-250ml",
            "productImageURL": "https://dtgxwmigmg3gc.cloudfront.net/imagery/assets/derivations/icon/512/512/true/eyJpZCI6IjVhOTg3YmMxMjJjMGU2MTcxY2VhNzRjMmY0YzdmNDc2Iiwic3RvcmFnZSI6InB1YmxpY19zdG9yZSJ9?signature=b86ce206a3fb5a708e03da17f785e4d2d6e9436aae122f10ca04f56e5325a61f",
            "productDescription": ""
        },
        "priceData": {
            "bestPrice": "2.50",
            "price": "2.50"
        },
        "store": {
            "id": "5e75aaa26d8e6910a300272c",
            "name": "Milton"
        },
        "timestamp": "2021-08-16T18:42:00.035168"
    },
    {
        "productData": {
            "name": "V Energy Drink Guarana 500ml",
            "productId": "v-energy-drink-guarana-500ml",
            "productShopPage": "https://milton.store.supervalue.co.nz/lines/v-energy-drink-guarana-500ml",
            "productImageURL": "https://dtgxwmigmg3gc.cloudfront.net/imagery/assets/derivations/icon/512/512/true/eyJpZCI6IjgzZDAxMjhiMzg4NmEwZmE4YTE2ZjY2NWIzNmM2NzI2Iiwic3RvcmFnZSI6InB1YmxpY19zdG9yZSJ9?signature=f55ecc561066291a4e74a967db35ea2355f881bd1708bf400fd790032384ae4f",
            "productDescription": ""
        },
        "priceData": {
            "bestPrice": "2.60",
            "price": "2.60",
            "pricePerLitre": 5.2,
            "bestPricePerLitre": 5.2
        },
        "store": {
            "id": "5e75aaa26d8e6910a300272c",
            "name": "Milton"
        },
        "timestamp": "2021-08-16T18:42:03.851200"
    },
    {
        "productData": {
            "name": "V Energy Drink Sugarfree 500ml",
            "productId": "v-energy-drink-sugarfree-500ml",
            "productShopPage": "https://milton.store.supervalue.co.nz/lines/v-energy-drink-sugarfree-500ml",
            "productImageURL": "https://dtgxwmigmg3gc.cloudfront.net/imagery/assets/derivations/icon/512/512/true/eyJpZCI6ImVkZTAxNTNmMDI1NmU1NDZjNWQ5MTc3MjE3ZTQ3YTQ0Iiwic3RvcmFnZSI6InB1YmxpY19zdG9yZSJ9?signature=abcf72d9faa9ee3044eaa3b7ee0bf9b4fd8f582379018d8727f2234b7d3f3c85",
            "productDescription": ""
        },
        "priceData": {
            "bestPrice": "2.60",
            "price": "2.60",
            "pricePerLitre": 5.2,
            "bestPricePerLitre": 5.2
        },
        "store": {
            "id": "5e75aaa26d8e6910a300272c",
            "name": "Milton"
        },
        "timestamp": "2021-08-16T18:42:04.906579"
    },
    {
        "productData": {
            "name": "V Energy Drink Sugar Free Guarana 250ml",
            "productId": "v-energy-drink-sugar-free-guarana-250ml",
            "productShopPage": "https://milton.store.supervalue.co.nz/lines/v-energy-drink-sugar-free-guarana-250ml",
            "productImageURL": "https://dtgxwmigmg3gc.cloudfront.net/imagery/assets/derivations/icon/512/512/true/eyJpZCI6ImZiNzM1NmU4NTMyZDllODlkZTljZmNlOGY2MzQ5NGQwIiwic3RvcmFnZSI6InB1YmxpY19zdG9yZSJ9?signature=72b0ce0a48ca796717c115fe5e8b4564501470f63bf80ae865d26e9d131a2b8c",
            "productDescription": ""
        },
        "priceData": {
            "bestPrice": "2.50",
            "price": "2.50",
            "pricePerLitre": 10.0,
            "bestPricePerLitre": 10.0
        },
        "store": {
            "id": "5e75aaa26d8e6910a300272c",
            "name": "Milton"
        },
        "timestamp": "2021-08-16T18:42:06.111518"
    },
    {
        "productData": {
            "name": "V Energy Drink Blue Guarana Spritzed 350ml",
            "productId": "v-blue-energy-drink-blue-guarana-spritzed-350ml",
            "productShopPage": "https://milton.store.supervalue.co.nz/lines/v-blue-energy-drink-blue-guarana-spritzed-350ml",
            "productImageURL": "https://dtgxwmigmg3gc.cloudfront.net/imagery/assets/derivations/icon/512/512/true/eyJpZCI6ImY2OTRlZGI4NjdlNWMzZDM5NzgzMDQ0ODFkMzUxZGZiIiwic3RvcmFnZSI6InB1YmxpY19zdG9yZSJ9?signature=591b3079cb9c2407a29b3bc348eaf42dc1d34daba5c9d7aba65be654725b6719",
            "productDescription": ""
        },
        "priceData": {
            "bestPrice": "3.79",
            "price": "3.79",
            "pricePerLitre": 10.8,
            "bestPricePerLitre": 10.8
        },
        "store": {
            "id": "5e75aaa26d8e6910a300272c",
            "name": "Milton"
        },
        "timestamp": "2021-08-16T18:42:07.857201"
    },
    {
        "productData": {
            "name": "V Energy Drink Green Guarana 350ml",
            "productId": "v-energy-drink-green-guarana-350ml",
            "productShopPage": "https://milton.store.supervalue.co.nz/lines/v-energy-drink-green-guarana-350ml",
            "productImageURL": "https://dtgxwmigmg3gc.cloudfront.net/imagery/assets/derivations/icon/512/512/true/eyJpZCI6IjRiNjY4ZjYxOTQ2ODYyN2MzM2NiZWMyNGUyNmIyODk4Iiwic3RvcmFnZSI6InB1YmxpY19zdG9yZSJ9?signature=4cded9cb42349eef45a593461f311b1bb7fa881295733879671ad9fe9887d30c",
            "productDescription": ""
        },
        "priceData": {
            "bestPrice": "3.79",
            "price": "3.79",
            "pricePerLitre": 10.8,
            "bestPricePerLitre": 10.8
        },
        "store": {
            "id": "5e75aaa26d8e6910a300272c",
            "name": "Milton"
        },
        "timestamp": "2021-08-16T18:42:08.783668"
    },
    {
        "productData": {
            "name": "V Energy Drink Guarana Can 250ml",
            "productId": "v-energy-drink-guarana-can-250ml",
            "productShopPage": "https://milton.store.supervalue.co.nz/lines/v-energy-drink-guarana-can-250ml",
            "productImageURL": "https://dtgxwmigmg3gc.cloudfront.net/imagery/assets/derivations/icon/512/512/true/eyJpZCI6Ijc3Nzk1NjE2ZDhhNmFiMThhYzEzODYzOTg2ZmNkNzgwIiwic3RvcmFnZSI6InB1YmxpY19zdG9yZSJ9?signature=f5de1854d43e19cc62bff86893d4a55615cd916f8425a4dccd170b52eba81255",
            "productDescription": ""
        },
        "priceData": {
            "bestPrice": "2.50",
            "price": "2.50",
            "pricePerLitre": 10.0,
            "bestPricePerLitre": 10.0
        },
        "store": {
            "id": "5e75aaa26d8e6910a300272c",
            "name": "Milton"
        },
        "timestamp": "2021-08-16T18:42:09.737508"
    },
    {
        "productData": {
            "name": "V Energy Drink Guarana Can 500ml",
            "productId": "v-energy-drink-guarana-can-500ml",
            "productShopPage": "https://milton.store.supervalue.co.nz/lines/v-energy-drink-guarana-can-500ml",
            "productImageURL": "https://dtgxwmigmg3gc.cloudfront.net/imagery/assets/derivations/icon/512/512/true/eyJpZCI6ImI0NjgzNGZjNDRkMjU0MjgzYzJjZGNhMzA2NWIxYjA5Iiwic3RvcmFnZSI6InB1YmxpY19zdG9yZSJ9?signature=265e8273409849423466e7623cbbdf8352940707b8830803eec391e8f32c9c5f",
            "productDescription": ""
        },
        "priceData": {
            "bestPrice": "3.60",
            "price": "3.60",
            "pricePerLitre": 7.199999999999999,
            "bestPricePerLitre": 7.199999999999999
        },
        "store": {
            "id": "5e75aaa26d8e6910a300272c",
            "name": "Milton"
        },
        "timestamp": "2021-08-16T18:42:10.658077"
    },
    {
        "productData": {
            "name": "V Energy Drink Raspberry Lemonade 350ml",
            "productId": "v-energy-drink-raspberry-lemonade-350ml",
            "productShopPage": "https://milton.store.supervalue.co.nz/lines/v-energy-drink-raspberry-lemonade-350ml",
            "productImageURL": "https://dtgxwmigmg3gc.cloudfront.net/imagery/assets/derivations/icon/512/512/true/eyJpZCI6IjliNWMwMGJkN2IxYWRhY2UxNzU5NzY1ZTI4MjUzZDgyIiwic3RvcmFnZSI6InB1YmxpY19zdG9yZSJ9?signature=1813e587f3636e394a15aa9e19234f9343024a6880220b0dda0a5d69b1f1c010",
            "productDescription": ""
        },
        "priceData": {
            "bestPrice": "3.79",
            "price": "3.79",
            "pricePerLitre": 10.8,
            "bestPricePerLitre": 10.8
        },
        "store": {
            "id": "5e75aaa26d8e6910a300272c",
            "name": "Milton"
        },
        "timestamp": "2021-08-16T18:42:12.429317"
    },
    {
        "productData": {
            "name": "V Energy Drink Sugar Free Guarana 500ml",
            "productId": "v-energy-drink-sugar-free-guarana-500ml",
            "productShopPage": "https://milton.store.supervalue.co.nz/lines/v-energy-drink-sugar-free-guarana-500ml",
            "productImageURL": "https://dtgxwmigmg3gc.cloudfront.net/imagery/assets/derivations/icon/512/512/true/eyJpZCI6Ijg4MGExMDYxOTY4NTJiYzM1ZTExMmU2MGE2OWYxNDE3Iiwic3RvcmFnZSI6InB1YmxpY19zdG9yZSJ9?signature=b0536d25b9da8158705e24c88e21fabbf85c1dabc19f18108c386e956ffd7045",
            "productDescription": ""
        },
        "priceData": {
            "bestPrice": "3.60",
            "price": "3.60",
            "pricePerLitre": 7.199999999999999,
            "bestPricePerLitre": 7.199999999999999
        },
        "store": {
            "id": "5e75aaa26d8e6910a300272c",
            "name": "Milton"
        },
        "timestamp": "2021-08-16T18:42:13.556825"
    },
    {
        "productData": {
            "name": "V Energy Drink Skills Cans 275ml 4 Pack",
            "productId": "v-energy-drink-skills-cans-275ml-4-pack",
            "productShopPage": "https://milton.store.supervalue.co.nz/lines/v-energy-drink-skills-cans-275ml-4-pack",
            "productImageURL": "https://dtgxwmigmg3gc.cloudfront.net/imagery/assets/derivations/icon/512/512/true/eyJpZCI6ImZhMzA2N2NiM2YxMmVkM2ZhZjhhYmM4OGE1YTJhNzczIiwic3RvcmFnZSI6InB1YmxpY19zdG9yZSJ9?signature=34fcde8f5a021036c475a1dfff6748625e0747bb134ec737312b15bbe8e883eb",
            "productDescription": ""
        },
        "priceData": {
            "bestPrice": "8.00",
            "price": "8.00",
            "pricePerLitre": 7.3,
            "bestPricePerLitre": 7.3
        },
        "store": {
            "id": "5e75aaa26d8e6910a300272c",
            "name": "Milton"
        },
        "timestamp": "2021-08-16T18:42:15.004282"
    },
    {
        "productData": {
            "name": "V Blue Energy Drink Bottle 500ml",
            "productId": "v-blue-energy-drink-bottle-500ml",
            "productShopPage": "https://milton.store.supervalue.co.nz/lines/v-blue-energy-drink-bottle-500ml",
            "productImageURL": "https://dtgxwmigmg3gc.cloudfront.net/imagery/assets/derivations/icon/512/512/true/eyJpZCI6IjgyYWYxYWY4MGI4MzUxODhiYmVhZGVhM2U2NzY0MzI5Iiwic3RvcmFnZSI6InB1YmxpY19zdG9yZSJ9?signature=7e70fc576864a528a1431734d680cbf177a11b419a692dbfd34800c31b8944ec",
            "productDescription": ""
        },
        "priceData": {
            "bestPrice": "2.60",
            "price": "2.60",
            "pricePerLitre": 5.2,
            "bestPricePerLitre": 5.2
        },
        "store": {
            "id": "5e75aaa26d8e6910a300272c",
            "name": "Milton"
        },
        "timestamp": "2021-08-16T18:42:16.884726"
    },
    {
        "productData": {
            "name": "V Raspberry Lemonade Energy Drink 500ml",
            "productId": "v-energy-drink-raspberry-lemonade-500ml-can",
            "productShopPage": "https://milton.store.supervalue.co.nz/lines/v-energy-drink-raspberry-lemonade-500ml-can",
            "productImageURL": "https://dtgxwmigmg3gc.cloudfront.net/imagery/assets/derivations/icon/512/512/true/eyJpZCI6ImE3N2Y5NzBmY2FhOWZhYmZiOTc3MmYyMzE4MGRiOTcxIiwic3RvcmFnZSI6InB1YmxpY19zdG9yZSJ9?signature=2bb7890fe6d7b0c0c6a522be31c78077be0aa570ca4c8aa5549ccf80761262dc",
            "productDescription": ""
        },
        "priceData": {
            "bestPrice": "3.60",
            "price": "3.60",
            "pricePerLitre": 7.199999999999999,
            "bestPricePerLitre": 7.199999999999999
        },
        "store": {
            "id": "5e75aaa26d8e6910a300272c",
            "name": "Milton"
        },
        "timestamp": "2021-08-16T18:42:18.805614"
    },
    {
        "productData": {
            "name": "V Blue Energy Drink Blue Guarana Can 250ml",
            "productId": "v-blue-energy-drink-blue-guarana-can-250ml",
            "productShopPage": "https://milton.store.supervalue.co.nz/lines/v-blue-energy-drink-blue-guarana-can-250ml",
            "productImageURL": "https://dtgxwmigmg3gc.cloudfront.net/imagery/assets/derivations/icon/512/512/true/eyJpZCI6IjBmZjQwNDEyZWQ2ZDk4YTg3YWQ2ZDUyMWZlNjM1YzJkIiwic3RvcmFnZSI6InB1YmxpY19zdG9yZSJ9?signature=8f745abe5614ec47b3d7a07f1a34ba529184a87b2a696211ba5a0f9f29c86bf0",
            "productDescription": ""
        },
        "priceData": {
            "bestPrice": "2.50",
            "price": "2.50",
            "pricePerLitre": 10.0,
            "bestPricePerLitre": 10.0
        },
        "store": {
            "id": "5e75aaa26d8e6910a300272c",
            "name": "Milton"
        },
        "timestamp": "2021-08-16T18:42:21.683893"
    },
    {
        "productData": {
            "name": "V Blue Energy Drink Blue Guarana Can 500ml",
            "productId": "v-blue-energy-drink-blue-guarana-can-500ml",
            "productShopPage": "https://milton.store.supervalue.co.nz/lines/v-blue-energy-drink-blue-guarana-can-500ml",
            "productImageURL": "https://dtgxwmigmg3gc.cloudfront.net/imagery/assets/derivations/icon/512/512/true/eyJpZCI6ImFmYjEyYjVjYTU2YWI5ZDJhMTVmNGY2MDg2NWFlNzgxIiwic3RvcmFnZSI6InB1YmxpY19zdG9yZSJ9?signature=b537a8cc5a2c0f90f1702b2c541db44c3a740a0ec4a96e92ab2d6537f9320e8d",
            "productDescription": ""
        },
        "priceData": {
            "bestPrice": "3.60",
            "price": "3.60",
            "pricePerLitre": 7.199999999999999,
            "bestPricePerLitre": 7.199999999999999
        },
        "store": {
            "id": "5e75aaa26d8e6910a300272c",
            "name": "Milton"
        },
        "timestamp": "2021-08-16T18:42:23.222173"
    },
    {
        "productData": {
            "name": "V Energy Drink Sugar Free Guarana Bottle 350ml",
            "productId": "v-energy-drink-sugar-free-guarana-bottle-350ml",
            "productShopPage": "https://milton.store.supervalue.co.nz/lines/v-energy-drink-sugar-free-guarana-bottle-350ml",
            "productImageURL": "https://dtgxwmigmg3gc.cloudfront.net/imagery/assets/derivations/icon/512/512/true/eyJpZCI6IjQzYmZlOTg1YzY2ZGQ0ZDI1YzUyZDk3MGJhMmJhMGM3Iiwic3RvcmFnZSI6InB1YmxpY19zdG9yZSJ9?signature=7a4bb3eb2264f52495ae9ba8fbf21b5a3e59e12c0d6208cfa1591261da333f55",
            "productDescription": ""
        },
        "priceData": {
            "bestPrice": "3.79",
            "price": "3.79",
            "pricePerLitre": 10.8,
            "bestPricePerLitre": 10.8
        },
        "store": {
            "id": "5e75aaa26d8e6910a300272c",
            "name": "Milton"
        },
        "timestamp": "2021-08-16T18:42:27.670111"
    },
    {
        "productData": {
            "name": "Monster Super Fuel Zero Sugar 550ml",
            "productId": "monster-super-fuel-zero-sugar-550ml",
            "productShopPage": "https://milton.store.supervalue.co.nz/lines/monster-super-fuel-zero-sugar-550ml",
            "productImageURL": "https://dtgxwmigmg3gc.cloudfront.net/imagery/assets/derivations/icon/512/512/true/eyJpZCI6IjRkOTE3NzhmODIxNDI1ZDJjNDg3Yjc0M2YyMzEyYmYxIiwic3RvcmFnZSI6InB1YmxpY19zdG9yZSJ9?signature=4b9dbd15c40f85466e597873c567f989183b284947e8c8dc4df58667789214a2",
            "productDescription": ""
        },
        "priceData": {
            "bestPrice": "3.60",
            "price": "3.60",
            "pricePerLitre": 6.5,
            "bestPricePerLitre": 6.5
        },
        "store": {
            "id": "5e75aaa26d8e6910a300272c",
            "name": "Milton"
        },
        "timestamp": "2021-08-16T18:42:36.176009"
    },
    {
        "productData": {
            "name": "Monster Mule Ginger Brew 500ml",
            "productId": "monster-mule-ginger-brew-500ml",
            "productShopPage": "https://milton.store.supervalue.co.nz/lines/monster-mule-ginger-brew-500ml",
            "productImageURL": "https://dtgxwmigmg3gc.cloudfront.net/imagery/assets/derivations/icon/512/512/true/eyJpZCI6ImM1OTM5MTIyZTRlNmNhNzk0ODFlMDE4ZWVmMWE2Y2ZlIiwic3RvcmFnZSI6InB1YmxpY19zdG9yZSJ9?signature=5d11287f30ef58c148e37382d61c0d83097d5461683a9aa5dd9456941c1f32e5",
            "productDescription": ""
        },
        "priceData": {
            "bestPrice": "2.60",
            "price": "2.60",
            "pricePerLitre": 5.2,
            "bestPricePerLitre": 5.2
        },
        "store": {
            "id": "5e75aaa26d8e6910a300272c",
            "name": "Milton"
        },
        "timestamp": "2021-08-16T18:42:37.466235"
    },
    {
        "productData": {
            "name": "Monster Super Fuel Purple Passion 550ml",
            "productId": "monster-super-fuel-purple-passion-550ml",
            "productShopPage": "https://milton.store.supervalue.co.nz/lines/monster-super-fuel-purple-passion-550ml",
            "productImageURL": "https://dtgxwmigmg3gc.cloudfront.net/imagery/assets/derivations/icon/512/512/true/eyJpZCI6IjNkMTY1OTQwMzgyOTZjZjVlMjNlNjBjMDQ3NTE1YWM0Iiwic3RvcmFnZSI6InB1YmxpY19zdG9yZSJ9?signature=4d4ccd77dab941d955a8037242a41833afdc7251d3bd5b5c4b99705770273998",
            "productDescription": ""
        },
        "priceData": {
            "bestPrice": "3.60",
            "price": "3.60",
            "pricePerLitre": 6.5,
            "bestPricePerLitre": 6.5
        },
        "store": {
            "id": "5e75aaa26d8e6910a300272c",
            "name": "Milton"
        },
        "timestamp": "2021-08-16T18:42:40.207893"
    },
    {
        "productData": {
            "name": "Monster Energy Pipeline Punch 500ml",
            "productId": "monster-energy-pipeline-punch-500ml",
            "productShopPage": "https://milton.store.supervalue.co.nz/lines/monster-energy-pipeline-punch-500ml",
            "productImageURL": "https://dtgxwmigmg3gc.cloudfront.net/imagery/assets/derivations/icon/512/512/true/eyJpZCI6IjM3ZWY2OTY5OWFlNTJlZTRjNTY1ZmFmYWIwOTIxMjg4Iiwic3RvcmFnZSI6InB1YmxpY19zdG9yZSJ9?signature=79ed6699c35bd716a9d5d9457c39ce62c523edaa4059b6b45d4dcc7caf65cef9",
            "productDescription": ""
        },
        "priceData": {
            "bestPrice": "2.60",
            "price": "2.60",
            "pricePerLitre": 5.2,
            "bestPricePerLitre": 5.2
        },
        "store": {
            "id": "5e75aaa26d8e6910a300272c",
            "name": "Milton"
        },
        "timestamp": "2021-08-16T18:42:41.302079"
    },
    {
        "productData": {
            "name": "Live Plus Energy Drink Citrus Flavour 500ml",
            "productId": "live-plus-persist-500ml",
            "productShopPage": "https://milton.store.supervalue.co.nz/lines/live-plus-persist-500ml",
            "productImageURL": "https://dtgxwmigmg3gc.cloudfront.net/imagery/assets/derivations/icon/512/512/true/eyJpZCI6IjFlNWQ5YzI4OWM1N2UzNmYzZmI2NThlMDQzZTI3ZjE4Iiwic3RvcmFnZSI6InB1YmxpY19zdG9yZSJ9?signature=756b17fefe47174b90e7dbec8cd09db27f9f59f4994bc750b71256ae93ba9fa8",
            "productDescription": ""
        },
        "priceData": {
            "bestPrice": "2.20",
            "price": "2.20",
            "pricePerLitre": 4.4,
            "bestPricePerLitre": 4.4
        },
        "store": {
            "id": "5e75aaa26d8e6910a300272c",
            "name": "Milton"
        },
        "timestamp": "2021-08-16T18:42:42.200940"
    },
    {
        "productData": {
            "name": "Rockstar Punched Energy Guava 500ml",
            "productId": "rockstar-punched-energy-guava-500ml",
            "productShopPage": "https://milton.store.supervalue.co.nz/lines/rockstar-punched-energy-guava-500ml",
            "productImageURL": "https://dtgxwmigmg3gc.cloudfront.net/imagery/assets/derivations/icon/512/512/true/eyJpZCI6IjBmNGEyNjU2MGQwM2Y4OGI4MWE3ZTMyODUzYTRlN2QyIiwic3RvcmFnZSI6InB1YmxpY19zdG9yZSJ9?signature=fab45ac774e74d87cf7a79de075f47290676fd6d4afcf212198c745670d5ce29",
            "productDescription": ""
        },
        "priceData": {
            "bestPrice": "2.20",
            "price": "2.20",
            "pricePerLitre": 4.4,
            "bestPricePerLitre": 4.4
        },
        "store": {
            "id": "5e75aaa26d8e6910a300272c",
            "name": "Milton"
        },
        "timestamp": "2021-08-16T18:42:51.023550"
    },
    {
        "productData": {
            "name": "Mother Kicked Apple 500ml",
            "productId": "mother-kicked-apple-500ml",
            "productShopPage": "https://otautau.store.supervalue.co.nz/lines/mother-kicked-apple-500ml",
            "productImageURL": "https://dtgxwmigmg3gc.cloudfront.net/imagery/assets/derivations/icon/512/512/true/eyJpZCI6IjNhZTlkYjkwYTM4MDFjMGEwYjUwYThhMDAwYjkyZjM0Iiwic3RvcmFnZSI6InB1YmxpY19zdG9yZSJ9?signature=c1a1db0a5d7b074c388cf08560fd44a4a2b6127821554198e54eeea8474325f6",
            "productDescription": ""
        },
        "priceData": {
            "bestPrice": "2.20",
            "price": "2.20",
            "pricePerLitre": 4.4,
            "bestPricePerLitre": 4.4
        },
        "store": {
            "id": "5e755ec3d74776487106b4e4",
            "name": "Otautau"
        },
        "timestamp": "2021-08-16T18:42:53.629103"
    },
    {
        "productData": {
            "name": "Monster Energy Import 550ml",
            "productId": "monster-energy-import-550ml",
            "productShopPage": "https://otautau.store.supervalue.co.nz/lines/monster-energy-import-550ml",
            "productImageURL": "https://dtgxwmigmg3gc.cloudfront.net/imagery/assets/derivations/icon/512/512/true/eyJpZCI6IjExYzliZTgxY2M3MTNjMDQzM2NmZGQ2ZWE1NjI3MTA0Iiwic3RvcmFnZSI6InB1YmxpY19zdG9yZSJ9?signature=e09322a0a00112a858095e689d2e825f79d154fd3e8577005948dde9d51afb47",
            "productDescription": ""
        },
        "priceData": {
            "bestPrice": "3.99",
            "price": "3.99"
        },
        "store": {
            "id": "5e755ec3d74776487106b4e4",
            "name": "Otautau"
        },
        "timestamp": "2021-08-16T18:42:55.279073"
    },
    {
        "productData": {
            "name": "Monster Energy Ultra Paradise 500ml",
            "productId": "monster-energy-drink-ultra-paradise-500ml",
            "productShopPage": "https://otautau.store.supervalue.co.nz/lines/monster-energy-drink-ultra-paradise-500ml",
            "productImageURL": "https://dtgxwmigmg3gc.cloudfront.net/imagery/assets/derivations/icon/512/512/true/eyJpZCI6ImZiZDRkZTQxNzA0M2FiYTUyMjMwZWI0NTcyZGNmYTE1Iiwic3RvcmFnZSI6InB1YmxpY19zdG9yZSJ9?signature=8a439bf26b71114289dfea1720ed331b1e4784c534deade29db8ac38b1cc7c1a",
            "productDescription": ""
        },
        "priceData": {
            "bestPrice": "2.60",
            "price": "2.60",
            "pricePerLitre": 5.2,
            "bestPricePerLitre": 5.2
        },
        "store": {
            "id": "5e755ec3d74776487106b4e4",
            "name": "Otautau"
        },
        "timestamp": "2021-08-16T18:42:56.271995"
    },
    {
        "productData": {
            "name": "Monster Energy Ultra Sunrise 500ml",
            "productId": "monster-energy-ultra-sunrise-500ml",
            "productShopPage": "https://otautau.store.supervalue.co.nz/lines/monster-energy-ultra-sunrise-500ml",
            "productImageURL": "https://dtgxwmigmg3gc.cloudfront.net/imagery/assets/derivations/icon/512/512/true/eyJpZCI6ImFlNTVkY2RiZTZiZjg3OGZjZTdlOTU1OTFhMDE4YTdiIiwic3RvcmFnZSI6InB1YmxpY19zdG9yZSJ9?signature=b98350feca08b6ab128cc925fef23a58f65a36f94ede15cb2174f6f88a0f8a0f",
            "productDescription": ""
        },
        "priceData": {
            "bestPrice": "2.60",
            "price": "2.60",
            "pricePerLitre": 5.2,
            "bestPricePerLitre": 5.2
        },
        "store": {
            "id": "5e755ec3d74776487106b4e4",
            "name": "Otautau"
        },
        "timestamp": "2021-08-16T18:42:57.462507"
    },
    {
        "productData": {
            "name": "Monster Energy Ultra Zero 500ml",
            "productId": "monster-energy-ultra-zero-500ml",
            "productShopPage": "https://otautau.store.supervalue.co.nz/lines/monster-energy-ultra-zero-500ml",
            "productImageURL": "https://dtgxwmigmg3gc.cloudfront.net/imagery/assets/derivations/icon/512/512/true/eyJpZCI6IjdhN2FhYTUwZWU2NTYwYjBiNGY1NThhMTgwNmVlODI3Iiwic3RvcmFnZSI6InB1YmxpY19zdG9yZSJ9?signature=7907c49ba7d043175a426f84a71776de7dd51fa5c249237063aca9cb098abdbe",
            "productDescription": ""
        },
        "priceData": {
            "bestPrice": "2.60",
            "price": "2.60",
            "pricePerLitre": 5.2,
            "bestPricePerLitre": 5.2
        },
        "store": {
            "id": "5e755ec3d74776487106b4e4",
            "name": "Otautau"
        },
        "timestamp": "2021-08-16T18:42:58.440255"
    },
    {
        "productData": {
            "name": "Monster Energy Drink Can Green 500ml",
            "productId": "monster-energy-green-500ml",
            "productShopPage": "https://otautau.store.supervalue.co.nz/lines/monster-energy-green-500ml",
            "productImageURL": "https://dtgxwmigmg3gc.cloudfront.net/imagery/assets/derivations/icon/512/512/true/eyJpZCI6ImU3ZjNiNjJiNzI4Y2M0MTIxMjhiNjQ2ZmQ2OTQzMGEzIiwic3RvcmFnZSI6InB1YmxpY19zdG9yZSJ9?signature=637eac56411f57a79f345ea693f1418330d5742c3a04caddb460696dba06da06",
            "productDescription": ""
        },
        "priceData": {
            "bestPrice": "2.60",
            "price": "2.60",
            "pricePerLitre": 5.2,
            "bestPricePerLitre": 5.2
        },
        "store": {
            "id": "5e755ec3d74776487106b4e4",
            "name": "Otautau"
        },
        "timestamp": "2021-08-16T18:42:59.376540"
    },
    {
        "productData": {
            "name": "Monster Energy Drink Ultra Rosa 500ml",
            "productId": "monster-energy-drink-ultra-rosa-500ml",
            "productShopPage": "https://otautau.store.supervalue.co.nz/lines/monster-energy-drink-ultra-rosa-500ml",
            "productImageURL": "https://dtgxwmigmg3gc.cloudfront.net/imagery/assets/derivations/icon/512/512/true/eyJpZCI6IjZjYzFjMzcwYzM4Mzk4N2MyOTUzNWIyMTFjZTJlYjgxIiwic3RvcmFnZSI6InB1YmxpY19zdG9yZSJ9?signature=9cd08284785f9b24647ecc7d1dc08214d9d00318cc809bebdef1921d6b78bb95",
            "productDescription": ""
        },
        "priceData": {
            "bestPrice": "2.60",
            "price": "2.60",
            "pricePerLitre": 5.2,
            "bestPricePerLitre": 5.2
        },
        "store": {
            "id": "5e755ec3d74776487106b4e4",
            "name": "Otautau"
        },
        "timestamp": "2021-08-16T18:43:00.468143"
    },
    {
        "productData": {
            "name": "Mother Energy Drink Berry 500ml",
            "productId": "mother-energy-drink-berry-500ml",
            "productShopPage": "https://otautau.store.supervalue.co.nz/lines/mother-energy-drink-berry-500ml",
            "productImageURL": "https://dtgxwmigmg3gc.cloudfront.net/imagery/assets/derivations/icon/512/512/true/eyJpZCI6ImRhYTJlNjUzNzRjZjViNjI0ZDljNzUzNDA3YmE0ZDFkIiwic3RvcmFnZSI6InB1YmxpY19zdG9yZSJ9?signature=d9ffb465d71d599811c2ff7a788845bfe297eb3624ad7866a89cf0b3ece073f0",
            "productDescription": ""
        },
        "priceData": {
            "bestPrice": "2.20",
            "price": "2.20",
            "pricePerLitre": 4.4,
            "bestPricePerLitre": 4.4
        },
        "store": {
            "id": "5e755ec3d74776487106b4e4",
            "name": "Otautau"
        },
        "timestamp": "2021-08-16T18:43:03.259991"
    },
    {
        "productData": {
            "name": "Mother Energy Drink Black 500ml",
            "productId": "mother-energy-drink-black-500ml",
            "productShopPage": "https://otautau.store.supervalue.co.nz/lines/mother-energy-drink-black-500ml",
            "productImageURL": "https://dtgxwmigmg3gc.cloudfront.net/imagery/assets/derivations/icon/512/512/true/eyJpZCI6ImYyMzA5MjhkYjg3ODFhYmYzZDU3ZjE1YjNmYzU2MWFjIiwic3RvcmFnZSI6InB1YmxpY19zdG9yZSJ9?signature=d3dbddb83d3d457075cd5d8936bef0c5b48fce4fa3fe725995d8b6d57219ceb5",
            "productDescription": ""
        },
        "priceData": {
            "bestPrice": "2.20",
            "price": "2.20",
            "pricePerLitre": 4.4,
            "bestPricePerLitre": 4.4
        },
        "store": {
            "id": "5e755ec3d74776487106b4e4",
            "name": "Otautau"
        },
        "timestamp": "2021-08-16T18:43:04.486846"
    },
    {
        "productData": {
            "name": "Mother Energy Drink Cans 6x250ml",
            "productId": "mother-energy-drink-6x250ml-cans",
            "productShopPage": "https://otautau.store.supervalue.co.nz/lines/mother-energy-drink-6x250ml-cans",
            "productImageURL": "https://dtgxwmigmg3gc.cloudfront.net/imagery/assets/derivations/icon/512/512/true/eyJpZCI6IjEyOGFhMmU0Y2VkYTU4ZWFkZmVhOWUwZjdlNTZhOTA4Iiwic3RvcmFnZSI6InB1YmxpY19zdG9yZSJ9?signature=5db1908f64527cf28fa7bf3266a83ab854a07ca50453511f7d414d8e6d5c10fb",
            "productDescription": ""
        },
        "priceData": {
            "bestPrice": "8.00",
            "price": "8.00",
            "pricePerLitre": 5.300000000000001,
            "bestPricePerLitre": 5.300000000000001
        },
        "store": {
            "id": "5e755ec3d74776487106b4e4",
            "name": "Otautau"
        },
        "timestamp": "2021-08-16T18:43:05.410888"
    },
    {
        "productData": {
            "name": "Mother Energy Drink Passion 500ml",
            "productId": "mother-energy-drink-passion-500ml",
            "productShopPage": "https://otautau.store.supervalue.co.nz/lines/mother-energy-drink-passion-500ml",
            "productImageURL": "https://dtgxwmigmg3gc.cloudfront.net/imagery/assets/derivations/icon/512/512/true/eyJpZCI6ImQwODE2YTc4ZjBmNGU4NTU5Mzg1YjkxZmI5YjIzZjM0Iiwic3RvcmFnZSI6InB1YmxpY19zdG9yZSJ9?signature=713c495fef96a6427b917f0c7c7e855a963749ac5c1bf7dfd71e24ae08ea3123",
            "productDescription": ""
        },
        "priceData": {
            "bestPrice": "2.20",
            "price": "2.20",
            "pricePerLitre": 4.4,
            "bestPricePerLitre": 4.4
        },
        "store": {
            "id": "5e755ec3d74776487106b4e4",
            "name": "Otautau"
        },
        "timestamp": "2021-08-16T18:43:06.511574"
    },
    {
        "productData": {
            "name": "Mother Tropical Blast 500ml",
            "productId": "mother-tropical-blast-500ml",
            "productShopPage": "https://otautau.store.supervalue.co.nz/lines/mother-tropical-blast-500ml",
            "productImageURL": "https://dtgxwmigmg3gc.cloudfront.net/imagery/assets/derivations/icon/512/512/true/eyJpZCI6ImEyZmM1OTUwNDhlODM5YTRhMjQ2MTI1OGEyYzNlZWZhIiwic3RvcmFnZSI6InB1YmxpY19zdG9yZSJ9?signature=6c9470ee4067e8ec32b58eeac9d628404d3986058a9b1cdef46014d1bee50944",
            "productDescription": ""
        },
        "priceData": {
            "bestPrice": "2.20",
            "price": "2.20",
            "pricePerLitre": 4.4,
            "bestPricePerLitre": 4.4
        },
        "store": {
            "id": "5e755ec3d74776487106b4e4",
            "name": "Otautau"
        },
        "timestamp": "2021-08-16T18:43:07.437025"
    },
    {
        "productData": {
            "name": "Mother Epic Swell Energy Drink Twisted Apple 500ml",
            "productId": "mother-epic-swell-energy-drink-twisted-apple-500ml",
            "productShopPage": "https://otautau.store.supervalue.co.nz/lines/mother-epic-swell-energy-drink-twisted-apple-500ml",
            "productImageURL": "https://dtgxwmigmg3gc.cloudfront.net/imagery/assets/derivations/icon/512/512/true/eyJpZCI6ImE2ZjYxOGNhNjUyYzMxNzRhNjg2MDBhMGVjZmQ3MmJkIiwic3RvcmFnZSI6InB1YmxpY19zdG9yZSJ9?signature=954f74f8aba0fb24cb2a5248b1e93fe8a62fb8c7f902abbb08b7aed24bc44c80",
            "productDescription": ""
        },
        "priceData": {
            "bestPrice": "2.20",
            "price": "2.20",
            "pricePerLitre": 4.4,
            "bestPricePerLitre": 4.4
        },
        "store": {
            "id": "5e755ec3d74776487106b4e4",
            "name": "Otautau"
        },
        "timestamp": "2021-08-16T18:43:09.419234"
    },
    {
        "productData": {
            "name": "Monster Energy Juice Mango Loco 500ml",
            "productId": "monster-energy-juice-mango-loco-500ml-can",
            "productShopPage": "https://otautau.store.supervalue.co.nz/lines/monster-energy-juice-mango-loco-500ml-can",
            "productImageURL": "https://dtgxwmigmg3gc.cloudfront.net/imagery/assets/derivations/icon/512/512/true/eyJpZCI6ImUyNmIyNzdlMzJkOTg5NjI4YWYxYzg2MTU2MjI0ZjgzIiwic3RvcmFnZSI6InB1YmxpY19zdG9yZSJ9?signature=db65ff44183396e60e8f4c13003417fb1277f7685b136cf223d7701f7e945faf",
            "productDescription": ""
        },
        "priceData": {
            "bestPrice": "2.60",
            "price": "2.60",
            "pricePerLitre": 5.2,
            "bestPricePerLitre": 5.2
        },
        "store": {
            "id": "5e755ec3d74776487106b4e4",
            "name": "Otautau"
        },
        "timestamp": "2021-08-16T18:43:10.407395"
    },
    {
        "productData": {
            "name": "V Energy Drink Guarana 500ml",
            "productId": "v-energy-drink-guarana-500ml",
            "productShopPage": "https://otautau.store.supervalue.co.nz/lines/v-energy-drink-guarana-500ml",
            "productImageURL": "https://dtgxwmigmg3gc.cloudfront.net/imagery/assets/derivations/icon/512/512/true/eyJpZCI6IjgzZDAxMjhiMzg4NmEwZmE4YTE2ZjY2NWIzNmM2NzI2Iiwic3RvcmFnZSI6InB1YmxpY19zdG9yZSJ9?signature=f55ecc561066291a4e74a967db35ea2355f881bd1708bf400fd790032384ae4f",
            "productDescription": ""
        },
        "priceData": {
            "bestPrice": "2.60",
            "price": "2.60",
            "pricePerLitre": 5.2,
            "bestPricePerLitre": 5.2
        },
        "store": {
            "id": "5e755ec3d74776487106b4e4",
            "name": "Otautau"
        },
        "timestamp": "2021-08-16T18:43:12.121194"
    },
    {
        "productData": {
            "name": "V Energy Drink Sugarfree 500ml",
            "productId": "v-energy-drink-sugarfree-500ml",
            "productShopPage": "https://otautau.store.supervalue.co.nz/lines/v-energy-drink-sugarfree-500ml",
            "productImageURL": "https://dtgxwmigmg3gc.cloudfront.net/imagery/assets/derivations/icon/512/512/true/eyJpZCI6ImVkZTAxNTNmMDI1NmU1NDZjNWQ5MTc3MjE3ZTQ3YTQ0Iiwic3RvcmFnZSI6InB1YmxpY19zdG9yZSJ9?signature=abcf72d9faa9ee3044eaa3b7ee0bf9b4fd8f582379018d8727f2234b7d3f3c85",
            "productDescription": ""
        },
        "priceData": {
            "bestPrice": "2.60",
            "price": "2.60",
            "pricePerLitre": 5.2,
            "bestPricePerLitre": 5.2
        },
        "store": {
            "id": "5e755ec3d74776487106b4e4",
            "name": "Otautau"
        },
        "timestamp": "2021-08-16T18:43:13.293979"
    },
    {
        "productData": {
            "name": "V Energy Drink Blue Guarana Spritzed 350ml",
            "productId": "v-blue-energy-drink-blue-guarana-spritzed-350ml",
            "productShopPage": "https://otautau.store.supervalue.co.nz/lines/v-blue-energy-drink-blue-guarana-spritzed-350ml",
            "productImageURL": "https://dtgxwmigmg3gc.cloudfront.net/imagery/assets/derivations/icon/512/512/true/eyJpZCI6ImY2OTRlZGI4NjdlNWMzZDM5NzgzMDQ0ODFkMzUxZGZiIiwic3RvcmFnZSI6InB1YmxpY19zdG9yZSJ9?signature=591b3079cb9c2407a29b3bc348eaf42dc1d34daba5c9d7aba65be654725b6719",
            "productDescription": ""
        },
        "priceData": {
            "bestPrice": "3.99",
            "price": "3.99",
            "pricePerLitre": 11.399999999999999,
            "bestPricePerLitre": 11.399999999999999
        },
        "store": {
            "id": "5e755ec3d74776487106b4e4",
            "name": "Otautau"
        },
        "timestamp": "2021-08-16T18:43:15.724371"
    },
    {
        "productData": {
            "name": "V Energy Drink Green Guarana 350ml",
            "productId": "v-energy-drink-green-guarana-350ml",
            "productShopPage": "https://otautau.store.supervalue.co.nz/lines/v-energy-drink-green-guarana-350ml",
            "productImageURL": "https://dtgxwmigmg3gc.cloudfront.net/imagery/assets/derivations/icon/512/512/true/eyJpZCI6IjRiNjY4ZjYxOTQ2ODYyN2MzM2NiZWMyNGUyNmIyODk4Iiwic3RvcmFnZSI6InB1YmxpY19zdG9yZSJ9?signature=4cded9cb42349eef45a593461f311b1bb7fa881295733879671ad9fe9887d30c",
            "productDescription": ""
        },
        "priceData": {
            "bestPrice": "3.99",
            "price": "3.99",
            "pricePerLitre": 11.399999999999999,
            "bestPricePerLitre": 11.399999999999999
        },
        "store": {
            "id": "5e755ec3d74776487106b4e4",
            "name": "Otautau"
        },
        "timestamp": "2021-08-16T18:43:16.679115"
    },
    {
        "productData": {
            "name": "V Energy Drink Guarana Can 250ml",
            "productId": "v-energy-drink-guarana-can-250ml",
            "productShopPage": "https://otautau.store.supervalue.co.nz/lines/v-energy-drink-guarana-can-250ml",
            "productImageURL": "https://dtgxwmigmg3gc.cloudfront.net/imagery/assets/derivations/icon/512/512/true/eyJpZCI6Ijc3Nzk1NjE2ZDhhNmFiMThhYzEzODYzOTg2ZmNkNzgwIiwic3RvcmFnZSI6InB1YmxpY19zdG9yZSJ9?signature=f5de1854d43e19cc62bff86893d4a55615cd916f8425a4dccd170b52eba81255",
            "productDescription": ""
        },
        "priceData": {
            "bestPrice": "2.50",
            "price": "2.50",
            "pricePerLitre": 10.0,
            "bestPricePerLitre": 10.0
        },
        "store": {
            "id": "5e755ec3d74776487106b4e4",
            "name": "Otautau"
        },
        "timestamp": "2021-08-16T18:43:17.579644"
    },
    {
        "productData": {
            "name": "V Energy Drink Guarana Can 500ml",
            "productId": "v-energy-drink-guarana-can-500ml",
            "productShopPage": "https://otautau.store.supervalue.co.nz/lines/v-energy-drink-guarana-can-500ml",
            "productImageURL": "https://dtgxwmigmg3gc.cloudfront.net/imagery/assets/derivations/icon/512/512/true/eyJpZCI6ImI0NjgzNGZjNDRkMjU0MjgzYzJjZGNhMzA2NWIxYjA5Iiwic3RvcmFnZSI6InB1YmxpY19zdG9yZSJ9?signature=265e8273409849423466e7623cbbdf8352940707b8830803eec391e8f32c9c5f",
            "productDescription": ""
        },
        "priceData": {
            "bestPrice": "3.60",
            "price": "3.60",
            "pricePerLitre": 7.199999999999999,
            "bestPricePerLitre": 7.199999999999999
        },
        "store": {
            "id": "5e755ec3d74776487106b4e4",
            "name": "Otautau"
        },
        "timestamp": "2021-08-16T18:43:18.613998"
    },
    {
        "productData": {
            "name": "V Energy Drink Skills Cans 275ml 4 Pack",
            "productId": "v-energy-drink-skills-cans-275ml-4-pack",
            "productShopPage": "https://otautau.store.supervalue.co.nz/lines/v-energy-drink-skills-cans-275ml-4-pack",
            "productImageURL": "https://dtgxwmigmg3gc.cloudfront.net/imagery/assets/derivations/icon/512/512/true/eyJpZCI6ImZhMzA2N2NiM2YxMmVkM2ZhZjhhYmM4OGE1YTJhNzczIiwic3RvcmFnZSI6InB1YmxpY19zdG9yZSJ9?signature=34fcde8f5a021036c475a1dfff6748625e0747bb134ec737312b15bbe8e883eb",
            "productDescription": ""
        },
        "priceData": {
            "bestPrice": "8.00",
            "price": "8.00",
            "pricePerLitre": 7.3,
            "bestPricePerLitre": 7.3
        },
        "store": {
            "id": "5e755ec3d74776487106b4e4",
            "name": "Otautau"
        },
        "timestamp": "2021-08-16T18:43:22.349024"
    },
    {
        "productData": {
            "name": "V Guarana Energy Drink Fridge Pack 10x200ml",
            "productId": "v-guarana-energy-drink-fridge-pack-10x200ml",
            "productShopPage": "https://otautau.store.supervalue.co.nz/lines/v-guarana-energy-drink-fridge-pack-10x200ml",
            "productImageURL": "https://dtgxwmigmg3gc.cloudfront.net/imagery/assets/derivations/icon/512/512/true/eyJpZCI6IjBlMjAzZTJiY2QyZDVhYzQ2NGY2NzhmMDFkMmM3YjBhIiwic3RvcmFnZSI6InB1YmxpY19zdG9yZSJ9?signature=a3283c38928a5e2c367f0886f5948460cf671d41affa4dd3a2634f1621779d47",
            "productDescription": ""
        },
        "priceData": {
            "bestPrice": "15.00",
            "price": "15.00",
            "pricePerLitre": 7.5,
            "bestPricePerLitre": 7.5
        },
        "store": {
            "id": "5e755ec3d74776487106b4e4",
            "name": "Otautau"
        },
        "timestamp": "2021-08-16T18:43:23.439863"
    },
    {
        "productData": {
            "name": "V Blue Energy Drink Bottle 500ml",
            "productId": "v-blue-energy-drink-bottle-500ml",
            "productShopPage": "https://otautau.store.supervalue.co.nz/lines/v-blue-energy-drink-bottle-500ml",
            "productImageURL": "https://dtgxwmigmg3gc.cloudfront.net/imagery/assets/derivations/icon/512/512/true/eyJpZCI6IjgyYWYxYWY4MGI4MzUxODhiYmVhZGVhM2U2NzY0MzI5Iiwic3RvcmFnZSI6InB1YmxpY19zdG9yZSJ9?signature=7e70fc576864a528a1431734d680cbf177a11b419a692dbfd34800c31b8944ec",
            "productDescription": ""
        },
        "priceData": {
            "bestPrice": "2.60",
            "price": "2.60",
            "pricePerLitre": 5.2,
            "bestPricePerLitre": 5.2
        },
        "store": {
            "id": "5e755ec3d74776487106b4e4",
            "name": "Otautau"
        },
        "timestamp": "2021-08-16T18:43:24.543608"
    },
    {
        "productData": {
            "name": "V Blue Sugarfree Energy Drink 500ml",
            "productId": "v-blue-sugarfree-energy-drink-500ml",
            "productShopPage": "https://otautau.store.supervalue.co.nz/lines/v-blue-sugarfree-energy-drink-500ml",
            "productImageURL": "https://dtgxwmigmg3gc.cloudfront.net/imagery/assets/derivations/icon/512/512/true/eyJpZCI6ImVmYjQyOWRmM2JjZjc3NTY1ZDIwMTEyNTY0MDdmZjA1Iiwic3RvcmFnZSI6InB1YmxpY19zdG9yZSJ9?signature=2911d59474d8305039a3be3bef0f887c38d9ab84596314b13cc4b150101175ab",
            "productDescription": ""
        },
        "priceData": {
            "bestPrice": "3.60",
            "price": "3.60",
            "pricePerLitre": 7.199999999999999,
            "bestPricePerLitre": 7.199999999999999
        },
        "store": {
            "id": "5e755ec3d74776487106b4e4",
            "name": "Otautau"
        },
        "timestamp": "2021-08-16T18:43:25.578417"
    },
    {
        "productData": {
            "name": "V Raspberry Lemonade Energy Drink 500ml",
            "productId": "v-energy-drink-raspberry-lemonade-500ml-can",
            "productShopPage": "https://otautau.store.supervalue.co.nz/lines/v-energy-drink-raspberry-lemonade-500ml-can",
            "productImageURL": "https://dtgxwmigmg3gc.cloudfront.net/imagery/assets/derivations/icon/512/512/true/eyJpZCI6ImE3N2Y5NzBmY2FhOWZhYmZiOTc3MmYyMzE4MGRiOTcxIiwic3RvcmFnZSI6InB1YmxpY19zdG9yZSJ9?signature=2bb7890fe6d7b0c0c6a522be31c78077be0aa570ca4c8aa5549ccf80761262dc",
            "productDescription": ""
        },
        "priceData": {
            "bestPrice": "3.60",
            "price": "3.60",
            "pricePerLitre": 7.199999999999999,
            "bestPricePerLitre": 7.199999999999999
        },
        "store": {
            "id": "5e755ec3d74776487106b4e4",
            "name": "Otautau"
        },
        "timestamp": "2021-08-16T18:43:26.548711"
    },
    {
        "productData": {
            "name": "V Blue Energy Drink Blue Guarana Can 250ml",
            "productId": "v-blue-energy-drink-blue-guarana-can-250ml",
            "productShopPage": "https://otautau.store.supervalue.co.nz/lines/v-blue-energy-drink-blue-guarana-can-250ml",
            "productImageURL": "https://dtgxwmigmg3gc.cloudfront.net/imagery/assets/derivations/icon/512/512/true/eyJpZCI6IjBmZjQwNDEyZWQ2ZDk4YTg3YWQ2ZDUyMWZlNjM1YzJkIiwic3RvcmFnZSI6InB1YmxpY19zdG9yZSJ9?signature=8f745abe5614ec47b3d7a07f1a34ba529184a87b2a696211ba5a0f9f29c86bf0",
            "productDescription": ""
        },
        "priceData": {
            "bestPrice": "2.50",
            "price": "2.50",
            "pricePerLitre": 10.0,
            "bestPricePerLitre": 10.0
        },
        "store": {
            "id": "5e755ec3d74776487106b4e4",
            "name": "Otautau"
        },
        "timestamp": "2021-08-16T18:43:29.567954"
    },
    {
        "productData": {
            "name": "V Blue Energy Drink Blue Guarana Can 500ml",
            "productId": "v-blue-energy-drink-blue-guarana-can-500ml",
            "productShopPage": "https://otautau.store.supervalue.co.nz/lines/v-blue-energy-drink-blue-guarana-can-500ml",
            "productImageURL": "https://dtgxwmigmg3gc.cloudfront.net/imagery/assets/derivations/icon/512/512/true/eyJpZCI6ImFmYjEyYjVjYTU2YWI5ZDJhMTVmNGY2MDg2NWFlNzgxIiwic3RvcmFnZSI6InB1YmxpY19zdG9yZSJ9?signature=b537a8cc5a2c0f90f1702b2c541db44c3a740a0ec4a96e92ab2d6537f9320e8d",
            "productDescription": ""
        },
        "priceData": {
            "bestPrice": "3.60",
            "price": "3.60",
            "pricePerLitre": 7.199999999999999,
            "bestPricePerLitre": 7.199999999999999
        },
        "store": {
            "id": "5e755ec3d74776487106b4e4",
            "name": "Otautau"
        },
        "timestamp": "2021-08-16T18:43:30.378928"
    },
    {
        "productData": {
            "name": "V Iced Coffee Guarana Energy 500ml",
            "productId": "v-iced-coffee-guarana-energy-500ml",
            "productShopPage": "https://otautau.store.supervalue.co.nz/lines/v-iced-coffee-guarana-energy-500ml",
            "productImageURL": "https://dtgxwmigmg3gc.cloudfront.net/imagery/assets/derivations/icon/512/512/true/eyJpZCI6ImM0Zjc4YjRmYWVjMjk0NTJkZTNkYzZjNmY5MzBlMjU2Iiwic3RvcmFnZSI6InB1YmxpY19zdG9yZSJ9?signature=14312b2813aab9c1ad551700ec97cd58a3a7f95bef4d0bd7ae7aa2dcf8fcdc9d",
            "productDescription": ""
        },
        "priceData": {
            "bestPrice": "4.19",
            "price": "4.19"
        },
        "store": {
            "id": "5e755ec3d74776487106b4e4",
            "name": "Otautau"
        },
        "timestamp": "2021-08-16T18:43:31.228481"
    },
    {
        "productData": {
            "name": "V Iced Mocha Guarana Energy 500ml",
            "productId": "v-iced-mocha-guarana-energy-500ml",
            "productShopPage": "https://otautau.store.supervalue.co.nz/lines/v-iced-mocha-guarana-energy-500ml",
            "productImageURL": "https://dtgxwmigmg3gc.cloudfront.net/imagery/assets/derivations/icon/512/512/true/eyJpZCI6ImNiMDRkODVlZmQ2YjhiZGMxMWU4Zjk5OGEwOTczODg1Iiwic3RvcmFnZSI6InB1YmxpY19zdG9yZSJ9?signature=3e63d4ec34ef65794a07ea00749a785cb88ce90997e6e7d12629c3c0f205de6d",
            "productDescription": ""
        },
        "priceData": {
            "bestPrice": "4.19",
            "price": "4.19"
        },
        "store": {
            "id": "5e755ec3d74776487106b4e4",
            "name": "Otautau"
        },
        "timestamp": "2021-08-16T18:43:32.070256"
    },
    {
        "productData": {
            "name": "V Energy Drink Sugar Free Guarana Bottle 350ml",
            "productId": "v-energy-drink-sugar-free-guarana-bottle-350ml",
            "productShopPage": "https://otautau.store.supervalue.co.nz/lines/v-energy-drink-sugar-free-guarana-bottle-350ml",
            "productImageURL": "https://dtgxwmigmg3gc.cloudfront.net/imagery/assets/derivations/icon/512/512/true/eyJpZCI6IjQzYmZlOTg1YzY2ZGQ0ZDI1YzUyZDk3MGJhMmJhMGM3Iiwic3RvcmFnZSI6InB1YmxpY19zdG9yZSJ9?signature=7a4bb3eb2264f52495ae9ba8fbf21b5a3e59e12c0d6208cfa1591261da333f55",
            "productDescription": ""
        },
        "priceData": {
            "bestPrice": "3.99",
            "price": "3.99",
            "pricePerLitre": 11.399999999999999,
            "bestPricePerLitre": 11.399999999999999
        },
        "store": {
            "id": "5e755ec3d74776487106b4e4",
            "name": "Otautau"
        },
        "timestamp": "2021-08-16T18:43:34.224330"
    },
    {
        "productData": {
            "name": "V Iced Chocolate Guarana Energy 500ml",
            "productId": "v-iced-chocolate-guarana-energy-500ml",
            "productShopPage": "https://otautau.store.supervalue.co.nz/lines/v-iced-chocolate-guarana-energy-500ml",
            "productImageURL": "https://dtgxwmigmg3gc.cloudfront.net/imagery/assets/derivations/icon/512/512/true/eyJpZCI6ImJhNzg2NDUyYzVlMGRiOTNhMGM3NjY1ZWIyNzIzNzBlIiwic3RvcmFnZSI6InB1YmxpY19zdG9yZSJ9?signature=86bcf9f7a4dbdc8f99c44e8c3a30ce7ca86025bce78792c31ce0fbc589f7f311",
            "productDescription": ""
        },
        "priceData": {
            "bestPrice": "4.19",
            "price": "4.19"
        },
        "store": {
            "id": "5e755ec3d74776487106b4e4",
            "name": "Otautau"
        },
        "timestamp": "2021-08-16T18:43:36.810920"
    },
    {
        "productData": {
            "name": "V Pure Energy Drink Bottle 330ml",
            "productId": "v-pure-330ml-bottle",
            "productShopPage": "https://otautau.store.supervalue.co.nz/lines/v-pure-330ml-bottle",
            "productImageURL": "https://dtgxwmigmg3gc.cloudfront.net/imagery/assets/derivations/icon/512/512/true/eyJpZCI6ImFjZmFlNGE1MmQ1ZmNhOTVhN2IyNzdhOGQ3ZTBjNTY0Iiwic3RvcmFnZSI6InB1YmxpY19zdG9yZSJ9?signature=ff03797de044ef70d02854192249a79b3cd819353c7171ef7358378e76bfc089",
            "productDescription": ""
        },
        "priceData": {
            "bestPrice": "3.99",
            "price": "3.99",
            "pricePerLitre": 12.1,
            "bestPricePerLitre": 12.1
        },
        "store": {
            "id": "5e755ec3d74776487106b4e4",
            "name": "Otautau"
        },
        "timestamp": "2021-08-16T18:43:37.832663"
    },
    {
        "productData": {
            "name": "V Green Energy Drink 355ml 6 Pack",
            "productId": "v-green-energy-drink-355ml-6-pack",
            "productShopPage": "https://otautau.store.supervalue.co.nz/lines/v-green-energy-drink-355ml-6-pack",
            "productImageURL": "https://dtgxwmigmg3gc.cloudfront.net/imagery/assets/derivations/icon/512/512/true/eyJpZCI6ImRiOTAxYjhjNGE3NzQyNTEyYTljM2M5YTI2ZmQ5MTE5Iiwic3RvcmFnZSI6InB1YmxpY19zdG9yZSJ9?signature=12de0554d72324a76472d930a39c587a4837a2f051666f744164725a96b2f104",
            "productDescription": ""
        },
        "priceData": {
            "bestPrice": "12.00",
            "price": "12.00",
            "pricePerLitre": 5.6000000000000005,
            "bestPricePerLitre": 5.6000000000000005
        },
        "store": {
            "id": "5e755ec3d74776487106b4e4",
            "name": "Otautau"
        },
        "timestamp": "2021-08-16T18:43:38.711543"
    },
    {
        "productData": {
            "name": "Monster Mule Ginger Brew 500ml",
            "productId": "monster-mule-ginger-brew-500ml",
            "productShopPage": "https://otautau.store.supervalue.co.nz/lines/monster-mule-ginger-brew-500ml",
            "productImageURL": "https://dtgxwmigmg3gc.cloudfront.net/imagery/assets/derivations/icon/512/512/true/eyJpZCI6ImM1OTM5MTIyZTRlNmNhNzk0ODFlMDE4ZWVmMWE2Y2ZlIiwic3RvcmFnZSI6InB1YmxpY19zdG9yZSJ9?signature=5d11287f30ef58c148e37382d61c0d83097d5461683a9aa5dd9456941c1f32e5",
            "productDescription": ""
        },
        "priceData": {
            "bestPrice": "2.60",
            "price": "2.60",
            "pricePerLitre": 5.2,
            "bestPricePerLitre": 5.2
        },
        "store": {
            "id": "5e755ec3d74776487106b4e4",
            "name": "Otautau"
        },
        "timestamp": "2021-08-16T18:43:43.137723"
    },
    {
        "productData": {
            "name": "Monster Energy 4x500ml Cans",
            "productId": "monster-energy-4x500ml-cans",
            "productShopPage": "https://otautau.store.supervalue.co.nz/lines/monster-energy-4x500ml-cans",
            "productImageURL": "https://dtgxwmigmg3gc.cloudfront.net/imagery/assets/derivations/icon/512/512/true/eyJpZCI6ImQyNWU2MTgwNzVhMmI4MmZmMGU2YmY0OGRlYmRmNTM4Iiwic3RvcmFnZSI6InB1YmxpY19zdG9yZSJ9?signature=afd9c2e0498b55fa2db714a09690152069344eca7b7dddeeb315405178827c0a",
            "productDescription": ""
        },
        "priceData": {
            "bestPrice": "12.49",
            "price": "12.49",
            "pricePerLitre": 6.2,
            "bestPricePerLitre": 6.2
        },
        "store": {
            "id": "5e755ec3d74776487106b4e4",
            "name": "Otautau"
        },
        "timestamp": "2021-08-16T18:43:45.059283"
    },
    {
        "productData": {
            "name": "Monster Energy Pipeline Punch 500ml",
            "productId": "monster-energy-pipeline-punch-500ml",
            "productShopPage": "https://otautau.store.supervalue.co.nz/lines/monster-energy-pipeline-punch-500ml",
            "productImageURL": "https://dtgxwmigmg3gc.cloudfront.net/imagery/assets/derivations/icon/512/512/true/eyJpZCI6IjM3ZWY2OTY5OWFlNTJlZTRjNTY1ZmFmYWIwOTIxMjg4Iiwic3RvcmFnZSI6InB1YmxpY19zdG9yZSJ9?signature=79ed6699c35bd716a9d5d9457c39ce62c523edaa4059b6b45d4dcc7caf65cef9",
            "productDescription": ""
        },
        "priceData": {
            "bestPrice": "2.60",
            "price": "2.60",
            "pricePerLitre": 5.2,
            "bestPricePerLitre": 5.2
        },
        "store": {
            "id": "5e755ec3d74776487106b4e4",
            "name": "Otautau"
        },
        "timestamp": "2021-08-16T18:43:46.963114"
    },
    {
        "productData": {
            "name": "V Guarana Energy Drink Blue Sugarfree 250ml",
            "productId": "v-blue-sugarfree-energy-drink-250ml",
            "productShopPage": "https://otautau.store.supervalue.co.nz/lines/v-blue-sugarfree-energy-drink-250ml",
            "productImageURL": "https://dtgxwmigmg3gc.cloudfront.net/imagery/assets/derivations/icon/512/512/true/eyJpZCI6IjI3YWJiOTVhYjNhMjEwMDU2MWJhMmRhNTM3YjRhZjVmIiwic3RvcmFnZSI6InB1YmxpY19zdG9yZSJ9?signature=66769306ca1d0ba674603954d338186dc999f6d1839090d49fde9416b3252365",
            "productDescription": ""
        },
        "priceData": {
            "bestPrice": "2.50",
            "price": "2.50",
            "pricePerLitre": 10.0,
            "bestPricePerLitre": 10.0
        },
        "store": {
            "id": "5e755ec3d74776487106b4e4",
            "name": "Otautau"
        },
        "timestamp": "2021-08-16T18:43:50.221182"
    },
    {
        "productData": {
            "name": "Live Plus Live+ Ignite Energy Drink 6 x 250ml Cans",
            "productId": "live-plus-live-ignite-energy-drink-6x250ml-cans",
            "productShopPage": "https://otautau.store.supervalue.co.nz/lines/live-plus-live-ignite-energy-drink-6x250ml-cans",
            "productImageURL": "https://dtgxwmigmg3gc.cloudfront.net/imagery/assets/derivations/icon/512/512/true/eyJpZCI6Ijk5ZTU3ZDdlN2RjYzc0ZmZlOWY0NGQxMDdkYTI5ZDI5Iiwic3RvcmFnZSI6InB1YmxpY19zdG9yZSJ9?signature=16b8b1fb6c1dbc73b4d1f0110b7542a3259cd273e9b6adea8e6570f5158d8342",
            "productDescription": ""
        },
        "priceData": {
            "bestPrice": "8.00",
            "price": "8.00",
            "pricePerLitre": 5.300000000000001,
            "bestPricePerLitre": 5.300000000000001
        },
        "store": {
            "id": "5e755ec3d74776487106b4e4",
            "name": "Otautau"
        },
        "timestamp": "2021-08-16T18:43:55.368466"
    },
    {
        "productData": {
            "name": "Rockstar Punched Energy Guava 500ml",
            "productId": "rockstar-punched-energy-guava-500ml",
            "productShopPage": "https://otautau.store.supervalue.co.nz/lines/rockstar-punched-energy-guava-500ml",
            "productImageURL": "https://dtgxwmigmg3gc.cloudfront.net/imagery/assets/derivations/icon/512/512/true/eyJpZCI6IjBmNGEyNjU2MGQwM2Y4OGI4MWE3ZTMyODUzYTRlN2QyIiwic3RvcmFnZSI6InB1YmxpY19zdG9yZSJ9?signature=fab45ac774e74d87cf7a79de075f47290676fd6d4afcf212198c745670d5ce29",
            "productDescription": ""
        },
        "priceData": {
            "bestPrice": "2.20",
            "price": "2.20",
            "pricePerLitre": 4.4,
            "bestPricePerLitre": 4.4
        },
        "store": {
            "id": "5e755ec3d74776487106b4e4",
            "name": "Otautau"
        },
        "timestamp": "2021-08-16T18:43:57.079324"
    },
    {
        "productData": {
            "name": "Mother Kicked Apple 500ml",
            "productId": "mother-kicked-apple-500ml",
            "productShopPage": "https://plaza.store.supervalue.co.nz/lines/mother-kicked-apple-500ml",
            "productImageURL": "https://dtgxwmigmg3gc.cloudfront.net/imagery/assets/derivations/icon/512/512/true/eyJpZCI6IjNhZTlkYjkwYTM4MDFjMGEwYjUwYThhMDAwYjkyZjM0Iiwic3RvcmFnZSI6InB1YmxpY19zdG9yZSJ9?signature=c1a1db0a5d7b074c388cf08560fd44a4a2b6127821554198e54eeea8474325f6",
            "productDescription": ""
        },
        "priceData": {
            "bestPrice": "2.20",
            "price": "2.20",
            "pricePerLitre": 4.4,
            "bestPricePerLitre": 4.4
        },
        "store": {
            "id": "5e8256a46d8e694d90048161",
            "name": "Plaza"
        },
        "timestamp": "2021-08-16T18:44:00.010083"
    },
    {
        "productData": {
            "name": "Monster Energy Ultra Paradise 500ml",
            "productId": "monster-energy-drink-ultra-paradise-500ml",
            "productShopPage": "https://plaza.store.supervalue.co.nz/lines/monster-energy-drink-ultra-paradise-500ml",
            "productImageURL": "https://dtgxwmigmg3gc.cloudfront.net/imagery/assets/derivations/icon/512/512/true/eyJpZCI6ImZiZDRkZTQxNzA0M2FiYTUyMjMwZWI0NTcyZGNmYTE1Iiwic3RvcmFnZSI6InB1YmxpY19zdG9yZSJ9?signature=8a439bf26b71114289dfea1720ed331b1e4784c534deade29db8ac38b1cc7c1a",
            "productDescription": ""
        },
        "priceData": {
            "bestPrice": "2.60",
            "price": "2.60",
            "pricePerLitre": 5.2,
            "bestPricePerLitre": 5.2
        },
        "store": {
            "id": "5e8256a46d8e694d90048161",
            "name": "Plaza"
        },
        "timestamp": "2021-08-16T18:44:02.567500"
    },
    {
        "productData": {
            "name": "Monster Energy Ultra Zero 500ml",
            "productId": "monster-energy-ultra-zero-500ml",
            "productShopPage": "https://plaza.store.supervalue.co.nz/lines/monster-energy-ultra-zero-500ml",
            "productImageURL": "https://dtgxwmigmg3gc.cloudfront.net/imagery/assets/derivations/icon/512/512/true/eyJpZCI6IjdhN2FhYTUwZWU2NTYwYjBiNGY1NThhMTgwNmVlODI3Iiwic3RvcmFnZSI6InB1YmxpY19zdG9yZSJ9?signature=7907c49ba7d043175a426f84a71776de7dd51fa5c249237063aca9cb098abdbe",
            "productDescription": ""
        },
        "priceData": {
            "bestPrice": "2.60",
            "price": "2.60",
            "pricePerLitre": 5.2,
            "bestPricePerLitre": 5.2
        },
        "store": {
            "id": "5e8256a46d8e694d90048161",
            "name": "Plaza"
        },
        "timestamp": "2021-08-16T18:44:04.644704"
    },
    {
        "productData": {
            "name": "Monster Energy Drink Can Green 500ml",
            "productId": "monster-energy-green-500ml",
            "productShopPage": "https://plaza.store.supervalue.co.nz/lines/monster-energy-green-500ml",
            "productImageURL": "https://dtgxwmigmg3gc.cloudfront.net/imagery/assets/derivations/icon/512/512/true/eyJpZCI6ImU3ZjNiNjJiNzI4Y2M0MTIxMjhiNjQ2ZmQ2OTQzMGEzIiwic3RvcmFnZSI6InB1YmxpY19zdG9yZSJ9?signature=637eac56411f57a79f345ea693f1418330d5742c3a04caddb460696dba06da06",
            "productDescription": ""
        },
        "priceData": {
            "bestPrice": "2.60",
            "price": "2.60",
            "pricePerLitre": 5.2,
            "bestPricePerLitre": 5.2
        },
        "store": {
            "id": "5e8256a46d8e694d90048161",
            "name": "Plaza"
        },
        "timestamp": "2021-08-16T18:44:05.809640"
    },
    {
        "productData": {
            "name": "Monster Energy Drink Ultra Rosa 500ml",
            "productId": "monster-energy-drink-ultra-rosa-500ml",
            "productShopPage": "https://plaza.store.supervalue.co.nz/lines/monster-energy-drink-ultra-rosa-500ml",
            "productImageURL": "https://dtgxwmigmg3gc.cloudfront.net/imagery/assets/derivations/icon/512/512/true/eyJpZCI6IjZjYzFjMzcwYzM4Mzk4N2MyOTUzNWIyMTFjZTJlYjgxIiwic3RvcmFnZSI6InB1YmxpY19zdG9yZSJ9?signature=9cd08284785f9b24647ecc7d1dc08214d9d00318cc809bebdef1921d6b78bb95",
            "productDescription": ""
        },
        "priceData": {
            "bestPrice": "2.60",
            "price": "2.60",
            "pricePerLitre": 5.2,
            "bestPricePerLitre": 5.2
        },
        "store": {
            "id": "5e8256a46d8e694d90048161",
            "name": "Plaza"
        },
        "timestamp": "2021-08-16T18:44:06.737452"
    },
    {
        "productData": {
            "name": "Mother Energy Drink Berry 500ml",
            "productId": "mother-energy-drink-berry-500ml",
            "productShopPage": "https://plaza.store.supervalue.co.nz/lines/mother-energy-drink-berry-500ml",
            "productImageURL": "https://dtgxwmigmg3gc.cloudfront.net/imagery/assets/derivations/icon/512/512/true/eyJpZCI6ImRhYTJlNjUzNzRjZjViNjI0ZDljNzUzNDA3YmE0ZDFkIiwic3RvcmFnZSI6InB1YmxpY19zdG9yZSJ9?signature=d9ffb465d71d599811c2ff7a788845bfe297eb3624ad7866a89cf0b3ece073f0",
            "productDescription": ""
        },
        "priceData": {
            "bestPrice": "2.20",
            "price": "2.20",
            "pricePerLitre": 4.4,
            "bestPricePerLitre": 4.4
        },
        "store": {
            "id": "5e8256a46d8e694d90048161",
            "name": "Plaza"
        },
        "timestamp": "2021-08-16T18:44:09.586882"
    },
    {
        "productData": {
            "name": "Mother Energy Drink Black 500ml",
            "productId": "mother-energy-drink-black-500ml",
            "productShopPage": "https://plaza.store.supervalue.co.nz/lines/mother-energy-drink-black-500ml",
            "productImageURL": "https://dtgxwmigmg3gc.cloudfront.net/imagery/assets/derivations/icon/512/512/true/eyJpZCI6ImYyMzA5MjhkYjg3ODFhYmYzZDU3ZjE1YjNmYzU2MWFjIiwic3RvcmFnZSI6InB1YmxpY19zdG9yZSJ9?signature=d3dbddb83d3d457075cd5d8936bef0c5b48fce4fa3fe725995d8b6d57219ceb5",
            "productDescription": ""
        },
        "priceData": {
            "bestPrice": "2.20",
            "price": "2.20",
            "pricePerLitre": 4.4,
            "bestPricePerLitre": 4.4
        },
        "store": {
            "id": "5e8256a46d8e694d90048161",
            "name": "Plaza"
        },
        "timestamp": "2021-08-16T18:44:10.733425"
    },
    {
        "productData": {
            "name": "Mother Energy Drink Passion 500ml",
            "productId": "mother-energy-drink-passion-500ml",
            "productShopPage": "https://plaza.store.supervalue.co.nz/lines/mother-energy-drink-passion-500ml",
            "productImageURL": "https://dtgxwmigmg3gc.cloudfront.net/imagery/assets/derivations/icon/512/512/true/eyJpZCI6ImQwODE2YTc4ZjBmNGU4NTU5Mzg1YjkxZmI5YjIzZjM0Iiwic3RvcmFnZSI6InB1YmxpY19zdG9yZSJ9?signature=713c495fef96a6427b917f0c7c7e855a963749ac5c1bf7dfd71e24ae08ea3123",
            "productDescription": ""
        },
        "priceData": {
            "bestPrice": "2.20",
            "price": "2.20",
            "pricePerLitre": 4.4,
            "bestPricePerLitre": 4.4
        },
        "store": {
            "id": "5e8256a46d8e694d90048161",
            "name": "Plaza"
        },
        "timestamp": "2021-08-16T18:44:12.533422"
    },
    {
        "productData": {
            "name": "Mother Tropical Blast 500ml",
            "productId": "mother-tropical-blast-500ml",
            "productShopPage": "https://plaza.store.supervalue.co.nz/lines/mother-tropical-blast-500ml",
            "productImageURL": "https://dtgxwmigmg3gc.cloudfront.net/imagery/assets/derivations/icon/512/512/true/eyJpZCI6ImEyZmM1OTUwNDhlODM5YTRhMjQ2MTI1OGEyYzNlZWZhIiwic3RvcmFnZSI6InB1YmxpY19zdG9yZSJ9?signature=6c9470ee4067e8ec32b58eeac9d628404d3986058a9b1cdef46014d1bee50944",
            "productDescription": ""
        },
        "priceData": {
            "bestPrice": "2.20",
            "price": "2.20",
            "pricePerLitre": 4.4,
            "bestPricePerLitre": 4.4
        },
        "store": {
            "id": "5e8256a46d8e694d90048161",
            "name": "Plaza"
        },
        "timestamp": "2021-08-16T18:44:13.447197"
    },
    {
        "productData": {
            "name": "Mother Epic Swell Energy Drink Twisted Apple 500ml",
            "productId": "mother-epic-swell-energy-drink-twisted-apple-500ml",
            "productShopPage": "https://plaza.store.supervalue.co.nz/lines/mother-epic-swell-energy-drink-twisted-apple-500ml",
            "productImageURL": "https://dtgxwmigmg3gc.cloudfront.net/imagery/assets/derivations/icon/512/512/true/eyJpZCI6ImE2ZjYxOGNhNjUyYzMxNzRhNjg2MDBhMGVjZmQ3MmJkIiwic3RvcmFnZSI6InB1YmxpY19zdG9yZSJ9?signature=954f74f8aba0fb24cb2a5248b1e93fe8a62fb8c7f902abbb08b7aed24bc44c80",
            "productDescription": ""
        },
        "priceData": {
            "bestPrice": "2.20",
            "price": "2.20",
            "pricePerLitre": 4.4,
            "bestPricePerLitre": 4.4
        },
        "store": {
            "id": "5e8256a46d8e694d90048161",
            "name": "Plaza"
        },
        "timestamp": "2021-08-16T18:44:15.174288"
    },
    {
        "productData": {
            "name": "V Energy Drink Guarana 500ml",
            "productId": "v-energy-drink-guarana-500ml",
            "productShopPage": "https://plaza.store.supervalue.co.nz/lines/v-energy-drink-guarana-500ml",
            "productImageURL": "https://dtgxwmigmg3gc.cloudfront.net/imagery/assets/derivations/icon/512/512/true/eyJpZCI6IjgzZDAxMjhiMzg4NmEwZmE4YTE2ZjY2NWIzNmM2NzI2Iiwic3RvcmFnZSI6InB1YmxpY19zdG9yZSJ9?signature=f55ecc561066291a4e74a967db35ea2355f881bd1708bf400fd790032384ae4f",
            "productDescription": ""
        },
        "priceData": {
            "bestPrice": "2.60",
            "price": "2.60",
            "pricePerLitre": 5.2,
            "bestPricePerLitre": 5.2
        },
        "store": {
            "id": "5e8256a46d8e694d90048161",
            "name": "Plaza"
        },
        "timestamp": "2021-08-16T18:44:17.836502"
    },
    {
        "productData": {
            "name": "V Energy Drink Sugarfree 500ml",
            "productId": "v-energy-drink-sugarfree-500ml",
            "productShopPage": "https://plaza.store.supervalue.co.nz/lines/v-energy-drink-sugarfree-500ml",
            "productImageURL": "https://dtgxwmigmg3gc.cloudfront.net/imagery/assets/derivations/icon/512/512/true/eyJpZCI6ImVkZTAxNTNmMDI1NmU1NDZjNWQ5MTc3MjE3ZTQ3YTQ0Iiwic3RvcmFnZSI6InB1YmxpY19zdG9yZSJ9?signature=abcf72d9faa9ee3044eaa3b7ee0bf9b4fd8f582379018d8727f2234b7d3f3c85",
            "productDescription": ""
        },
        "priceData": {
            "bestPrice": "2.60",
            "price": "2.60",
            "pricePerLitre": 5.2,
            "bestPricePerLitre": 5.2
        },
        "store": {
            "id": "5e8256a46d8e694d90048161",
            "name": "Plaza"
        },
        "timestamp": "2021-08-16T18:44:18.697329"
    },
    {
        "productData": {
            "name": "V Energy Drink Sugar Free Guarana 250ml",
            "productId": "v-energy-drink-sugar-free-guarana-250ml",
            "productShopPage": "https://plaza.store.supervalue.co.nz/lines/v-energy-drink-sugar-free-guarana-250ml",
            "productImageURL": "https://dtgxwmigmg3gc.cloudfront.net/imagery/assets/derivations/icon/512/512/true/eyJpZCI6ImZiNzM1NmU4NTMyZDllODlkZTljZmNlOGY2MzQ5NGQwIiwic3RvcmFnZSI6InB1YmxpY19zdG9yZSJ9?signature=72b0ce0a48ca796717c115fe5e8b4564501470f63bf80ae865d26e9d131a2b8c",
            "productDescription": ""
        },
        "priceData": {
            "bestPrice": "2.50",
            "price": "2.50",
            "pricePerLitre": 10.0,
            "bestPricePerLitre": 10.0
        },
        "store": {
            "id": "5e8256a46d8e694d90048161",
            "name": "Plaza"
        },
        "timestamp": "2021-08-16T18:44:19.707525"
    },
    {
        "productData": {
            "name": "V Energy Drink Blue Guarana Spritzed 350ml",
            "productId": "v-blue-energy-drink-blue-guarana-spritzed-350ml",
            "productShopPage": "https://plaza.store.supervalue.co.nz/lines/v-blue-energy-drink-blue-guarana-spritzed-350ml",
            "productImageURL": "https://dtgxwmigmg3gc.cloudfront.net/imagery/assets/derivations/icon/512/512/true/eyJpZCI6ImY2OTRlZGI4NjdlNWMzZDM5NzgzMDQ0ODFkMzUxZGZiIiwic3RvcmFnZSI6InB1YmxpY19zdG9yZSJ9?signature=591b3079cb9c2407a29b3bc348eaf42dc1d34daba5c9d7aba65be654725b6719",
            "productDescription": ""
        },
        "priceData": {
            "bestPrice": "3.69",
            "price": "3.69",
            "pricePerLitre": 10.5,
            "bestPricePerLitre": 10.5
        },
        "store": {
            "id": "5e8256a46d8e694d90048161",
            "name": "Plaza"
        },
        "timestamp": "2021-08-16T18:44:21.465569"
    },
    {
        "productData": {
            "name": "V Energy Drink Green Guarana 350ml",
            "productId": "v-energy-drink-green-guarana-350ml",
            "productShopPage": "https://plaza.store.supervalue.co.nz/lines/v-energy-drink-green-guarana-350ml",
            "productImageURL": "https://dtgxwmigmg3gc.cloudfront.net/imagery/assets/derivations/icon/512/512/true/eyJpZCI6IjRiNjY4ZjYxOTQ2ODYyN2MzM2NiZWMyNGUyNmIyODk4Iiwic3RvcmFnZSI6InB1YmxpY19zdG9yZSJ9?signature=4cded9cb42349eef45a593461f311b1bb7fa881295733879671ad9fe9887d30c",
            "productDescription": ""
        },
        "priceData": {
            "bestPrice": "3.69",
            "price": "3.69",
            "pricePerLitre": 10.5,
            "bestPricePerLitre": 10.5
        },
        "store": {
            "id": "5e8256a46d8e694d90048161",
            "name": "Plaza"
        },
        "timestamp": "2021-08-16T18:44:22.485460"
    },
    {
        "productData": {
            "name": "V Energy Drink Guarana Can 250ml",
            "productId": "v-energy-drink-guarana-can-250ml",
            "productShopPage": "https://plaza.store.supervalue.co.nz/lines/v-energy-drink-guarana-can-250ml",
            "productImageURL": "https://dtgxwmigmg3gc.cloudfront.net/imagery/assets/derivations/icon/512/512/true/eyJpZCI6Ijc3Nzk1NjE2ZDhhNmFiMThhYzEzODYzOTg2ZmNkNzgwIiwic3RvcmFnZSI6InB1YmxpY19zdG9yZSJ9?signature=f5de1854d43e19cc62bff86893d4a55615cd916f8425a4dccd170b52eba81255",
            "productDescription": ""
        },
        "priceData": {
            "bestPrice": "2.50",
            "price": "2.50",
            "pricePerLitre": 10.0,
            "bestPricePerLitre": 10.0
        },
        "store": {
            "id": "5e8256a46d8e694d90048161",
            "name": "Plaza"
        },
        "timestamp": "2021-08-16T18:44:23.536165"
    },
    {
        "productData": {
            "name": "V Energy Drink Guarana Can 500ml",
            "productId": "v-energy-drink-guarana-can-500ml",
            "productShopPage": "https://plaza.store.supervalue.co.nz/lines/v-energy-drink-guarana-can-500ml",
            "productImageURL": "https://dtgxwmigmg3gc.cloudfront.net/imagery/assets/derivations/icon/512/512/true/eyJpZCI6ImI0NjgzNGZjNDRkMjU0MjgzYzJjZGNhMzA2NWIxYjA5Iiwic3RvcmFnZSI6InB1YmxpY19zdG9yZSJ9?signature=265e8273409849423466e7623cbbdf8352940707b8830803eec391e8f32c9c5f",
            "productDescription": ""
        },
        "priceData": {
            "bestPrice": "3.60",
            "price": "3.60",
            "pricePerLitre": 7.199999999999999,
            "bestPricePerLitre": 7.199999999999999
        },
        "store": {
            "id": "5e8256a46d8e694d90048161",
            "name": "Plaza"
        },
        "timestamp": "2021-08-16T18:44:24.434729"
    },
    {
        "productData": {
            "name": "V Energy Drink Raspberry Lemonade 350ml",
            "productId": "v-energy-drink-raspberry-lemonade-350ml",
            "productShopPage": "https://plaza.store.supervalue.co.nz/lines/v-energy-drink-raspberry-lemonade-350ml",
            "productImageURL": "https://dtgxwmigmg3gc.cloudfront.net/imagery/assets/derivations/icon/512/512/true/eyJpZCI6IjliNWMwMGJkN2IxYWRhY2UxNzU5NzY1ZTI4MjUzZDgyIiwic3RvcmFnZSI6InB1YmxpY19zdG9yZSJ9?signature=1813e587f3636e394a15aa9e19234f9343024a6880220b0dda0a5d69b1f1c010",
            "productDescription": ""
        },
        "priceData": {
            "bestPrice": "3.69",
            "price": "3.69",
            "pricePerLitre": 10.5,
            "bestPricePerLitre": 10.5
        },
        "store": {
            "id": "5e8256a46d8e694d90048161",
            "name": "Plaza"
        },
        "timestamp": "2021-08-16T18:44:26.298350"
    },
    {
        "productData": {
            "name": "V Energy Drink Sugar Free Guarana 500ml",
            "productId": "v-energy-drink-sugar-free-guarana-500ml",
            "productShopPage": "https://plaza.store.supervalue.co.nz/lines/v-energy-drink-sugar-free-guarana-500ml",
            "productImageURL": "https://dtgxwmigmg3gc.cloudfront.net/imagery/assets/derivations/icon/512/512/true/eyJpZCI6Ijg4MGExMDYxOTY4NTJiYzM1ZTExMmU2MGE2OWYxNDE3Iiwic3RvcmFnZSI6InB1YmxpY19zdG9yZSJ9?signature=b0536d25b9da8158705e24c88e21fabbf85c1dabc19f18108c386e956ffd7045",
            "productDescription": ""
        },
        "priceData": {
            "bestPrice": "3.60",
            "price": "3.60",
            "pricePerLitre": 7.199999999999999,
            "bestPricePerLitre": 7.199999999999999
        },
        "store": {
            "id": "5e8256a46d8e694d90048161",
            "name": "Plaza"
        },
        "timestamp": "2021-08-16T18:44:27.202470"
    },
    {
        "productData": {
            "name": "V Blue Energy Drink Bottle 500ml",
            "productId": "v-blue-energy-drink-bottle-500ml",
            "productShopPage": "https://plaza.store.supervalue.co.nz/lines/v-blue-energy-drink-bottle-500ml",
            "productImageURL": "https://dtgxwmigmg3gc.cloudfront.net/imagery/assets/derivations/icon/512/512/true/eyJpZCI6IjgyYWYxYWY4MGI4MzUxODhiYmVhZGVhM2U2NzY0MzI5Iiwic3RvcmFnZSI6InB1YmxpY19zdG9yZSJ9?signature=7e70fc576864a528a1431734d680cbf177a11b419a692dbfd34800c31b8944ec",
            "productDescription": ""
        },
        "priceData": {
            "bestPrice": "2.60",
            "price": "2.60",
            "pricePerLitre": 5.2,
            "bestPricePerLitre": 5.2
        },
        "store": {
            "id": "5e8256a46d8e694d90048161",
            "name": "Plaza"
        },
        "timestamp": "2021-08-16T18:44:31.378470"
    },
    {
        "productData": {
            "name": "V Blue Sugarfree Energy Drink 500ml",
            "productId": "v-blue-sugarfree-energy-drink-500ml",
            "productShopPage": "https://plaza.store.supervalue.co.nz/lines/v-blue-sugarfree-energy-drink-500ml",
            "productImageURL": "https://dtgxwmigmg3gc.cloudfront.net/imagery/assets/derivations/icon/512/512/true/eyJpZCI6ImVmYjQyOWRmM2JjZjc3NTY1ZDIwMTEyNTY0MDdmZjA1Iiwic3RvcmFnZSI6InB1YmxpY19zdG9yZSJ9?signature=2911d59474d8305039a3be3bef0f887c38d9ab84596314b13cc4b150101175ab",
            "productDescription": ""
        },
        "priceData": {
            "bestPrice": "3.60",
            "price": "3.60",
            "pricePerLitre": 7.199999999999999,
            "bestPricePerLitre": 7.199999999999999
        },
        "store": {
            "id": "5e8256a46d8e694d90048161",
            "name": "Plaza"
        },
        "timestamp": "2021-08-16T18:44:32.383646"
    },
    {
        "productData": {
            "name": "V Raspberry Lemonade Energy Drink 500ml",
            "productId": "v-energy-drink-raspberry-lemonade-500ml-can",
            "productShopPage": "https://plaza.store.supervalue.co.nz/lines/v-energy-drink-raspberry-lemonade-500ml-can",
            "productImageURL": "https://dtgxwmigmg3gc.cloudfront.net/imagery/assets/derivations/icon/512/512/true/eyJpZCI6ImE3N2Y5NzBmY2FhOWZhYmZiOTc3MmYyMzE4MGRiOTcxIiwic3RvcmFnZSI6InB1YmxpY19zdG9yZSJ9?signature=2bb7890fe6d7b0c0c6a522be31c78077be0aa570ca4c8aa5549ccf80761262dc",
            "productDescription": ""
        },
        "priceData": {
            "bestPrice": "3.60",
            "price": "3.60",
            "pricePerLitre": 7.199999999999999,
            "bestPricePerLitre": 7.199999999999999
        },
        "store": {
            "id": "5e8256a46d8e694d90048161",
            "name": "Plaza"
        },
        "timestamp": "2021-08-16T18:44:33.280839"
    },
    {
        "productData": {
            "name": "V Blue Energy Drink Blue Guarana Can 250ml",
            "productId": "v-blue-energy-drink-blue-guarana-can-250ml",
            "productShopPage": "https://plaza.store.supervalue.co.nz/lines/v-blue-energy-drink-blue-guarana-can-250ml",
            "productImageURL": "https://dtgxwmigmg3gc.cloudfront.net/imagery/assets/derivations/icon/512/512/true/eyJpZCI6IjBmZjQwNDEyZWQ2ZDk4YTg3YWQ2ZDUyMWZlNjM1YzJkIiwic3RvcmFnZSI6InB1YmxpY19zdG9yZSJ9?signature=8f745abe5614ec47b3d7a07f1a34ba529184a87b2a696211ba5a0f9f29c86bf0",
            "productDescription": ""
        },
        "priceData": {
            "bestPrice": "2.50",
            "price": "2.50",
            "pricePerLitre": 10.0,
            "bestPricePerLitre": 10.0
        },
        "store": {
            "id": "5e8256a46d8e694d90048161",
            "name": "Plaza"
        },
        "timestamp": "2021-08-16T18:44:36.113734"
    },
    {
        "productData": {
            "name": "V Blue Energy Drink Blue Guarana Can 500ml",
            "productId": "v-blue-energy-drink-blue-guarana-can-500ml",
            "productShopPage": "https://plaza.store.supervalue.co.nz/lines/v-blue-energy-drink-blue-guarana-can-500ml",
            "productImageURL": "https://dtgxwmigmg3gc.cloudfront.net/imagery/assets/derivations/icon/512/512/true/eyJpZCI6ImFmYjEyYjVjYTU2YWI5ZDJhMTVmNGY2MDg2NWFlNzgxIiwic3RvcmFnZSI6InB1YmxpY19zdG9yZSJ9?signature=b537a8cc5a2c0f90f1702b2c541db44c3a740a0ec4a96e92ab2d6537f9320e8d",
            "productDescription": ""
        },
        "priceData": {
            "bestPrice": "3.60",
            "price": "3.60",
            "pricePerLitre": 7.199999999999999,
            "bestPricePerLitre": 7.199999999999999
        },
        "store": {
            "id": "5e8256a46d8e694d90048161",
            "name": "Plaza"
        },
        "timestamp": "2021-08-16T18:44:37.048509"
    },
    {
        "productData": {
            "name": "V Iced Coffee Guarana Energy 500ml",
            "productId": "v-iced-coffee-guarana-energy-500ml",
            "productShopPage": "https://plaza.store.supervalue.co.nz/lines/v-iced-coffee-guarana-energy-500ml",
            "productImageURL": "https://dtgxwmigmg3gc.cloudfront.net/imagery/assets/derivations/icon/512/512/true/eyJpZCI6ImM0Zjc4YjRmYWVjMjk0NTJkZTNkYzZjNmY5MzBlMjU2Iiwic3RvcmFnZSI6InB1YmxpY19zdG9yZSJ9?signature=14312b2813aab9c1ad551700ec97cd58a3a7f95bef4d0bd7ae7aa2dcf8fcdc9d",
            "productDescription": ""
        },
        "priceData": {
            "bestPrice": "4.19",
            "price": "4.19"
        },
        "store": {
            "id": "5e8256a46d8e694d90048161",
            "name": "Plaza"
        },
        "timestamp": "2021-08-16T18:44:37.982379"
    },
    {
        "productData": {
            "name": "V Energy Drink Sugar Free Guarana Bottle 350ml",
            "productId": "v-energy-drink-sugar-free-guarana-bottle-350ml",
            "productShopPage": "https://plaza.store.supervalue.co.nz/lines/v-energy-drink-sugar-free-guarana-bottle-350ml",
            "productImageURL": "https://dtgxwmigmg3gc.cloudfront.net/imagery/assets/derivations/icon/512/512/true/eyJpZCI6IjQzYmZlOTg1YzY2ZGQ0ZDI1YzUyZDk3MGJhMmJhMGM3Iiwic3RvcmFnZSI6InB1YmxpY19zdG9yZSJ9?signature=7a4bb3eb2264f52495ae9ba8fbf21b5a3e59e12c0d6208cfa1591261da333f55",
            "productDescription": ""
        },
        "priceData": {
            "bestPrice": "3.69",
            "price": "3.69",
            "pricePerLitre": 10.5,
            "bestPricePerLitre": 10.5
        },
        "store": {
            "id": "5e8256a46d8e694d90048161",
            "name": "Plaza"
        },
        "timestamp": "2021-08-16T18:44:40.694223"
    },
    {
        "productData": {
            "name": "V Pure Energy Drink Bottle 330ml",
            "productId": "v-pure-330ml-bottle",
            "productShopPage": "https://plaza.store.supervalue.co.nz/lines/v-pure-330ml-bottle",
            "productImageURL": "https://dtgxwmigmg3gc.cloudfront.net/imagery/assets/derivations/icon/512/512/true/eyJpZCI6ImFjZmFlNGE1MmQ1ZmNhOTVhN2IyNzdhOGQ3ZTBjNTY0Iiwic3RvcmFnZSI6InB1YmxpY19zdG9yZSJ9?signature=ff03797de044ef70d02854192249a79b3cd819353c7171ef7358378e76bfc089",
            "productDescription": ""
        },
        "priceData": {
            "bestPrice": "3.69",
            "price": "3.69",
            "pricePerLitre": 11.200000000000001,
            "bestPricePerLitre": 11.200000000000001
        },
        "store": {
            "id": "5e8256a46d8e694d90048161",
            "name": "Plaza"
        },
        "timestamp": "2021-08-16T18:44:44.526302"
    },
    {
        "productData": {
            "name": "Monster Mule Ginger Brew 500ml",
            "productId": "monster-mule-ginger-brew-500ml",
            "productShopPage": "https://plaza.store.supervalue.co.nz/lines/monster-mule-ginger-brew-500ml",
            "productImageURL": "https://dtgxwmigmg3gc.cloudfront.net/imagery/assets/derivations/icon/512/512/true/eyJpZCI6ImM1OTM5MTIyZTRlNmNhNzk0ODFlMDE4ZWVmMWE2Y2ZlIiwic3RvcmFnZSI6InB1YmxpY19zdG9yZSJ9?signature=5d11287f30ef58c148e37382d61c0d83097d5461683a9aa5dd9456941c1f32e5",
            "productDescription": ""
        },
        "priceData": {
            "bestPrice": "2.60",
            "price": "2.60",
            "pricePerLitre": 5.2,
            "bestPricePerLitre": 5.2
        },
        "store": {
            "id": "5e8256a46d8e694d90048161",
            "name": "Plaza"
        },
        "timestamp": "2021-08-16T18:44:50.279834"
    },
    {
        "productData": {
            "name": "Monster Energy Pipeline Punch 500ml",
            "productId": "monster-energy-pipeline-punch-500ml",
            "productShopPage": "https://plaza.store.supervalue.co.nz/lines/monster-energy-pipeline-punch-500ml",
            "productImageURL": "https://dtgxwmigmg3gc.cloudfront.net/imagery/assets/derivations/icon/512/512/true/eyJpZCI6IjM3ZWY2OTY5OWFlNTJlZTRjNTY1ZmFmYWIwOTIxMjg4Iiwic3RvcmFnZSI6InB1YmxpY19zdG9yZSJ9?signature=79ed6699c35bd716a9d5d9457c39ce62c523edaa4059b6b45d4dcc7caf65cef9",
            "productDescription": ""
        },
        "priceData": {
            "bestPrice": "2.60",
            "price": "2.60",
            "pricePerLitre": 5.2,
            "bestPricePerLitre": 5.2
        },
        "store": {
            "id": "5e8256a46d8e694d90048161",
            "name": "Plaza"
        },
        "timestamp": "2021-08-16T18:44:54.483847"
    },
    {
        "productData": {
            "name": "Live Plus Energy Drink Citrus Flavour 500ml",
            "productId": "live-plus-persist-500ml",
            "productShopPage": "https://plaza.store.supervalue.co.nz/lines/live-plus-persist-500ml",
            "productImageURL": "https://dtgxwmigmg3gc.cloudfront.net/imagery/assets/derivations/icon/512/512/true/eyJpZCI6IjFlNWQ5YzI4OWM1N2UzNmYzZmI2NThlMDQzZTI3ZjE4Iiwic3RvcmFnZSI6InB1YmxpY19zdG9yZSJ9?signature=756b17fefe47174b90e7dbec8cd09db27f9f59f4994bc750b71256ae93ba9fa8",
            "productDescription": ""
        },
        "priceData": {
            "bestPrice": "2.20",
            "price": "2.20",
            "pricePerLitre": 4.4,
            "bestPricePerLitre": 4.4
        },
        "store": {
            "id": "5e8256a46d8e694d90048161",
            "name": "Plaza"
        },
        "timestamp": "2021-08-16T18:44:55.468950"
    },
    {
        "productData": {
            "name": "V Guarana Energy Drink Blue Sugarfree 250ml",
            "productId": "v-blue-sugarfree-energy-drink-250ml",
            "productShopPage": "https://plaza.store.supervalue.co.nz/lines/v-blue-sugarfree-energy-drink-250ml",
            "productImageURL": "https://dtgxwmigmg3gc.cloudfront.net/imagery/assets/derivations/icon/512/512/true/eyJpZCI6IjI3YWJiOTVhYjNhMjEwMDU2MWJhMmRhNTM3YjRhZjVmIiwic3RvcmFnZSI6InB1YmxpY19zdG9yZSJ9?signature=66769306ca1d0ba674603954d338186dc999f6d1839090d49fde9416b3252365",
            "productDescription": ""
        },
        "priceData": {
            "bestPrice": "2.50",
            "price": "2.50",
            "pricePerLitre": 10.0,
            "bestPricePerLitre": 10.0
        },
        "store": {
            "id": "5e8256a46d8e694d90048161",
            "name": "Plaza"
        },
        "timestamp": "2021-08-16T18:44:57.228343"
    },
    {
        "productData": {
            "name": "Live Plus Energy Drink Original Citrus Flavour 355ml",
            "productId": "live-plus-persist-glass-355ml",
            "productShopPage": "https://plaza.store.supervalue.co.nz/lines/live-plus-persist-glass-355ml",
            "productImageURL": "https://dtgxwmigmg3gc.cloudfront.net/imagery/assets/derivations/icon/512/512/true/eyJpZCI6ImYzMjZlMTdmMmI5ZGRjZGYzYmFmNzNiMWQzN2Y5NDI4Iiwic3RvcmFnZSI6InB1YmxpY19zdG9yZSJ9?signature=8fa31eb2b309e9c7a293ba2e7a7541e3cdc686b1d3f519044aa97c666ae5f630",
            "productDescription": ""
        },
        "priceData": {
            "bestPrice": "2.10",
            "price": "2.10",
            "pricePerLitre": 5.8999999999999995,
            "bestPricePerLitre": 5.8999999999999995
        },
        "store": {
            "id": "5e8256a46d8e694d90048161",
            "name": "Plaza"
        },
        "timestamp": "2021-08-16T18:44:59.117390"
    },
    {
        "productData": {
            "name": "Rockstar Punched Energy Guava 500ml",
            "productId": "rockstar-punched-energy-guava-500ml",
            "productShopPage": "https://plaza.store.supervalue.co.nz/lines/rockstar-punched-energy-guava-500ml",
            "productImageURL": "https://dtgxwmigmg3gc.cloudfront.net/imagery/assets/derivations/icon/512/512/true/eyJpZCI6IjBmNGEyNjU2MGQwM2Y4OGI4MWE3ZTMyODUzYTRlN2QyIiwic3RvcmFnZSI6InB1YmxpY19zdG9yZSJ9?signature=fab45ac774e74d87cf7a79de075f47290676fd6d4afcf212198c745670d5ce29",
            "productDescription": ""
        },
        "priceData": {
            "bestPrice": "2.20",
            "price": "2.20",
            "pricePerLitre": 4.4,
            "bestPricePerLitre": 4.4
        },
        "store": {
            "id": "5e8256a46d8e694d90048161",
            "name": "Plaza"
        },
        "timestamp": "2021-08-16T18:45:04.095027"
    },
    {
        "productData": {
            "name": "Rockstar Energy Drink Blueberry Can 500ml",
            "productId": "rockstar-energy-drink-xdurance-blueberry-can-500ml",
            "productShopPage": "https://plaza.store.supervalue.co.nz/lines/rockstar-energy-drink-xdurance-blueberry-can-500ml",
            "productImageURL": "https://dtgxwmigmg3gc.cloudfront.net/imagery/assets/derivations/icon/512/512/true/eyJpZCI6IjY1MTQ4NjBlZDIwNjhlNzI5ZmRhZGMxOTM0ODQyYWU3Iiwic3RvcmFnZSI6InB1YmxpY19zdG9yZSJ9?signature=1eec52fc35535ecd0973dd7428b24690138b0ff6988229d86ccc26bfb1bbfd24",
            "productDescription": ""
        },
        "priceData": {
            "bestPrice": "2.20",
            "price": "2.20",
            "pricePerLitre": 4.4,
            "bestPricePerLitre": 4.4
        },
        "store": {
            "id": "5e8256a46d8e694d90048161",
            "name": "Plaza"
        },
        "timestamp": "2021-08-16T18:45:06.028314"
    },
    {
        "productData": {
            "name": "Mother Kicked Apple 500ml",
            "productId": "mother-kicked-apple-500ml",
            "productShopPage": "https://reefton.store.supervalue.co.nz/lines/mother-kicked-apple-500ml",
            "productImageURL": "https://dtgxwmigmg3gc.cloudfront.net/imagery/assets/derivations/icon/512/512/true/eyJpZCI6IjNhZTlkYjkwYTM4MDFjMGEwYjUwYThhMDAwYjkyZjM0Iiwic3RvcmFnZSI6InB1YmxpY19zdG9yZSJ9?signature=c1a1db0a5d7b074c388cf08560fd44a4a2b6127821554198e54eeea8474325f6",
            "productDescription": ""
        },
        "priceData": {
            "bestPrice": "2.20",
            "price": "2.20",
            "pricePerLitre": 4.4,
            "bestPricePerLitre": 4.4
        },
        "store": {
            "id": "5e755fca1db5f55ff0097a16",
            "name": "Reefton"
        },
        "timestamp": "2021-08-16T18:45:07.069840"
    },
    {
        "productData": {
            "name": "Monster Energy Ultra Paradise 500ml",
            "productId": "monster-energy-drink-ultra-paradise-500ml",
            "productShopPage": "https://reefton.store.supervalue.co.nz/lines/monster-energy-drink-ultra-paradise-500ml",
            "productImageURL": "https://dtgxwmigmg3gc.cloudfront.net/imagery/assets/derivations/icon/512/512/true/eyJpZCI6ImZiZDRkZTQxNzA0M2FiYTUyMjMwZWI0NTcyZGNmYTE1Iiwic3RvcmFnZSI6InB1YmxpY19zdG9yZSJ9?signature=8a439bf26b71114289dfea1720ed331b1e4784c534deade29db8ac38b1cc7c1a",
            "productDescription": ""
        },
        "priceData": {
            "bestPrice": "2.60",
            "price": "2.60",
            "pricePerLitre": 5.2,
            "bestPricePerLitre": 5.2
        },
        "store": {
            "id": "5e755fca1db5f55ff0097a16",
            "name": "Reefton"
        },
        "timestamp": "2021-08-16T18:45:09.780333"
    },
    {
        "productData": {
            "name": "Monster Energy Ultra Zero 500ml",
            "productId": "monster-energy-ultra-zero-500ml",
            "productShopPage": "https://reefton.store.supervalue.co.nz/lines/monster-energy-ultra-zero-500ml",
            "productImageURL": "https://dtgxwmigmg3gc.cloudfront.net/imagery/assets/derivations/icon/512/512/true/eyJpZCI6IjdhN2FhYTUwZWU2NTYwYjBiNGY1NThhMTgwNmVlODI3Iiwic3RvcmFnZSI6InB1YmxpY19zdG9yZSJ9?signature=7907c49ba7d043175a426f84a71776de7dd51fa5c249237063aca9cb098abdbe",
            "productDescription": ""
        },
        "priceData": {
            "bestPrice": "2.60",
            "price": "2.60",
            "pricePerLitre": 5.2,
            "bestPricePerLitre": 5.2
        },
        "store": {
            "id": "5e755fca1db5f55ff0097a16",
            "name": "Reefton"
        },
        "timestamp": "2021-08-16T18:45:11.667142"
    },
    {
        "productData": {
            "name": "Monster Energy Drink Can Green 500ml",
            "productId": "monster-energy-green-500ml",
            "productShopPage": "https://reefton.store.supervalue.co.nz/lines/monster-energy-green-500ml",
            "productImageURL": "https://dtgxwmigmg3gc.cloudfront.net/imagery/assets/derivations/icon/512/512/true/eyJpZCI6ImU3ZjNiNjJiNzI4Y2M0MTIxMjhiNjQ2ZmQ2OTQzMGEzIiwic3RvcmFnZSI6InB1YmxpY19zdG9yZSJ9?signature=637eac56411f57a79f345ea693f1418330d5742c3a04caddb460696dba06da06",
            "productDescription": ""
        },
        "priceData": {
            "bestPrice": "2.60",
            "price": "2.60",
            "pricePerLitre": 5.2,
            "bestPricePerLitre": 5.2
        },
        "store": {
            "id": "5e755fca1db5f55ff0097a16",
            "name": "Reefton"
        },
        "timestamp": "2021-08-16T18:45:12.850664"
    },
    {
        "productData": {
            "name": "Monster Energy Drink Ultra Rosa 500ml",
            "productId": "monster-energy-drink-ultra-rosa-500ml",
            "productShopPage": "https://reefton.store.supervalue.co.nz/lines/monster-energy-drink-ultra-rosa-500ml",
            "productImageURL": "https://dtgxwmigmg3gc.cloudfront.net/imagery/assets/derivations/icon/512/512/true/eyJpZCI6IjZjYzFjMzcwYzM4Mzk4N2MyOTUzNWIyMTFjZTJlYjgxIiwic3RvcmFnZSI6InB1YmxpY19zdG9yZSJ9?signature=9cd08284785f9b24647ecc7d1dc08214d9d00318cc809bebdef1921d6b78bb95",
            "productDescription": ""
        },
        "priceData": {
            "bestPrice": "2.60",
            "price": "2.60",
            "pricePerLitre": 5.2,
            "bestPricePerLitre": 5.2
        },
        "store": {
            "id": "5e755fca1db5f55ff0097a16",
            "name": "Reefton"
        },
        "timestamp": "2021-08-16T18:45:13.847369"
    },
    {
        "productData": {
            "name": "Mother Energy Drink Berry 500ml",
            "productId": "mother-energy-drink-berry-500ml",
            "productShopPage": "https://reefton.store.supervalue.co.nz/lines/mother-energy-drink-berry-500ml",
            "productImageURL": "https://dtgxwmigmg3gc.cloudfront.net/imagery/assets/derivations/icon/512/512/true/eyJpZCI6ImRhYTJlNjUzNzRjZjViNjI0ZDljNzUzNDA3YmE0ZDFkIiwic3RvcmFnZSI6InB1YmxpY19zdG9yZSJ9?signature=d9ffb465d71d599811c2ff7a788845bfe297eb3624ad7866a89cf0b3ece073f0",
            "productDescription": ""
        },
        "priceData": {
            "bestPrice": "2.20",
            "price": "2.20",
            "pricePerLitre": 4.4,
            "bestPricePerLitre": 4.4
        },
        "store": {
            "id": "5e755fca1db5f55ff0097a16",
            "name": "Reefton"
        },
        "timestamp": "2021-08-16T18:45:16.753565"
    },
    {
        "productData": {
            "name": "Mother Energy Drink Black 500ml",
            "productId": "mother-energy-drink-black-500ml",
            "productShopPage": "https://reefton.store.supervalue.co.nz/lines/mother-energy-drink-black-500ml",
            "productImageURL": "https://dtgxwmigmg3gc.cloudfront.net/imagery/assets/derivations/icon/512/512/true/eyJpZCI6ImYyMzA5MjhkYjg3ODFhYmYzZDU3ZjE1YjNmYzU2MWFjIiwic3RvcmFnZSI6InB1YmxpY19zdG9yZSJ9?signature=d3dbddb83d3d457075cd5d8936bef0c5b48fce4fa3fe725995d8b6d57219ceb5",
            "productDescription": ""
        },
        "priceData": {
            "bestPrice": "2.20",
            "price": "2.20",
            "pricePerLitre": 4.4,
            "bestPricePerLitre": 4.4
        },
        "store": {
            "id": "5e755fca1db5f55ff0097a16",
            "name": "Reefton"
        },
        "timestamp": "2021-08-16T18:45:17.716543"
    },
    {
        "productData": {
            "name": "Mother Energy Drink Cans 6x250ml",
            "productId": "mother-energy-drink-6x250ml-cans",
            "productShopPage": "https://reefton.store.supervalue.co.nz/lines/mother-energy-drink-6x250ml-cans",
            "productImageURL": "https://dtgxwmigmg3gc.cloudfront.net/imagery/assets/derivations/icon/512/512/true/eyJpZCI6IjEyOGFhMmU0Y2VkYTU4ZWFkZmVhOWUwZjdlNTZhOTA4Iiwic3RvcmFnZSI6InB1YmxpY19zdG9yZSJ9?signature=5db1908f64527cf28fa7bf3266a83ab854a07ca50453511f7d414d8e6d5c10fb",
            "productDescription": ""
        },
        "priceData": {
            "bestPrice": "8.00",
            "price": "8.00",
            "pricePerLitre": 5.300000000000001,
            "bestPricePerLitre": 5.300000000000001
        },
        "store": {
            "id": "5e755fca1db5f55ff0097a16",
            "name": "Reefton"
        },
        "timestamp": "2021-08-16T18:45:18.739884"
    },
    {
        "productData": {
            "name": "Mother Energy Drink Passion 500ml",
            "productId": "mother-energy-drink-passion-500ml",
            "productShopPage": "https://reefton.store.supervalue.co.nz/lines/mother-energy-drink-passion-500ml",
            "productImageURL": "https://dtgxwmigmg3gc.cloudfront.net/imagery/assets/derivations/icon/512/512/true/eyJpZCI6ImQwODE2YTc4ZjBmNGU4NTU5Mzg1YjkxZmI5YjIzZjM0Iiwic3RvcmFnZSI6InB1YmxpY19zdG9yZSJ9?signature=713c495fef96a6427b917f0c7c7e855a963749ac5c1bf7dfd71e24ae08ea3123",
            "productDescription": ""
        },
        "priceData": {
            "bestPrice": "2.20",
            "price": "2.20",
            "pricePerLitre": 4.4,
            "bestPricePerLitre": 4.4
        },
        "store": {
            "id": "5e755fca1db5f55ff0097a16",
            "name": "Reefton"
        },
        "timestamp": "2021-08-16T18:45:19.840135"
    },
    {
        "productData": {
            "name": "Mother Tropical Blast 500ml",
            "productId": "mother-tropical-blast-500ml",
            "productShopPage": "https://reefton.store.supervalue.co.nz/lines/mother-tropical-blast-500ml",
            "productImageURL": "https://dtgxwmigmg3gc.cloudfront.net/imagery/assets/derivations/icon/512/512/true/eyJpZCI6ImEyZmM1OTUwNDhlODM5YTRhMjQ2MTI1OGEyYzNlZWZhIiwic3RvcmFnZSI6InB1YmxpY19zdG9yZSJ9?signature=6c9470ee4067e8ec32b58eeac9d628404d3986058a9b1cdef46014d1bee50944",
            "productDescription": ""
        },
        "priceData": {
            "bestPrice": "2.20",
            "price": "2.20",
            "pricePerLitre": 4.4,
            "bestPricePerLitre": 4.4
        },
        "store": {
            "id": "5e755fca1db5f55ff0097a16",
            "name": "Reefton"
        },
        "timestamp": "2021-08-16T18:45:21.029459"
    },
    {
        "productData": {
            "name": "Mother Epic Swell Energy Drink Twisted Apple 500ml",
            "productId": "mother-epic-swell-energy-drink-twisted-apple-500ml",
            "productShopPage": "https://reefton.store.supervalue.co.nz/lines/mother-epic-swell-energy-drink-twisted-apple-500ml",
            "productImageURL": "https://dtgxwmigmg3gc.cloudfront.net/imagery/assets/derivations/icon/512/512/true/eyJpZCI6ImE2ZjYxOGNhNjUyYzMxNzRhNjg2MDBhMGVjZmQ3MmJkIiwic3RvcmFnZSI6InB1YmxpY19zdG9yZSJ9?signature=954f74f8aba0fb24cb2a5248b1e93fe8a62fb8c7f902abbb08b7aed24bc44c80",
            "productDescription": ""
        },
        "priceData": {
            "bestPrice": "2.20",
            "price": "2.20",
            "pricePerLitre": 4.4,
            "bestPricePerLitre": 4.4
        },
        "store": {
            "id": "5e755fca1db5f55ff0097a16",
            "name": "Reefton"
        },
        "timestamp": "2021-08-16T18:45:23.728319"
    },
    {
        "productData": {
            "name": "Monster Energy Juice Mango Loco 500ml",
            "productId": "monster-energy-juice-mango-loco-500ml-can",
            "productShopPage": "https://reefton.store.supervalue.co.nz/lines/monster-energy-juice-mango-loco-500ml-can",
            "productImageURL": "https://dtgxwmigmg3gc.cloudfront.net/imagery/assets/derivations/icon/512/512/true/eyJpZCI6ImUyNmIyNzdlMzJkOTg5NjI4YWYxYzg2MTU2MjI0ZjgzIiwic3RvcmFnZSI6InB1YmxpY19zdG9yZSJ9?signature=db65ff44183396e60e8f4c13003417fb1277f7685b136cf223d7701f7e945faf",
            "productDescription": ""
        },
        "priceData": {
            "bestPrice": "2.60",
            "price": "2.60",
            "pricePerLitre": 5.2,
            "bestPricePerLitre": 5.2
        },
        "store": {
            "id": "5e755fca1db5f55ff0097a16",
            "name": "Reefton"
        },
        "timestamp": "2021-08-16T18:45:24.861486"
    },
    {
        "productData": {
            "name": "V Energy Drink Guarana 500ml",
            "productId": "v-energy-drink-guarana-500ml",
            "productShopPage": "https://reefton.store.supervalue.co.nz/lines/v-energy-drink-guarana-500ml",
            "productImageURL": "https://dtgxwmigmg3gc.cloudfront.net/imagery/assets/derivations/icon/512/512/true/eyJpZCI6IjgzZDAxMjhiMzg4NmEwZmE4YTE2ZjY2NWIzNmM2NzI2Iiwic3RvcmFnZSI6InB1YmxpY19zdG9yZSJ9?signature=f55ecc561066291a4e74a967db35ea2355f881bd1708bf400fd790032384ae4f",
            "productDescription": ""
        },
        "priceData": {
            "bestPrice": "2.60",
            "price": "2.60",
            "pricePerLitre": 5.2,
            "bestPricePerLitre": 5.2
        },
        "store": {
            "id": "5e755fca1db5f55ff0097a16",
            "name": "Reefton"
        },
        "timestamp": "2021-08-16T18:45:26.641275"
    },
    {
        "productData": {
            "name": "V Energy Drink Sugar Free Guarana 250ml",
            "productId": "v-energy-drink-sugar-free-guarana-250ml",
            "productShopPage": "https://reefton.store.supervalue.co.nz/lines/v-energy-drink-sugar-free-guarana-250ml",
            "productImageURL": "https://dtgxwmigmg3gc.cloudfront.net/imagery/assets/derivations/icon/512/512/true/eyJpZCI6ImZiNzM1NmU4NTMyZDllODlkZTljZmNlOGY2MzQ5NGQwIiwic3RvcmFnZSI6InB1YmxpY19zdG9yZSJ9?signature=72b0ce0a48ca796717c115fe5e8b4564501470f63bf80ae865d26e9d131a2b8c",
            "productDescription": ""
        },
        "priceData": {
            "bestPrice": "2.50",
            "price": "2.50",
            "pricePerLitre": 10.0,
            "bestPricePerLitre": 10.0
        },
        "store": {
            "id": "5e755fca1db5f55ff0097a16",
            "name": "Reefton"
        },
        "timestamp": "2021-08-16T18:45:28.458278"
    },
    {
        "productData": {
            "name": "V Energy Drink Blue Guarana Spritzed 350ml",
            "productId": "v-blue-energy-drink-blue-guarana-spritzed-350ml",
            "productShopPage": "https://reefton.store.supervalue.co.nz/lines/v-blue-energy-drink-blue-guarana-spritzed-350ml",
            "productImageURL": "https://dtgxwmigmg3gc.cloudfront.net/imagery/assets/derivations/icon/512/512/true/eyJpZCI6ImY2OTRlZGI4NjdlNWMzZDM5NzgzMDQ0ODFkMzUxZGZiIiwic3RvcmFnZSI6InB1YmxpY19zdG9yZSJ9?signature=591b3079cb9c2407a29b3bc348eaf42dc1d34daba5c9d7aba65be654725b6719",
            "productDescription": ""
        },
        "priceData": {
            "bestPrice": "3.79",
            "price": "3.79",
            "pricePerLitre": 10.8,
            "bestPricePerLitre": 10.8
        },
        "store": {
            "id": "5e755fca1db5f55ff0097a16",
            "name": "Reefton"
        },
        "timestamp": "2021-08-16T18:45:30.628223"
    },
    {
        "productData": {
            "name": "V Energy Drink Green Guarana 350ml",
            "productId": "v-energy-drink-green-guarana-350ml",
            "productShopPage": "https://reefton.store.supervalue.co.nz/lines/v-energy-drink-green-guarana-350ml",
            "productImageURL": "https://dtgxwmigmg3gc.cloudfront.net/imagery/assets/derivations/icon/512/512/true/eyJpZCI6IjRiNjY4ZjYxOTQ2ODYyN2MzM2NiZWMyNGUyNmIyODk4Iiwic3RvcmFnZSI6InB1YmxpY19zdG9yZSJ9?signature=4cded9cb42349eef45a593461f311b1bb7fa881295733879671ad9fe9887d30c",
            "productDescription": ""
        },
        "priceData": {
            "bestPrice": "3.79",
            "price": "3.79",
            "pricePerLitre": 10.8,
            "bestPricePerLitre": 10.8
        },
        "store": {
            "id": "5e755fca1db5f55ff0097a16",
            "name": "Reefton"
        },
        "timestamp": "2021-08-16T18:45:31.525136"
    },
    {
        "productData": {
            "name": "V Energy Drink Guarana Can 250ml",
            "productId": "v-energy-drink-guarana-can-250ml",
            "productShopPage": "https://reefton.store.supervalue.co.nz/lines/v-energy-drink-guarana-can-250ml",
            "productImageURL": "https://dtgxwmigmg3gc.cloudfront.net/imagery/assets/derivations/icon/512/512/true/eyJpZCI6Ijc3Nzk1NjE2ZDhhNmFiMThhYzEzODYzOTg2ZmNkNzgwIiwic3RvcmFnZSI6InB1YmxpY19zdG9yZSJ9?signature=f5de1854d43e19cc62bff86893d4a55615cd916f8425a4dccd170b52eba81255",
            "productDescription": ""
        },
        "priceData": {
            "bestPrice": "2.50",
            "price": "2.50",
            "pricePerLitre": 10.0,
            "bestPricePerLitre": 10.0
        },
        "store": {
            "id": "5e755fca1db5f55ff0097a16",
            "name": "Reefton"
        },
        "timestamp": "2021-08-16T18:45:32.649276"
    },
    {
        "productData": {
            "name": "V Energy Drink Guarana Can 500ml",
            "productId": "v-energy-drink-guarana-can-500ml",
            "productShopPage": "https://reefton.store.supervalue.co.nz/lines/v-energy-drink-guarana-can-500ml",
            "productImageURL": "https://dtgxwmigmg3gc.cloudfront.net/imagery/assets/derivations/icon/512/512/true/eyJpZCI6ImI0NjgzNGZjNDRkMjU0MjgzYzJjZGNhMzA2NWIxYjA5Iiwic3RvcmFnZSI6InB1YmxpY19zdG9yZSJ9?signature=265e8273409849423466e7623cbbdf8352940707b8830803eec391e8f32c9c5f",
            "productDescription": ""
        },
        "priceData": {
            "bestPrice": "3.60",
            "price": "3.60",
            "pricePerLitre": 7.199999999999999,
            "bestPricePerLitre": 7.199999999999999
        },
        "store": {
            "id": "5e755fca1db5f55ff0097a16",
            "name": "Reefton"
        },
        "timestamp": "2021-08-16T18:45:33.861530"
    },
    {
        "productData": {
            "name": "V Energy Drink Sugar Free Guarana 500ml",
            "productId": "v-energy-drink-sugar-free-guarana-500ml",
            "productShopPage": "https://reefton.store.supervalue.co.nz/lines/v-energy-drink-sugar-free-guarana-500ml",
            "productImageURL": "https://dtgxwmigmg3gc.cloudfront.net/imagery/assets/derivations/icon/512/512/true/eyJpZCI6Ijg4MGExMDYxOTY4NTJiYzM1ZTExMmU2MGE2OWYxNDE3Iiwic3RvcmFnZSI6InB1YmxpY19zdG9yZSJ9?signature=b0536d25b9da8158705e24c88e21fabbf85c1dabc19f18108c386e956ffd7045",
            "productDescription": ""
        },
        "priceData": {
            "bestPrice": "3.60",
            "price": "3.60",
            "pricePerLitre": 7.199999999999999,
            "bestPricePerLitre": 7.199999999999999
        },
        "store": {
            "id": "5e755fca1db5f55ff0097a16",
            "name": "Reefton"
        },
        "timestamp": "2021-08-16T18:45:36.662034"
    },
    {
        "productData": {
            "name": "V Energy Drink Skills Cans 275ml 4 Pack",
            "productId": "v-energy-drink-skills-cans-275ml-4-pack",
            "productShopPage": "https://reefton.store.supervalue.co.nz/lines/v-energy-drink-skills-cans-275ml-4-pack",
            "productImageURL": "https://dtgxwmigmg3gc.cloudfront.net/imagery/assets/derivations/icon/512/512/true/eyJpZCI6ImZhMzA2N2NiM2YxMmVkM2ZhZjhhYmM4OGE1YTJhNzczIiwic3RvcmFnZSI6InB1YmxpY19zdG9yZSJ9?signature=34fcde8f5a021036c475a1dfff6748625e0747bb134ec737312b15bbe8e883eb",
            "productDescription": ""
        },
        "priceData": {
            "bestPrice": "8.00",
            "price": "8.00",
            "pricePerLitre": 7.3,
            "bestPricePerLitre": 7.3
        },
        "store": {
            "id": "5e755fca1db5f55ff0097a16",
            "name": "Reefton"
        },
        "timestamp": "2021-08-16T18:45:37.679660"
    },
    {
        "productData": {
            "name": "V Blue Energy Drink Bottle 500ml",
            "productId": "v-blue-energy-drink-bottle-500ml",
            "productShopPage": "https://reefton.store.supervalue.co.nz/lines/v-blue-energy-drink-bottle-500ml",
            "productImageURL": "https://dtgxwmigmg3gc.cloudfront.net/imagery/assets/derivations/icon/512/512/true/eyJpZCI6IjgyYWYxYWY4MGI4MzUxODhiYmVhZGVhM2U2NzY0MzI5Iiwic3RvcmFnZSI6InB1YmxpY19zdG9yZSJ9?signature=7e70fc576864a528a1431734d680cbf177a11b419a692dbfd34800c31b8944ec",
            "productDescription": ""
        },
        "priceData": {
            "bestPrice": "2.60",
            "price": "2.60",
            "pricePerLitre": 5.2,
            "bestPricePerLitre": 5.2
        },
        "store": {
            "id": "5e755fca1db5f55ff0097a16",
            "name": "Reefton"
        },
        "timestamp": "2021-08-16T18:45:40.066702"
    },
    {
        "productData": {
            "name": "V Blue Sugarfree Energy Drink 500ml",
            "productId": "v-blue-sugarfree-energy-drink-500ml",
            "productShopPage": "https://reefton.store.supervalue.co.nz/lines/v-blue-sugarfree-energy-drink-500ml",
            "productImageURL": "https://dtgxwmigmg3gc.cloudfront.net/imagery/assets/derivations/icon/512/512/true/eyJpZCI6ImVmYjQyOWRmM2JjZjc3NTY1ZDIwMTEyNTY0MDdmZjA1Iiwic3RvcmFnZSI6InB1YmxpY19zdG9yZSJ9?signature=2911d59474d8305039a3be3bef0f887c38d9ab84596314b13cc4b150101175ab",
            "productDescription": ""
        },
        "priceData": {
            "bestPrice": "3.60",
            "price": "3.60",
            "pricePerLitre": 7.199999999999999,
            "bestPricePerLitre": 7.199999999999999
        },
        "store": {
            "id": "5e755fca1db5f55ff0097a16",
            "name": "Reefton"
        },
        "timestamp": "2021-08-16T18:45:41.000699"
    },
    {
        "productData": {
            "name": "V Blue Energy Drink 275ml Cans 4 Pack",
            "productId": "v-blue-energy-drink-275ml-cans-4-pack",
            "productShopPage": "https://reefton.store.supervalue.co.nz/lines/v-blue-energy-drink-275ml-cans-4-pack",
            "productImageURL": "https://dtgxwmigmg3gc.cloudfront.net/imagery/assets/derivations/icon/512/512/true/eyJpZCI6IjcxMTc0MzEzN2QzNTUzODQwMmUyODZjMDJkNTM3OTk3Iiwic3RvcmFnZSI6InB1YmxpY19zdG9yZSJ9?signature=5697ef2f72e1e995472b76c19c7c6201b3deb266e060743ac9ae1219dbf2226c",
            "productDescription": ""
        },
        "priceData": {
            "bestPrice": "8.00",
            "price": "8.00",
            "pricePerLitre": 7.3,
            "bestPricePerLitre": 7.3
        },
        "store": {
            "id": "5e755fca1db5f55ff0097a16",
            "name": "Reefton"
        },
        "timestamp": "2021-08-16T18:45:44.133708"
    },
    {
        "productData": {
            "name": "V Blue Energy Drink Blue Guarana Can 250ml",
            "productId": "v-blue-energy-drink-blue-guarana-can-250ml",
            "productShopPage": "https://reefton.store.supervalue.co.nz/lines/v-blue-energy-drink-blue-guarana-can-250ml",
            "productImageURL": "https://dtgxwmigmg3gc.cloudfront.net/imagery/assets/derivations/icon/512/512/true/eyJpZCI6IjBmZjQwNDEyZWQ2ZDk4YTg3YWQ2ZDUyMWZlNjM1YzJkIiwic3RvcmFnZSI6InB1YmxpY19zdG9yZSJ9?signature=8f745abe5614ec47b3d7a07f1a34ba529184a87b2a696211ba5a0f9f29c86bf0",
            "productDescription": ""
        },
        "priceData": {
            "bestPrice": "2.50",
            "price": "2.50",
            "pricePerLitre": 10.0,
            "bestPricePerLitre": 10.0
        },
        "store": {
            "id": "5e755fca1db5f55ff0097a16",
            "name": "Reefton"
        },
        "timestamp": "2021-08-16T18:45:45.033496"
    },
    {
        "productData": {
            "name": "V Blue Energy Drink Blue Guarana Can 500ml",
            "productId": "v-blue-energy-drink-blue-guarana-can-500ml",
            "productShopPage": "https://reefton.store.supervalue.co.nz/lines/v-blue-energy-drink-blue-guarana-can-500ml",
            "productImageURL": "https://dtgxwmigmg3gc.cloudfront.net/imagery/assets/derivations/icon/512/512/true/eyJpZCI6ImFmYjEyYjVjYTU2YWI5ZDJhMTVmNGY2MDg2NWFlNzgxIiwic3RvcmFnZSI6InB1YmxpY19zdG9yZSJ9?signature=b537a8cc5a2c0f90f1702b2c541db44c3a740a0ec4a96e92ab2d6537f9320e8d",
            "productDescription": ""
        },
        "priceData": {
            "bestPrice": "3.60",
            "price": "3.60",
            "pricePerLitre": 7.199999999999999,
            "bestPricePerLitre": 7.199999999999999
        },
        "store": {
            "id": "5e755fca1db5f55ff0097a16",
            "name": "Reefton"
        },
        "timestamp": "2021-08-16T18:45:46.007679"
    },
    {
        "productData": {
            "name": "Monster Mule Ginger Brew 500ml",
            "productId": "monster-mule-ginger-brew-500ml",
            "productShopPage": "https://reefton.store.supervalue.co.nz/lines/monster-mule-ginger-brew-500ml",
            "productImageURL": "https://dtgxwmigmg3gc.cloudfront.net/imagery/assets/derivations/icon/512/512/true/eyJpZCI6ImM1OTM5MTIyZTRlNmNhNzk0ODFlMDE4ZWVmMWE2Y2ZlIiwic3RvcmFnZSI6InB1YmxpY19zdG9yZSJ9?signature=5d11287f30ef58c148e37382d61c0d83097d5461683a9aa5dd9456941c1f32e5",
            "productDescription": ""
        },
        "priceData": {
            "bestPrice": "2.60",
            "price": "2.60",
            "pricePerLitre": 5.2,
            "bestPricePerLitre": 5.2
        },
        "store": {
            "id": "5e755fca1db5f55ff0097a16",
            "name": "Reefton"
        },
        "timestamp": "2021-08-16T18:45:59.322908"
    },
    {
        "productData": {
            "name": "Monster Super Fuel Purple Passion 550ml",
            "productId": "monster-super-fuel-purple-passion-550ml",
            "productShopPage": "https://reefton.store.supervalue.co.nz/lines/monster-super-fuel-purple-passion-550ml",
            "productImageURL": "https://dtgxwmigmg3gc.cloudfront.net/imagery/assets/derivations/icon/512/512/true/eyJpZCI6IjNkMTY1OTQwMzgyOTZjZjVlMjNlNjBjMDQ3NTE1YWM0Iiwic3RvcmFnZSI6InB1YmxpY19zdG9yZSJ9?signature=4d4ccd77dab941d955a8037242a41833afdc7251d3bd5b5c4b99705770273998",
            "productDescription": ""
        },
        "priceData": {
            "bestPrice": "3.60",
            "price": "3.60",
            "pricePerLitre": 6.5,
            "bestPricePerLitre": 6.5
        },
        "store": {
            "id": "5e755fca1db5f55ff0097a16",
            "name": "Reefton"
        },
        "timestamp": "2021-08-16T18:46:02.231637"
    },
    {
        "productData": {
            "name": "V Guarana Energy Drink Blue Sugarfree 250ml",
            "productId": "v-blue-sugarfree-energy-drink-250ml",
            "productShopPage": "https://reefton.store.supervalue.co.nz/lines/v-blue-sugarfree-energy-drink-250ml",
            "productImageURL": "https://dtgxwmigmg3gc.cloudfront.net/imagery/assets/derivations/icon/512/512/true/eyJpZCI6IjI3YWJiOTVhYjNhMjEwMDU2MWJhMmRhNTM3YjRhZjVmIiwic3RvcmFnZSI6InB1YmxpY19zdG9yZSJ9?signature=66769306ca1d0ba674603954d338186dc999f6d1839090d49fde9416b3252365",
            "productDescription": ""
        },
        "priceData": {
            "bestPrice": "2.50",
            "price": "2.50",
            "pricePerLitre": 10.0,
            "bestPricePerLitre": 10.0
        },
        "store": {
            "id": "5e755fca1db5f55ff0097a16",
            "name": "Reefton"
        },
        "timestamp": "2021-08-16T18:46:05.766092"
    },
    {
        "productData": {
            "name": "Rockstar Punched Energy Guava 500ml",
            "productId": "rockstar-punched-energy-guava-500ml",
            "productShopPage": "https://reefton.store.supervalue.co.nz/lines/rockstar-punched-energy-guava-500ml",
            "productImageURL": "https://dtgxwmigmg3gc.cloudfront.net/imagery/assets/derivations/icon/512/512/true/eyJpZCI6IjBmNGEyNjU2MGQwM2Y4OGI4MWE3ZTMyODUzYTRlN2QyIiwic3RvcmFnZSI6InB1YmxpY19zdG9yZSJ9?signature=fab45ac774e74d87cf7a79de075f47290676fd6d4afcf212198c745670d5ce29",
            "productDescription": ""
        },
        "priceData": {
            "bestPrice": "2.20",
            "price": "2.20",
            "pricePerLitre": 4.4,
            "bestPricePerLitre": 4.4
        },
        "store": {
            "id": "5e755fca1db5f55ff0097a16",
            "name": "Reefton"
        },
        "timestamp": "2021-08-16T18:46:12.729017"
    },
    {
        "productData": {
            "name": "Mother Kicked Apple 500ml",
            "productId": "mother-kicked-apple-500ml",
            "productShopPage": "https://renwick.store.supervalue.co.nz/lines/mother-kicked-apple-500ml",
            "productImageURL": "https://dtgxwmigmg3gc.cloudfront.net/imagery/assets/derivations/icon/512/512/true/eyJpZCI6IjNhZTlkYjkwYTM4MDFjMGEwYjUwYThhMDAwYjkyZjM0Iiwic3RvcmFnZSI6InB1YmxpY19zdG9yZSJ9?signature=c1a1db0a5d7b074c388cf08560fd44a4a2b6127821554198e54eeea8474325f6",
            "productDescription": ""
        },
        "priceData": {
            "bestPrice": "2.20",
            "price": "2.20",
            "pricePerLitre": 4.4,
            "bestPricePerLitre": 4.4
        },
        "store": {
            "id": "5e75ab6e04015f1b680025ca",
            "name": "Renwick"
        },
        "timestamp": "2021-08-16T18:46:15.627925"
    },
    {
        "productData": {
            "name": "Monster Energy Ultra Paradise 500ml",
            "productId": "monster-energy-drink-ultra-paradise-500ml",
            "productShopPage": "https://renwick.store.supervalue.co.nz/lines/monster-energy-drink-ultra-paradise-500ml",
            "productImageURL": "https://dtgxwmigmg3gc.cloudfront.net/imagery/assets/derivations/icon/512/512/true/eyJpZCI6ImZiZDRkZTQxNzA0M2FiYTUyMjMwZWI0NTcyZGNmYTE1Iiwic3RvcmFnZSI6InB1YmxpY19zdG9yZSJ9?signature=8a439bf26b71114289dfea1720ed331b1e4784c534deade29db8ac38b1cc7c1a",
            "productDescription": ""
        },
        "priceData": {
            "bestPrice": "2.60",
            "price": "2.60",
            "pricePerLitre": 5.2,
            "bestPricePerLitre": 5.2
        },
        "store": {
            "id": "5e75ab6e04015f1b680025ca",
            "name": "Renwick"
        },
        "timestamp": "2021-08-16T18:46:18.805032"
    },
    {
        "productData": {
            "name": "Monster Energy Ultra Zero 500ml",
            "productId": "monster-energy-ultra-zero-500ml",
            "productShopPage": "https://renwick.store.supervalue.co.nz/lines/monster-energy-ultra-zero-500ml",
            "productImageURL": "https://dtgxwmigmg3gc.cloudfront.net/imagery/assets/derivations/icon/512/512/true/eyJpZCI6IjdhN2FhYTUwZWU2NTYwYjBiNGY1NThhMTgwNmVlODI3Iiwic3RvcmFnZSI6InB1YmxpY19zdG9yZSJ9?signature=7907c49ba7d043175a426f84a71776de7dd51fa5c249237063aca9cb098abdbe",
            "productDescription": ""
        },
        "priceData": {
            "bestPrice": "2.60",
            "price": "2.60",
            "pricePerLitre": 5.2,
            "bestPricePerLitre": 5.2
        },
        "store": {
            "id": "5e75ab6e04015f1b680025ca",
            "name": "Renwick"
        },
        "timestamp": "2021-08-16T18:46:21.806873"
    },
    {
        "productData": {
            "name": "Monster Energy Drink Can Green 500ml",
            "productId": "monster-energy-green-500ml",
            "productShopPage": "https://renwick.store.supervalue.co.nz/lines/monster-energy-green-500ml",
            "productImageURL": "https://dtgxwmigmg3gc.cloudfront.net/imagery/assets/derivations/icon/512/512/true/eyJpZCI6ImU3ZjNiNjJiNzI4Y2M0MTIxMjhiNjQ2ZmQ2OTQzMGEzIiwic3RvcmFnZSI6InB1YmxpY19zdG9yZSJ9?signature=637eac56411f57a79f345ea693f1418330d5742c3a04caddb460696dba06da06",
            "productDescription": ""
        },
        "priceData": {
            "bestPrice": "2.60",
            "price": "2.60",
            "pricePerLitre": 5.2,
            "bestPricePerLitre": 5.2
        },
        "store": {
            "id": "5e75ab6e04015f1b680025ca",
            "name": "Renwick"
        },
        "timestamp": "2021-08-16T18:46:22.788636"
    },
    {
        "productData": {
            "name": "Monster Energy Drink Ultra Rosa 500ml",
            "productId": "monster-energy-drink-ultra-rosa-500ml",
            "productShopPage": "https://renwick.store.supervalue.co.nz/lines/monster-energy-drink-ultra-rosa-500ml",
            "productImageURL": "https://dtgxwmigmg3gc.cloudfront.net/imagery/assets/derivations/icon/512/512/true/eyJpZCI6IjZjYzFjMzcwYzM4Mzk4N2MyOTUzNWIyMTFjZTJlYjgxIiwic3RvcmFnZSI6InB1YmxpY19zdG9yZSJ9?signature=9cd08284785f9b24647ecc7d1dc08214d9d00318cc809bebdef1921d6b78bb95",
            "productDescription": ""
        },
        "priceData": {
            "bestPrice": "2.60",
            "price": "2.60",
            "pricePerLitre": 5.2,
            "bestPricePerLitre": 5.2
        },
        "store": {
            "id": "5e75ab6e04015f1b680025ca",
            "name": "Renwick"
        },
        "timestamp": "2021-08-16T18:46:23.790200"
    },
    {
        "productData": {
            "name": "Mother Energy Drink Berry 500ml",
            "productId": "mother-energy-drink-berry-500ml",
            "productShopPage": "https://renwick.store.supervalue.co.nz/lines/mother-energy-drink-berry-500ml",
            "productImageURL": "https://dtgxwmigmg3gc.cloudfront.net/imagery/assets/derivations/icon/512/512/true/eyJpZCI6ImRhYTJlNjUzNzRjZjViNjI0ZDljNzUzNDA3YmE0ZDFkIiwic3RvcmFnZSI6InB1YmxpY19zdG9yZSJ9?signature=d9ffb465d71d599811c2ff7a788845bfe297eb3624ad7866a89cf0b3ece073f0",
            "productDescription": ""
        },
        "priceData": {
            "bestPrice": "2.20",
            "price": "2.20",
            "pricePerLitre": 4.4,
            "bestPricePerLitre": 4.4
        },
        "store": {
            "id": "5e75ab6e04015f1b680025ca",
            "name": "Renwick"
        },
        "timestamp": "2021-08-16T18:46:26.523876"
    },
    {
        "productData": {
            "name": "Mother Energy Drink Black 500ml",
            "productId": "mother-energy-drink-black-500ml",
            "productShopPage": "https://renwick.store.supervalue.co.nz/lines/mother-energy-drink-black-500ml",
            "productImageURL": "https://dtgxwmigmg3gc.cloudfront.net/imagery/assets/derivations/icon/512/512/true/eyJpZCI6ImYyMzA5MjhkYjg3ODFhYmYzZDU3ZjE1YjNmYzU2MWFjIiwic3RvcmFnZSI6InB1YmxpY19zdG9yZSJ9?signature=d3dbddb83d3d457075cd5d8936bef0c5b48fce4fa3fe725995d8b6d57219ceb5",
            "productDescription": ""
        },
        "priceData": {
            "bestPrice": "2.20",
            "price": "2.20",
            "pricePerLitre": 4.4,
            "bestPricePerLitre": 4.4
        },
        "store": {
            "id": "5e75ab6e04015f1b680025ca",
            "name": "Renwick"
        },
        "timestamp": "2021-08-16T18:46:27.492467"
    },
    {
        "productData": {
            "name": "Mother Energy Drink Cans 6x250ml",
            "productId": "mother-energy-drink-6x250ml-cans",
            "productShopPage": "https://renwick.store.supervalue.co.nz/lines/mother-energy-drink-6x250ml-cans",
            "productImageURL": "https://dtgxwmigmg3gc.cloudfront.net/imagery/assets/derivations/icon/512/512/true/eyJpZCI6IjEyOGFhMmU0Y2VkYTU4ZWFkZmVhOWUwZjdlNTZhOTA4Iiwic3RvcmFnZSI6InB1YmxpY19zdG9yZSJ9?signature=5db1908f64527cf28fa7bf3266a83ab854a07ca50453511f7d414d8e6d5c10fb",
            "productDescription": ""
        },
        "priceData": {
            "bestPrice": "8.00",
            "price": "8.00",
            "pricePerLitre": 5.300000000000001,
            "bestPricePerLitre": 5.300000000000001
        },
        "store": {
            "id": "5e75ab6e04015f1b680025ca",
            "name": "Renwick"
        },
        "timestamp": "2021-08-16T18:46:28.772145"
    },
    {
        "productData": {
            "name": "Mother Energy Drink Passion 500ml",
            "productId": "mother-energy-drink-passion-500ml",
            "productShopPage": "https://renwick.store.supervalue.co.nz/lines/mother-energy-drink-passion-500ml",
            "productImageURL": "https://dtgxwmigmg3gc.cloudfront.net/imagery/assets/derivations/icon/512/512/true/eyJpZCI6ImQwODE2YTc4ZjBmNGU4NTU5Mzg1YjkxZmI5YjIzZjM0Iiwic3RvcmFnZSI6InB1YmxpY19zdG9yZSJ9?signature=713c495fef96a6427b917f0c7c7e855a963749ac5c1bf7dfd71e24ae08ea3123",
            "productDescription": ""
        },
        "priceData": {
            "bestPrice": "2.20",
            "price": "2.20",
            "pricePerLitre": 4.4,
            "bestPricePerLitre": 4.4
        },
        "store": {
            "id": "5e75ab6e04015f1b680025ca",
            "name": "Renwick"
        },
        "timestamp": "2021-08-16T18:46:30.060002"
    },
    {
        "productData": {
            "name": "Mother Tropical Blast 500ml",
            "productId": "mother-tropical-blast-500ml",
            "productShopPage": "https://renwick.store.supervalue.co.nz/lines/mother-tropical-blast-500ml",
            "productImageURL": "https://dtgxwmigmg3gc.cloudfront.net/imagery/assets/derivations/icon/512/512/true/eyJpZCI6ImEyZmM1OTUwNDhlODM5YTRhMjQ2MTI1OGEyYzNlZWZhIiwic3RvcmFnZSI6InB1YmxpY19zdG9yZSJ9?signature=6c9470ee4067e8ec32b58eeac9d628404d3986058a9b1cdef46014d1bee50944",
            "productDescription": ""
        },
        "priceData": {
            "bestPrice": "2.20",
            "price": "2.20",
            "pricePerLitre": 4.4,
            "bestPricePerLitre": 4.4
        },
        "store": {
            "id": "5e75ab6e04015f1b680025ca",
            "name": "Renwick"
        },
        "timestamp": "2021-08-16T18:46:31.211747"
    },
    {
        "productData": {
            "name": "Mother Epic Swell Energy Drink Twisted Apple 500ml",
            "productId": "mother-epic-swell-energy-drink-twisted-apple-500ml",
            "productShopPage": "https://renwick.store.supervalue.co.nz/lines/mother-epic-swell-energy-drink-twisted-apple-500ml",
            "productImageURL": "https://dtgxwmigmg3gc.cloudfront.net/imagery/assets/derivations/icon/512/512/true/eyJpZCI6ImE2ZjYxOGNhNjUyYzMxNzRhNjg2MDBhMGVjZmQ3MmJkIiwic3RvcmFnZSI6InB1YmxpY19zdG9yZSJ9?signature=954f74f8aba0fb24cb2a5248b1e93fe8a62fb8c7f902abbb08b7aed24bc44c80",
            "productDescription": ""
        },
        "priceData": {
            "bestPrice": "2.20",
            "price": "2.20",
            "pricePerLitre": 4.4,
            "bestPricePerLitre": 4.4
        },
        "store": {
            "id": "5e75ab6e04015f1b680025ca",
            "name": "Renwick"
        },
        "timestamp": "2021-08-16T18:46:33.005856"
    },
    {
        "productData": {
            "name": "V Energy Drink Guarana 500ml",
            "productId": "v-energy-drink-guarana-500ml",
            "productShopPage": "https://renwick.store.supervalue.co.nz/lines/v-energy-drink-guarana-500ml",
            "productImageURL": "https://dtgxwmigmg3gc.cloudfront.net/imagery/assets/derivations/icon/512/512/true/eyJpZCI6IjgzZDAxMjhiMzg4NmEwZmE4YTE2ZjY2NWIzNmM2NzI2Iiwic3RvcmFnZSI6InB1YmxpY19zdG9yZSJ9?signature=f55ecc561066291a4e74a967db35ea2355f881bd1708bf400fd790032384ae4f",
            "productDescription": ""
        },
        "priceData": {
            "bestPrice": "2.60",
            "price": "2.60",
            "pricePerLitre": 5.2,
            "bestPricePerLitre": 5.2
        },
        "store": {
            "id": "5e75ab6e04015f1b680025ca",
            "name": "Renwick"
        },
        "timestamp": "2021-08-16T18:46:36.181449"
    },
    {
        "productData": {
            "name": "V Energy Drink Sugarfree 500ml",
            "productId": "v-energy-drink-sugarfree-500ml",
            "productShopPage": "https://renwick.store.supervalue.co.nz/lines/v-energy-drink-sugarfree-500ml",
            "productImageURL": "https://dtgxwmigmg3gc.cloudfront.net/imagery/assets/derivations/icon/512/512/true/eyJpZCI6ImVkZTAxNTNmMDI1NmU1NDZjNWQ5MTc3MjE3ZTQ3YTQ0Iiwic3RvcmFnZSI6InB1YmxpY19zdG9yZSJ9?signature=abcf72d9faa9ee3044eaa3b7ee0bf9b4fd8f582379018d8727f2234b7d3f3c85",
            "productDescription": ""
        },
        "priceData": {
            "bestPrice": "2.60",
            "price": "2.60",
            "pricePerLitre": 5.2,
            "bestPricePerLitre": 5.2
        },
        "store": {
            "id": "5e75ab6e04015f1b680025ca",
            "name": "Renwick"
        },
        "timestamp": "2021-08-16T18:46:37.222219"
    },
    {
        "productData": {
            "name": "V Energy Drink Sugar Free Guarana 250ml",
            "productId": "v-energy-drink-sugar-free-guarana-250ml",
            "productShopPage": "https://renwick.store.supervalue.co.nz/lines/v-energy-drink-sugar-free-guarana-250ml",
            "productImageURL": "https://dtgxwmigmg3gc.cloudfront.net/imagery/assets/derivations/icon/512/512/true/eyJpZCI6ImZiNzM1NmU4NTMyZDllODlkZTljZmNlOGY2MzQ5NGQwIiwic3RvcmFnZSI6InB1YmxpY19zdG9yZSJ9?signature=72b0ce0a48ca796717c115fe5e8b4564501470f63bf80ae865d26e9d131a2b8c",
            "productDescription": ""
        },
        "priceData": {
            "bestPrice": "2.50",
            "price": "2.50",
            "pricePerLitre": 10.0,
            "bestPricePerLitre": 10.0
        },
        "store": {
            "id": "5e75ab6e04015f1b680025ca",
            "name": "Renwick"
        },
        "timestamp": "2021-08-16T18:46:38.363647"
    },
    {
        "productData": {
            "name": "V Energy Drink Blue Guarana Spritzed 350ml",
            "productId": "v-blue-energy-drink-blue-guarana-spritzed-350ml",
            "productShopPage": "https://renwick.store.supervalue.co.nz/lines/v-blue-energy-drink-blue-guarana-spritzed-350ml",
            "productImageURL": "https://dtgxwmigmg3gc.cloudfront.net/imagery/assets/derivations/icon/512/512/true/eyJpZCI6ImY2OTRlZGI4NjdlNWMzZDM5NzgzMDQ0ODFkMzUxZGZiIiwic3RvcmFnZSI6InB1YmxpY19zdG9yZSJ9?signature=591b3079cb9c2407a29b3bc348eaf42dc1d34daba5c9d7aba65be654725b6719",
            "productDescription": ""
        },
        "priceData": {
            "bestPrice": "3.79",
            "price": "3.79",
            "pricePerLitre": 10.8,
            "bestPricePerLitre": 10.8
        },
        "store": {
            "id": "5e75ab6e04015f1b680025ca",
            "name": "Renwick"
        },
        "timestamp": "2021-08-16T18:46:40.218542"
    },
    {
        "productData": {
            "name": "V Energy Drink Green Guarana 350ml",
            "productId": "v-energy-drink-green-guarana-350ml",
            "productShopPage": "https://renwick.store.supervalue.co.nz/lines/v-energy-drink-green-guarana-350ml",
            "productImageURL": "https://dtgxwmigmg3gc.cloudfront.net/imagery/assets/derivations/icon/512/512/true/eyJpZCI6IjRiNjY4ZjYxOTQ2ODYyN2MzM2NiZWMyNGUyNmIyODk4Iiwic3RvcmFnZSI6InB1YmxpY19zdG9yZSJ9?signature=4cded9cb42349eef45a593461f311b1bb7fa881295733879671ad9fe9887d30c",
            "productDescription": ""
        },
        "priceData": {
            "bestPrice": "3.79",
            "price": "3.79",
            "pricePerLitre": 10.8,
            "bestPricePerLitre": 10.8
        },
        "store": {
            "id": "5e75ab6e04015f1b680025ca",
            "name": "Renwick"
        },
        "timestamp": "2021-08-16T18:46:41.117059"
    },
    {
        "productData": {
            "name": "V Energy Drink Guarana Can 250ml",
            "productId": "v-energy-drink-guarana-can-250ml",
            "productShopPage": "https://renwick.store.supervalue.co.nz/lines/v-energy-drink-guarana-can-250ml",
            "productImageURL": "https://dtgxwmigmg3gc.cloudfront.net/imagery/assets/derivations/icon/512/512/true/eyJpZCI6Ijc3Nzk1NjE2ZDhhNmFiMThhYzEzODYzOTg2ZmNkNzgwIiwic3RvcmFnZSI6InB1YmxpY19zdG9yZSJ9?signature=f5de1854d43e19cc62bff86893d4a55615cd916f8425a4dccd170b52eba81255",
            "productDescription": ""
        },
        "priceData": {
            "bestPrice": "2.50",
            "price": "2.50",
            "pricePerLitre": 10.0,
            "bestPricePerLitre": 10.0
        },
        "store": {
            "id": "5e75ab6e04015f1b680025ca",
            "name": "Renwick"
        },
        "timestamp": "2021-08-16T18:46:42.229245"
    },
    {
        "productData": {
            "name": "V Energy Drink Guarana Can 500ml",
            "productId": "v-energy-drink-guarana-can-500ml",
            "productShopPage": "https://renwick.store.supervalue.co.nz/lines/v-energy-drink-guarana-can-500ml",
            "productImageURL": "https://dtgxwmigmg3gc.cloudfront.net/imagery/assets/derivations/icon/512/512/true/eyJpZCI6ImI0NjgzNGZjNDRkMjU0MjgzYzJjZGNhMzA2NWIxYjA5Iiwic3RvcmFnZSI6InB1YmxpY19zdG9yZSJ9?signature=265e8273409849423466e7623cbbdf8352940707b8830803eec391e8f32c9c5f",
            "productDescription": ""
        },
        "priceData": {
            "bestPrice": "3.60",
            "price": "3.60",
            "pricePerLitre": 7.199999999999999,
            "bestPricePerLitre": 7.199999999999999
        },
        "store": {
            "id": "5e75ab6e04015f1b680025ca",
            "name": "Renwick"
        },
        "timestamp": "2021-08-16T18:46:43.178299"
    },
    {
        "productData": {
            "name": "V Energy Drink Raspberry Lemonade 350ml",
            "productId": "v-energy-drink-raspberry-lemonade-350ml",
            "productShopPage": "https://renwick.store.supervalue.co.nz/lines/v-energy-drink-raspberry-lemonade-350ml",
            "productImageURL": "https://dtgxwmigmg3gc.cloudfront.net/imagery/assets/derivations/icon/512/512/true/eyJpZCI6IjliNWMwMGJkN2IxYWRhY2UxNzU5NzY1ZTI4MjUzZDgyIiwic3RvcmFnZSI6InB1YmxpY19zdG9yZSJ9?signature=1813e587f3636e394a15aa9e19234f9343024a6880220b0dda0a5d69b1f1c010",
            "productDescription": ""
        },
        "priceData": {
            "bestPrice": "3.79",
            "price": "3.79",
            "pricePerLitre": 10.8,
            "bestPricePerLitre": 10.8
        },
        "store": {
            "id": "5e75ab6e04015f1b680025ca",
            "name": "Renwick"
        },
        "timestamp": "2021-08-16T18:46:44.893452"
    },
    {
        "productData": {
            "name": "V Energy Drink Sugar Free Guarana 500ml",
            "productId": "v-energy-drink-sugar-free-guarana-500ml",
            "productShopPage": "https://renwick.store.supervalue.co.nz/lines/v-energy-drink-sugar-free-guarana-500ml",
            "productImageURL": "https://dtgxwmigmg3gc.cloudfront.net/imagery/assets/derivations/icon/512/512/true/eyJpZCI6Ijg4MGExMDYxOTY4NTJiYzM1ZTExMmU2MGE2OWYxNDE3Iiwic3RvcmFnZSI6InB1YmxpY19zdG9yZSJ9?signature=b0536d25b9da8158705e24c88e21fabbf85c1dabc19f18108c386e956ffd7045",
            "productDescription": ""
        },
        "priceData": {
            "bestPrice": "3.60",
            "price": "3.60",
            "pricePerLitre": 7.199999999999999,
            "bestPricePerLitre": 7.199999999999999
        },
        "store": {
            "id": "5e75ab6e04015f1b680025ca",
            "name": "Renwick"
        },
        "timestamp": "2021-08-16T18:46:45.854696"
    },
    {
        "productData": {
            "name": "V Energy Drink Skills Cans 275ml 4 Pack",
            "productId": "v-energy-drink-skills-cans-275ml-4-pack",
            "productShopPage": "https://renwick.store.supervalue.co.nz/lines/v-energy-drink-skills-cans-275ml-4-pack",
            "productImageURL": "https://dtgxwmigmg3gc.cloudfront.net/imagery/assets/derivations/icon/512/512/true/eyJpZCI6ImZhMzA2N2NiM2YxMmVkM2ZhZjhhYmM4OGE1YTJhNzczIiwic3RvcmFnZSI6InB1YmxpY19zdG9yZSJ9?signature=34fcde8f5a021036c475a1dfff6748625e0747bb134ec737312b15bbe8e883eb",
            "productDescription": ""
        },
        "priceData": {
            "bestPrice": "8.00",
            "price": "8.00",
            "pricePerLitre": 7.3,
            "bestPricePerLitre": 7.3
        },
        "store": {
            "id": "5e75ab6e04015f1b680025ca",
            "name": "Renwick"
        },
        "timestamp": "2021-08-16T18:46:46.813753"
    },
    {
        "productData": {
            "name": "V Guarana Energy Drink Fridge Pack 10x200ml",
            "productId": "v-guarana-energy-drink-fridge-pack-10x200ml",
            "productShopPage": "https://renwick.store.supervalue.co.nz/lines/v-guarana-energy-drink-fridge-pack-10x200ml",
            "productImageURL": "https://dtgxwmigmg3gc.cloudfront.net/imagery/assets/derivations/icon/512/512/true/eyJpZCI6IjBlMjAzZTJiY2QyZDVhYzQ2NGY2NzhmMDFkMmM3YjBhIiwic3RvcmFnZSI6InB1YmxpY19zdG9yZSJ9?signature=a3283c38928a5e2c367f0886f5948460cf671d41affa4dd3a2634f1621779d47",
            "productDescription": ""
        },
        "priceData": {
            "bestPrice": "15.00",
            "price": "15.00",
            "pricePerLitre": 7.5,
            "bestPricePerLitre": 7.5
        },
        "store": {
            "id": "5e75ab6e04015f1b680025ca",
            "name": "Renwick"
        },
        "timestamp": "2021-08-16T18:46:47.948189"
    },
    {
        "productData": {
            "name": "V Blue Energy Drink Blue Guarana Can 500ml",
            "productId": "v-blue-energy-drink-blue-guarana-can-500ml",
            "productShopPage": "https://renwick.store.supervalue.co.nz/lines/v-blue-energy-drink-blue-guarana-can-500ml",
            "productImageURL": "https://dtgxwmigmg3gc.cloudfront.net/imagery/assets/derivations/icon/512/512/true/eyJpZCI6ImFmYjEyYjVjYTU2YWI5ZDJhMTVmNGY2MDg2NWFlNzgxIiwic3RvcmFnZSI6InB1YmxpY19zdG9yZSJ9?signature=b537a8cc5a2c0f90f1702b2c541db44c3a740a0ec4a96e92ab2d6537f9320e8d",
            "productDescription": ""
        },
        "priceData": {
            "bestPrice": "3.60",
            "price": "3.60",
            "pricePerLitre": 7.199999999999999,
            "bestPricePerLitre": 7.199999999999999
        },
        "store": {
            "id": "5e75ab6e04015f1b680025ca",
            "name": "Renwick"
        },
        "timestamp": "2021-08-16T18:46:54.243479"
    },
    {
        "productData": {
            "name": "V Energy Drink Sugar Free Guarana Bottle 350ml",
            "productId": "v-energy-drink-sugar-free-guarana-bottle-350ml",
            "productShopPage": "https://renwick.store.supervalue.co.nz/lines/v-energy-drink-sugar-free-guarana-bottle-350ml",
            "productImageURL": "https://dtgxwmigmg3gc.cloudfront.net/imagery/assets/derivations/icon/512/512/true/eyJpZCI6IjQzYmZlOTg1YzY2ZGQ0ZDI1YzUyZDk3MGJhMmJhMGM3Iiwic3RvcmFnZSI6InB1YmxpY19zdG9yZSJ9?signature=7a4bb3eb2264f52495ae9ba8fbf21b5a3e59e12c0d6208cfa1591261da333f55",
            "productDescription": ""
        },
        "priceData": {
            "bestPrice": "3.79",
            "price": "3.79",
            "pricePerLitre": 10.8,
            "bestPricePerLitre": 10.8
        },
        "store": {
            "id": "5e75ab6e04015f1b680025ca",
            "name": "Renwick"
        },
        "timestamp": "2021-08-16T18:46:58.407711"
    },
    {
        "productData": {
            "name": "Monster Super Fuel Zero Sugar 550ml",
            "productId": "monster-super-fuel-zero-sugar-550ml",
            "productShopPage": "https://renwick.store.supervalue.co.nz/lines/monster-super-fuel-zero-sugar-550ml",
            "productImageURL": "https://dtgxwmigmg3gc.cloudfront.net/imagery/assets/derivations/icon/512/512/true/eyJpZCI6IjRkOTE3NzhmODIxNDI1ZDJjNDg3Yjc0M2YyMzEyYmYxIiwic3RvcmFnZSI6InB1YmxpY19zdG9yZSJ9?signature=4b9dbd15c40f85466e597873c567f989183b284947e8c8dc4df58667789214a2",
            "productDescription": ""
        },
        "priceData": {
            "bestPrice": "3.60",
            "price": "3.60",
            "pricePerLitre": 6.5,
            "bestPricePerLitre": 6.5
        },
        "store": {
            "id": "5e75ab6e04015f1b680025ca",
            "name": "Renwick"
        },
        "timestamp": "2021-08-16T18:47:06.592760"
    },
    {
        "productData": {
            "name": "Monster Mule Ginger Brew 500ml",
            "productId": "monster-mule-ginger-brew-500ml",
            "productShopPage": "https://renwick.store.supervalue.co.nz/lines/monster-mule-ginger-brew-500ml",
            "productImageURL": "https://dtgxwmigmg3gc.cloudfront.net/imagery/assets/derivations/icon/512/512/true/eyJpZCI6ImM1OTM5MTIyZTRlNmNhNzk0ODFlMDE4ZWVmMWE2Y2ZlIiwic3RvcmFnZSI6InB1YmxpY19zdG9yZSJ9?signature=5d11287f30ef58c148e37382d61c0d83097d5461683a9aa5dd9456941c1f32e5",
            "productDescription": ""
        },
        "priceData": {
            "bestPrice": "2.60",
            "price": "2.60",
            "pricePerLitre": 5.2,
            "bestPricePerLitre": 5.2
        },
        "store": {
            "id": "5e75ab6e04015f1b680025ca",
            "name": "Renwick"
        },
        "timestamp": "2021-08-16T18:47:07.553013"
    },
    {
        "productData": {
            "name": "Monster Super Fuel Purple Passion 550ml",
            "productId": "monster-super-fuel-purple-passion-550ml",
            "productShopPage": "https://renwick.store.supervalue.co.nz/lines/monster-super-fuel-purple-passion-550ml",
            "productImageURL": "https://dtgxwmigmg3gc.cloudfront.net/imagery/assets/derivations/icon/512/512/true/eyJpZCI6IjNkMTY1OTQwMzgyOTZjZjVlMjNlNjBjMDQ3NTE1YWM0Iiwic3RvcmFnZSI6InB1YmxpY19zdG9yZSJ9?signature=4d4ccd77dab941d955a8037242a41833afdc7251d3bd5b5c4b99705770273998",
            "productDescription": ""
        },
        "priceData": {
            "bestPrice": "3.60",
            "price": "3.60",
            "pricePerLitre": 6.5,
            "bestPricePerLitre": 6.5
        },
        "store": {
            "id": "5e75ab6e04015f1b680025ca",
            "name": "Renwick"
        },
        "timestamp": "2021-08-16T18:47:11.264348"
    },
    {
        "productData": {
            "name": "Monster Energy Pipeline Punch 500ml",
            "productId": "monster-energy-pipeline-punch-500ml",
            "productShopPage": "https://renwick.store.supervalue.co.nz/lines/monster-energy-pipeline-punch-500ml",
            "productImageURL": "https://dtgxwmigmg3gc.cloudfront.net/imagery/assets/derivations/icon/512/512/true/eyJpZCI6IjM3ZWY2OTY5OWFlNTJlZTRjNTY1ZmFmYWIwOTIxMjg4Iiwic3RvcmFnZSI6InB1YmxpY19zdG9yZSJ9?signature=79ed6699c35bd716a9d5d9457c39ce62c523edaa4059b6b45d4dcc7caf65cef9",
            "productDescription": ""
        },
        "priceData": {
            "bestPrice": "2.60",
            "price": "2.60",
            "pricePerLitre": 5.2,
            "bestPricePerLitre": 5.2
        },
        "store": {
            "id": "5e75ab6e04015f1b680025ca",
            "name": "Renwick"
        },
        "timestamp": "2021-08-16T18:47:12.275709"
    },
    {
        "productData": {
            "name": "Live Plus Energy Drink Citrus Flavour 500ml",
            "productId": "live-plus-persist-500ml",
            "productShopPage": "https://renwick.store.supervalue.co.nz/lines/live-plus-persist-500ml",
            "productImageURL": "https://dtgxwmigmg3gc.cloudfront.net/imagery/assets/derivations/icon/512/512/true/eyJpZCI6IjFlNWQ5YzI4OWM1N2UzNmYzZmI2NThlMDQzZTI3ZjE4Iiwic3RvcmFnZSI6InB1YmxpY19zdG9yZSJ9?signature=756b17fefe47174b90e7dbec8cd09db27f9f59f4994bc750b71256ae93ba9fa8",
            "productDescription": ""
        },
        "priceData": {
            "bestPrice": "2.20",
            "price": "2.20",
            "pricePerLitre": 4.4,
            "bestPricePerLitre": 4.4
        },
        "store": {
            "id": "5e75ab6e04015f1b680025ca",
            "name": "Renwick"
        },
        "timestamp": "2021-08-16T18:47:13.179228"
    },
    {
        "productData": {
            "name": "Live Plus Live+ Ignite Energy Drink 6 x 250ml Cans",
            "productId": "live-plus-live-ignite-energy-drink-6x250ml-cans",
            "productShopPage": "https://renwick.store.supervalue.co.nz/lines/live-plus-live-ignite-energy-drink-6x250ml-cans",
            "productImageURL": "https://dtgxwmigmg3gc.cloudfront.net/imagery/assets/derivations/icon/512/512/true/eyJpZCI6Ijk5ZTU3ZDdlN2RjYzc0ZmZlOWY0NGQxMDdkYTI5ZDI5Iiwic3RvcmFnZSI6InB1YmxpY19zdG9yZSJ9?signature=16b8b1fb6c1dbc73b4d1f0110b7542a3259cd273e9b6adea8e6570f5158d8342",
            "productDescription": ""
        },
        "priceData": {
            "bestPrice": "6.79",
            "price": "6.79",
            "pricePerLitre": 4.5,
            "bestPricePerLitre": 4.5
        },
        "store": {
            "id": "5e75ab6e04015f1b680025ca",
            "name": "Renwick"
        },
        "timestamp": "2021-08-16T18:47:20.837880"
    },
    {
        "productData": {
            "name": "Rockstar Punched Energy Guava 500ml",
            "productId": "rockstar-punched-energy-guava-500ml",
            "productShopPage": "https://renwick.store.supervalue.co.nz/lines/rockstar-punched-energy-guava-500ml",
            "productImageURL": "https://dtgxwmigmg3gc.cloudfront.net/imagery/assets/derivations/icon/512/512/true/eyJpZCI6IjBmNGEyNjU2MGQwM2Y4OGI4MWE3ZTMyODUzYTRlN2QyIiwic3RvcmFnZSI6InB1YmxpY19zdG9yZSJ9?signature=fab45ac774e74d87cf7a79de075f47290676fd6d4afcf212198c745670d5ce29",
            "productDescription": ""
        },
        "priceData": {
            "bestPrice": "2.20",
            "price": "2.20",
            "pricePerLitre": 4.4,
            "bestPricePerLitre": 4.4
        },
        "store": {
            "id": "5e75ab6e04015f1b680025ca",
            "name": "Renwick"
        },
        "timestamp": "2021-08-16T18:47:22.572401"
    },
    {
        "productData": {
            "name": "Mother Kicked Apple 500ml",
            "productId": "mother-kicked-apple-500ml",
            "productShopPage": "https://riverton.store.supervalue.co.nz/lines/mother-kicked-apple-500ml",
            "productImageURL": "https://dtgxwmigmg3gc.cloudfront.net/imagery/assets/derivations/icon/512/512/true/eyJpZCI6IjNhZTlkYjkwYTM4MDFjMGEwYjUwYThhMDAwYjkyZjM0Iiwic3RvcmFnZSI6InB1YmxpY19zdG9yZSJ9?signature=c1a1db0a5d7b074c388cf08560fd44a4a2b6127821554198e54eeea8474325f6",
            "productDescription": ""
        },
        "priceData": {
            "bestPrice": "2.20",
            "price": "2.20",
            "pricePerLitre": 4.4,
            "bestPricePerLitre": 4.4
        },
        "store": {
            "id": "5e75524c6d8e690cbc09b5b0",
            "name": "Riverton"
        },
        "timestamp": "2021-08-16T18:47:25.674091"
    },
    {
        "productData": {
            "name": "Monster Energy Ultra Paradise 500ml",
            "productId": "monster-energy-drink-ultra-paradise-500ml",
            "productShopPage": "https://riverton.store.supervalue.co.nz/lines/monster-energy-drink-ultra-paradise-500ml",
            "productImageURL": "https://dtgxwmigmg3gc.cloudfront.net/imagery/assets/derivations/icon/512/512/true/eyJpZCI6ImZiZDRkZTQxNzA0M2FiYTUyMjMwZWI0NTcyZGNmYTE1Iiwic3RvcmFnZSI6InB1YmxpY19zdG9yZSJ9?signature=8a439bf26b71114289dfea1720ed331b1e4784c534deade29db8ac38b1cc7c1a",
            "productDescription": ""
        },
        "priceData": {
            "bestPrice": "2.60",
            "price": "2.60",
            "pricePerLitre": 5.2,
            "bestPricePerLitre": 5.2
        },
        "store": {
            "id": "5e75524c6d8e690cbc09b5b0",
            "name": "Riverton"
        },
        "timestamp": "2021-08-16T18:47:28.419611"
    },
    {
        "productData": {
            "name": "Monster Energy Ultra Sunrise 500ml",
            "productId": "monster-energy-ultra-sunrise-500ml",
            "productShopPage": "https://riverton.store.supervalue.co.nz/lines/monster-energy-ultra-sunrise-500ml",
            "productImageURL": "https://dtgxwmigmg3gc.cloudfront.net/imagery/assets/derivations/icon/512/512/true/eyJpZCI6ImFlNTVkY2RiZTZiZjg3OGZjZTdlOTU1OTFhMDE4YTdiIiwic3RvcmFnZSI6InB1YmxpY19zdG9yZSJ9?signature=b98350feca08b6ab128cc925fef23a58f65a36f94ede15cb2174f6f88a0f8a0f",
            "productDescription": ""
        },
        "priceData": {
            "bestPrice": "2.60",
            "price": "2.60",
            "pricePerLitre": 5.2,
            "bestPricePerLitre": 5.2
        },
        "store": {
            "id": "5e75524c6d8e690cbc09b5b0",
            "name": "Riverton"
        },
        "timestamp": "2021-08-16T18:47:29.349891"
    },
    {
        "productData": {
            "name": "Monster Energy Ultra Zero 500ml",
            "productId": "monster-energy-ultra-zero-500ml",
            "productShopPage": "https://riverton.store.supervalue.co.nz/lines/monster-energy-ultra-zero-500ml",
            "productImageURL": "https://dtgxwmigmg3gc.cloudfront.net/imagery/assets/derivations/icon/512/512/true/eyJpZCI6IjdhN2FhYTUwZWU2NTYwYjBiNGY1NThhMTgwNmVlODI3Iiwic3RvcmFnZSI6InB1YmxpY19zdG9yZSJ9?signature=7907c49ba7d043175a426f84a71776de7dd51fa5c249237063aca9cb098abdbe",
            "productDescription": ""
        },
        "priceData": {
            "bestPrice": "2.60",
            "price": "2.60",
            "pricePerLitre": 5.2,
            "bestPricePerLitre": 5.2
        },
        "store": {
            "id": "5e75524c6d8e690cbc09b5b0",
            "name": "Riverton"
        },
        "timestamp": "2021-08-16T18:47:30.287717"
    },
    {
        "productData": {
            "name": "Monster Energy Drink Can Green 500ml",
            "productId": "monster-energy-green-500ml",
            "productShopPage": "https://riverton.store.supervalue.co.nz/lines/monster-energy-green-500ml",
            "productImageURL": "https://dtgxwmigmg3gc.cloudfront.net/imagery/assets/derivations/icon/512/512/true/eyJpZCI6ImU3ZjNiNjJiNzI4Y2M0MTIxMjhiNjQ2ZmQ2OTQzMGEzIiwic3RvcmFnZSI6InB1YmxpY19zdG9yZSJ9?signature=637eac56411f57a79f345ea693f1418330d5742c3a04caddb460696dba06da06",
            "productDescription": ""
        },
        "priceData": {
            "bestPrice": "2.60",
            "price": "2.60",
            "pricePerLitre": 5.2,
            "bestPricePerLitre": 5.2
        },
        "store": {
            "id": "5e75524c6d8e690cbc09b5b0",
            "name": "Riverton"
        },
        "timestamp": "2021-08-16T18:47:31.313512"
    },
    {
        "productData": {
            "name": "Monster Energy Drink Ultra Rosa 500ml",
            "productId": "monster-energy-drink-ultra-rosa-500ml",
            "productShopPage": "https://riverton.store.supervalue.co.nz/lines/monster-energy-drink-ultra-rosa-500ml",
            "productImageURL": "https://dtgxwmigmg3gc.cloudfront.net/imagery/assets/derivations/icon/512/512/true/eyJpZCI6IjZjYzFjMzcwYzM4Mzk4N2MyOTUzNWIyMTFjZTJlYjgxIiwic3RvcmFnZSI6InB1YmxpY19zdG9yZSJ9?signature=9cd08284785f9b24647ecc7d1dc08214d9d00318cc809bebdef1921d6b78bb95",
            "productDescription": ""
        },
        "priceData": {
            "bestPrice": "2.60",
            "price": "2.60",
            "pricePerLitre": 5.2,
            "bestPricePerLitre": 5.2
        },
        "store": {
            "id": "5e75524c6d8e690cbc09b5b0",
            "name": "Riverton"
        },
        "timestamp": "2021-08-16T18:47:32.265489"
    },
    {
        "productData": {
            "name": "Mother Energy Drink Berry 500ml",
            "productId": "mother-energy-drink-berry-500ml",
            "productShopPage": "https://riverton.store.supervalue.co.nz/lines/mother-energy-drink-berry-500ml",
            "productImageURL": "https://dtgxwmigmg3gc.cloudfront.net/imagery/assets/derivations/icon/512/512/true/eyJpZCI6ImRhYTJlNjUzNzRjZjViNjI0ZDljNzUzNDA3YmE0ZDFkIiwic3RvcmFnZSI6InB1YmxpY19zdG9yZSJ9?signature=d9ffb465d71d599811c2ff7a788845bfe297eb3624ad7866a89cf0b3ece073f0",
            "productDescription": ""
        },
        "priceData": {
            "bestPrice": "2.20",
            "price": "2.20",
            "pricePerLitre": 4.4,
            "bestPricePerLitre": 4.4
        },
        "store": {
            "id": "5e75524c6d8e690cbc09b5b0",
            "name": "Riverton"
        },
        "timestamp": "2021-08-16T18:47:34.965927"
    },
    {
        "productData": {
            "name": "Mother Energy Drink Black 500ml",
            "productId": "mother-energy-drink-black-500ml",
            "productShopPage": "https://riverton.store.supervalue.co.nz/lines/mother-energy-drink-black-500ml",
            "productImageURL": "https://dtgxwmigmg3gc.cloudfront.net/imagery/assets/derivations/icon/512/512/true/eyJpZCI6ImYyMzA5MjhkYjg3ODFhYmYzZDU3ZjE1YjNmYzU2MWFjIiwic3RvcmFnZSI6InB1YmxpY19zdG9yZSJ9?signature=d3dbddb83d3d457075cd5d8936bef0c5b48fce4fa3fe725995d8b6d57219ceb5",
            "productDescription": ""
        },
        "priceData": {
            "bestPrice": "2.20",
            "price": "2.20",
            "pricePerLitre": 4.4,
            "bestPricePerLitre": 4.4
        },
        "store": {
            "id": "5e75524c6d8e690cbc09b5b0",
            "name": "Riverton"
        },
        "timestamp": "2021-08-16T18:47:35.872934"
    },
    {
        "productData": {
            "name": "Mother Energy Drink Cans 6x250ml",
            "productId": "mother-energy-drink-6x250ml-cans",
            "productShopPage": "https://riverton.store.supervalue.co.nz/lines/mother-energy-drink-6x250ml-cans",
            "productImageURL": "https://dtgxwmigmg3gc.cloudfront.net/imagery/assets/derivations/icon/512/512/true/eyJpZCI6IjEyOGFhMmU0Y2VkYTU4ZWFkZmVhOWUwZjdlNTZhOTA4Iiwic3RvcmFnZSI6InB1YmxpY19zdG9yZSJ9?signature=5db1908f64527cf28fa7bf3266a83ab854a07ca50453511f7d414d8e6d5c10fb",
            "productDescription": ""
        },
        "priceData": {
            "bestPrice": "8.00",
            "price": "8.00",
            "pricePerLitre": 5.300000000000001,
            "bestPricePerLitre": 5.300000000000001
        },
        "store": {
            "id": "5e75524c6d8e690cbc09b5b0",
            "name": "Riverton"
        },
        "timestamp": "2021-08-16T18:47:36.804459"
    },
    {
        "productData": {
            "name": "Mother Energy Drink Passion 500ml",
            "productId": "mother-energy-drink-passion-500ml",
            "productShopPage": "https://riverton.store.supervalue.co.nz/lines/mother-energy-drink-passion-500ml",
            "productImageURL": "https://dtgxwmigmg3gc.cloudfront.net/imagery/assets/derivations/icon/512/512/true/eyJpZCI6ImQwODE2YTc4ZjBmNGU4NTU5Mzg1YjkxZmI5YjIzZjM0Iiwic3RvcmFnZSI6InB1YmxpY19zdG9yZSJ9?signature=713c495fef96a6427b917f0c7c7e855a963749ac5c1bf7dfd71e24ae08ea3123",
            "productDescription": ""
        },
        "priceData": {
            "bestPrice": "2.20",
            "price": "2.20",
            "pricePerLitre": 4.4,
            "bestPricePerLitre": 4.4
        },
        "store": {
            "id": "5e75524c6d8e690cbc09b5b0",
            "name": "Riverton"
        },
        "timestamp": "2021-08-16T18:47:37.796354"
    },
    {
        "productData": {
            "name": "Mother Tropical Blast 500ml",
            "productId": "mother-tropical-blast-500ml",
            "productShopPage": "https://riverton.store.supervalue.co.nz/lines/mother-tropical-blast-500ml",
            "productImageURL": "https://dtgxwmigmg3gc.cloudfront.net/imagery/assets/derivations/icon/512/512/true/eyJpZCI6ImEyZmM1OTUwNDhlODM5YTRhMjQ2MTI1OGEyYzNlZWZhIiwic3RvcmFnZSI6InB1YmxpY19zdG9yZSJ9?signature=6c9470ee4067e8ec32b58eeac9d628404d3986058a9b1cdef46014d1bee50944",
            "productDescription": ""
        },
        "priceData": {
            "bestPrice": "2.20",
            "price": "2.20",
            "pricePerLitre": 4.4,
            "bestPricePerLitre": 4.4
        },
        "store": {
            "id": "5e75524c6d8e690cbc09b5b0",
            "name": "Riverton"
        },
        "timestamp": "2021-08-16T18:47:38.716614"
    },
    {
        "productData": {
            "name": "Mother Epic Swell Energy Drink Twisted Apple 500ml",
            "productId": "mother-epic-swell-energy-drink-twisted-apple-500ml",
            "productShopPage": "https://riverton.store.supervalue.co.nz/lines/mother-epic-swell-energy-drink-twisted-apple-500ml",
            "productImageURL": "https://dtgxwmigmg3gc.cloudfront.net/imagery/assets/derivations/icon/512/512/true/eyJpZCI6ImE2ZjYxOGNhNjUyYzMxNzRhNjg2MDBhMGVjZmQ3MmJkIiwic3RvcmFnZSI6InB1YmxpY19zdG9yZSJ9?signature=954f74f8aba0fb24cb2a5248b1e93fe8a62fb8c7f902abbb08b7aed24bc44c80",
            "productDescription": ""
        },
        "priceData": {
            "bestPrice": "2.20",
            "price": "2.20",
            "pricePerLitre": 4.4,
            "bestPricePerLitre": 4.4
        },
        "store": {
            "id": "5e75524c6d8e690cbc09b5b0",
            "name": "Riverton"
        },
        "timestamp": "2021-08-16T18:47:40.666218"
    },
    {
        "productData": {
            "name": "V Energy Drink 710ml Can",
            "productId": "v-energy-drink-710ml-can",
            "productShopPage": "https://riverton.store.supervalue.co.nz/lines/v-energy-drink-710ml-can",
            "productImageURL": "https://dtgxwmigmg3gc.cloudfront.net/imagery/assets/derivations/icon/512/512/true/eyJpZCI6ImU1Mjg5NDIyNDI0MzhlNGM0N2IxY2FmMmExOWQ0OGI0Iiwic3RvcmFnZSI6InB1YmxpY19zdG9yZSJ9?signature=875386458f8ad66eb59967a1ca6ad24a19d1592f97a894e439af7d9be1852340",
            "productDescription": ""
        },
        "priceData": {
            "bestPrice": "3.30",
            "price": "3.30",
            "pricePerLitre": 4.6000000000000005,
            "bestPricePerLitre": 4.6000000000000005
        },
        "store": {
            "id": "5e75524c6d8e690cbc09b5b0",
            "name": "Riverton"
        },
        "timestamp": "2021-08-16T18:47:42.486472"
    },
    {
        "productData": {
            "name": "V Energy Drink Guarana 500ml",
            "productId": "v-energy-drink-guarana-500ml",
            "productShopPage": "https://riverton.store.supervalue.co.nz/lines/v-energy-drink-guarana-500ml",
            "productImageURL": "https://dtgxwmigmg3gc.cloudfront.net/imagery/assets/derivations/icon/512/512/true/eyJpZCI6IjgzZDAxMjhiMzg4NmEwZmE4YTE2ZjY2NWIzNmM2NzI2Iiwic3RvcmFnZSI6InB1YmxpY19zdG9yZSJ9?signature=f55ecc561066291a4e74a967db35ea2355f881bd1708bf400fd790032384ae4f",
            "productDescription": ""
        },
        "priceData": {
            "bestPrice": "2.60",
            "price": "2.60",
            "pricePerLitre": 5.2,
            "bestPricePerLitre": 5.2
        },
        "store": {
            "id": "5e75524c6d8e690cbc09b5b0",
            "name": "Riverton"
        },
        "timestamp": "2021-08-16T18:47:43.412348"
    },
    {
        "productData": {
            "name": "V Energy Drink Sugar Free Guarana 250ml",
            "productId": "v-energy-drink-sugar-free-guarana-250ml",
            "productShopPage": "https://riverton.store.supervalue.co.nz/lines/v-energy-drink-sugar-free-guarana-250ml",
            "productImageURL": "https://dtgxwmigmg3gc.cloudfront.net/imagery/assets/derivations/icon/512/512/true/eyJpZCI6ImZiNzM1NmU4NTMyZDllODlkZTljZmNlOGY2MzQ5NGQwIiwic3RvcmFnZSI6InB1YmxpY19zdG9yZSJ9?signature=72b0ce0a48ca796717c115fe5e8b4564501470f63bf80ae865d26e9d131a2b8c",
            "productDescription": ""
        },
        "priceData": {
            "bestPrice": "2.90",
            "price": "2.90",
            "pricePerLitre": 11.6,
            "bestPricePerLitre": 11.6
        },
        "store": {
            "id": "5e75524c6d8e690cbc09b5b0",
            "name": "Riverton"
        },
        "timestamp": "2021-08-16T18:47:45.140540"
    },
    {
        "productData": {
            "name": "V Energy Drink Blue Guarana Spritzed 350ml",
            "productId": "v-blue-energy-drink-blue-guarana-spritzed-350ml",
            "productShopPage": "https://riverton.store.supervalue.co.nz/lines/v-blue-energy-drink-blue-guarana-spritzed-350ml",
            "productImageURL": "https://dtgxwmigmg3gc.cloudfront.net/imagery/assets/derivations/icon/512/512/true/eyJpZCI6ImY2OTRlZGI4NjdlNWMzZDM5NzgzMDQ0ODFkMzUxZGZiIiwic3RvcmFnZSI6InB1YmxpY19zdG9yZSJ9?signature=591b3079cb9c2407a29b3bc348eaf42dc1d34daba5c9d7aba65be654725b6719",
            "productDescription": ""
        },
        "priceData": {
            "bestPrice": "3.99",
            "price": "3.99",
            "pricePerLitre": 11.399999999999999,
            "bestPricePerLitre": 11.399999999999999
        },
        "store": {
            "id": "5e75524c6d8e690cbc09b5b0",
            "name": "Riverton"
        },
        "timestamp": "2021-08-16T18:47:47.141639"
    },
    {
        "productData": {
            "name": "V Energy Drink Green Guarana 350ml",
            "productId": "v-energy-drink-green-guarana-350ml",
            "productShopPage": "https://riverton.store.supervalue.co.nz/lines/v-energy-drink-green-guarana-350ml",
            "productImageURL": "https://dtgxwmigmg3gc.cloudfront.net/imagery/assets/derivations/icon/512/512/true/eyJpZCI6IjRiNjY4ZjYxOTQ2ODYyN2MzM2NiZWMyNGUyNmIyODk4Iiwic3RvcmFnZSI6InB1YmxpY19zdG9yZSJ9?signature=4cded9cb42349eef45a593461f311b1bb7fa881295733879671ad9fe9887d30c",
            "productDescription": ""
        },
        "priceData": {
            "bestPrice": "3.99",
            "price": "3.99",
            "pricePerLitre": 11.399999999999999,
            "bestPricePerLitre": 11.399999999999999
        },
        "store": {
            "id": "5e75524c6d8e690cbc09b5b0",
            "name": "Riverton"
        },
        "timestamp": "2021-08-16T18:47:48.267654"
    },
    {
        "productData": {
            "name": "V Energy Drink Guarana Can 250ml",
            "productId": "v-energy-drink-guarana-can-250ml",
            "productShopPage": "https://riverton.store.supervalue.co.nz/lines/v-energy-drink-guarana-can-250ml",
            "productImageURL": "https://dtgxwmigmg3gc.cloudfront.net/imagery/assets/derivations/icon/512/512/true/eyJpZCI6Ijc3Nzk1NjE2ZDhhNmFiMThhYzEzODYzOTg2ZmNkNzgwIiwic3RvcmFnZSI6InB1YmxpY19zdG9yZSJ9?signature=f5de1854d43e19cc62bff86893d4a55615cd916f8425a4dccd170b52eba81255",
            "productDescription": ""
        },
        "priceData": {
            "bestPrice": "2.90",
            "price": "2.90",
            "pricePerLitre": 11.6,
            "bestPricePerLitre": 11.6
        },
        "store": {
            "id": "5e75524c6d8e690cbc09b5b0",
            "name": "Riverton"
        },
        "timestamp": "2021-08-16T18:47:49.208000"
    },
    {
        "productData": {
            "name": "V Energy Drink Guarana Can 500ml",
            "productId": "v-energy-drink-guarana-can-500ml",
            "productShopPage": "https://riverton.store.supervalue.co.nz/lines/v-energy-drink-guarana-can-500ml",
            "productImageURL": "https://dtgxwmigmg3gc.cloudfront.net/imagery/assets/derivations/icon/512/512/true/eyJpZCI6ImI0NjgzNGZjNDRkMjU0MjgzYzJjZGNhMzA2NWIxYjA5Iiwic3RvcmFnZSI6InB1YmxpY19zdG9yZSJ9?signature=265e8273409849423466e7623cbbdf8352940707b8830803eec391e8f32c9c5f",
            "productDescription": ""
        },
        "priceData": {
            "bestPrice": "3.60",
            "price": "3.60",
            "pricePerLitre": 7.199999999999999,
            "bestPricePerLitre": 7.199999999999999
        },
        "store": {
            "id": "5e75524c6d8e690cbc09b5b0",
            "name": "Riverton"
        },
        "timestamp": "2021-08-16T18:47:50.096988"
    },
    {
        "productData": {
            "name": "V Energy Drink Raspberry Lemonade 350ml",
            "productId": "v-energy-drink-raspberry-lemonade-350ml",
            "productShopPage": "https://riverton.store.supervalue.co.nz/lines/v-energy-drink-raspberry-lemonade-350ml",
            "productImageURL": "https://dtgxwmigmg3gc.cloudfront.net/imagery/assets/derivations/icon/512/512/true/eyJpZCI6IjliNWMwMGJkN2IxYWRhY2UxNzU5NzY1ZTI4MjUzZDgyIiwic3RvcmFnZSI6InB1YmxpY19zdG9yZSJ9?signature=1813e587f3636e394a15aa9e19234f9343024a6880220b0dda0a5d69b1f1c010",
            "productDescription": ""
        },
        "priceData": {
            "bestPrice": "3.99",
            "price": "3.99",
            "pricePerLitre": 11.399999999999999,
            "bestPricePerLitre": 11.399999999999999
        },
        "store": {
            "id": "5e75524c6d8e690cbc09b5b0",
            "name": "Riverton"
        },
        "timestamp": "2021-08-16T18:47:51.950476"
    },
    {
        "productData": {
            "name": "V Energy Drink Sugar Free Guarana 500ml",
            "productId": "v-energy-drink-sugar-free-guarana-500ml",
            "productShopPage": "https://riverton.store.supervalue.co.nz/lines/v-energy-drink-sugar-free-guarana-500ml",
            "productImageURL": "https://dtgxwmigmg3gc.cloudfront.net/imagery/assets/derivations/icon/512/512/true/eyJpZCI6Ijg4MGExMDYxOTY4NTJiYzM1ZTExMmU2MGE2OWYxNDE3Iiwic3RvcmFnZSI6InB1YmxpY19zdG9yZSJ9?signature=b0536d25b9da8158705e24c88e21fabbf85c1dabc19f18108c386e956ffd7045",
            "productDescription": ""
        },
        "priceData": {
            "bestPrice": "3.60",
            "price": "3.60",
            "pricePerLitre": 7.199999999999999,
            "bestPricePerLitre": 7.199999999999999
        },
        "store": {
            "id": "5e75524c6d8e690cbc09b5b0",
            "name": "Riverton"
        },
        "timestamp": "2021-08-16T18:47:52.904833"
    },
    {
        "productData": {
            "name": "V Energy Drink Skills Cans 275ml 4 Pack",
            "productId": "v-energy-drink-skills-cans-275ml-4-pack",
            "productShopPage": "https://riverton.store.supervalue.co.nz/lines/v-energy-drink-skills-cans-275ml-4-pack",
            "productImageURL": "https://dtgxwmigmg3gc.cloudfront.net/imagery/assets/derivations/icon/512/512/true/eyJpZCI6ImZhMzA2N2NiM2YxMmVkM2ZhZjhhYmM4OGE1YTJhNzczIiwic3RvcmFnZSI6InB1YmxpY19zdG9yZSJ9?signature=34fcde8f5a021036c475a1dfff6748625e0747bb134ec737312b15bbe8e883eb",
            "productDescription": ""
        },
        "priceData": {
            "bestPrice": "8.00",
            "price": "8.00",
            "pricePerLitre": 7.3,
            "bestPricePerLitre": 7.3
        },
        "store": {
            "id": "5e75524c6d8e690cbc09b5b0",
            "name": "Riverton"
        },
        "timestamp": "2021-08-16T18:47:53.841166"
    },
    {
        "productData": {
            "name": "V Blue Energy Drink Bottle 500ml",
            "productId": "v-blue-energy-drink-bottle-500ml",
            "productShopPage": "https://riverton.store.supervalue.co.nz/lines/v-blue-energy-drink-bottle-500ml",
            "productImageURL": "https://dtgxwmigmg3gc.cloudfront.net/imagery/assets/derivations/icon/512/512/true/eyJpZCI6IjgyYWYxYWY4MGI4MzUxODhiYmVhZGVhM2U2NzY0MzI5Iiwic3RvcmFnZSI6InB1YmxpY19zdG9yZSJ9?signature=7e70fc576864a528a1431734d680cbf177a11b419a692dbfd34800c31b8944ec",
            "productDescription": ""
        },
        "priceData": {
            "bestPrice": "2.60",
            "price": "2.60",
            "pricePerLitre": 5.2,
            "bestPricePerLitre": 5.2
        },
        "store": {
            "id": "5e75524c6d8e690cbc09b5b0",
            "name": "Riverton"
        },
        "timestamp": "2021-08-16T18:47:55.641340"
    },
    {
        "productData": {
            "name": "V Raspberry Lemonade Energy Drink 500ml",
            "productId": "v-energy-drink-raspberry-lemonade-500ml-can",
            "productShopPage": "https://riverton.store.supervalue.co.nz/lines/v-energy-drink-raspberry-lemonade-500ml-can",
            "productImageURL": "https://dtgxwmigmg3gc.cloudfront.net/imagery/assets/derivations/icon/512/512/true/eyJpZCI6ImE3N2Y5NzBmY2FhOWZhYmZiOTc3MmYyMzE4MGRiOTcxIiwic3RvcmFnZSI6InB1YmxpY19zdG9yZSJ9?signature=2bb7890fe6d7b0c0c6a522be31c78077be0aa570ca4c8aa5549ccf80761262dc",
            "productDescription": ""
        },
        "priceData": {
            "bestPrice": "3.60",
            "price": "3.60",
            "pricePerLitre": 7.199999999999999,
            "bestPricePerLitre": 7.199999999999999
        },
        "store": {
            "id": "5e75524c6d8e690cbc09b5b0",
            "name": "Riverton"
        },
        "timestamp": "2021-08-16T18:47:57.534083"
    },
    {
        "productData": {
            "name": "V Blue Energy Drink Blue Guarana Can 250ml",
            "productId": "v-blue-energy-drink-blue-guarana-can-250ml",
            "productShopPage": "https://riverton.store.supervalue.co.nz/lines/v-blue-energy-drink-blue-guarana-can-250ml",
            "productImageURL": "https://dtgxwmigmg3gc.cloudfront.net/imagery/assets/derivations/icon/512/512/true/eyJpZCI6IjBmZjQwNDEyZWQ2ZDk4YTg3YWQ2ZDUyMWZlNjM1YzJkIiwic3RvcmFnZSI6InB1YmxpY19zdG9yZSJ9?signature=8f745abe5614ec47b3d7a07f1a34ba529184a87b2a696211ba5a0f9f29c86bf0",
            "productDescription": ""
        },
        "priceData": {
            "bestPrice": "2.90",
            "price": "2.90",
            "pricePerLitre": 11.6,
            "bestPricePerLitre": 11.6
        },
        "store": {
            "id": "5e75524c6d8e690cbc09b5b0",
            "name": "Riverton"
        },
        "timestamp": "2021-08-16T18:48:00.322650"
    },
    {
        "productData": {
            "name": "V Blue Energy Drink Blue Guarana Can 500ml",
            "productId": "v-blue-energy-drink-blue-guarana-can-500ml",
            "productShopPage": "https://riverton.store.supervalue.co.nz/lines/v-blue-energy-drink-blue-guarana-can-500ml",
            "productImageURL": "https://dtgxwmigmg3gc.cloudfront.net/imagery/assets/derivations/icon/512/512/true/eyJpZCI6ImFmYjEyYjVjYTU2YWI5ZDJhMTVmNGY2MDg2NWFlNzgxIiwic3RvcmFnZSI6InB1YmxpY19zdG9yZSJ9?signature=b537a8cc5a2c0f90f1702b2c541db44c3a740a0ec4a96e92ab2d6537f9320e8d",
            "productDescription": ""
        },
        "priceData": {
            "bestPrice": "3.60",
            "price": "3.60",
            "pricePerLitre": 7.199999999999999,
            "bestPricePerLitre": 7.199999999999999
        },
        "store": {
            "id": "5e75524c6d8e690cbc09b5b0",
            "name": "Riverton"
        },
        "timestamp": "2021-08-16T18:48:01.496601"
    },
    {
        "productData": {
            "name": "V Iced Coffee Guarana Energy 500ml",
            "productId": "v-iced-coffee-guarana-energy-500ml",
            "productShopPage": "https://riverton.store.supervalue.co.nz/lines/v-iced-coffee-guarana-energy-500ml",
            "productImageURL": "https://dtgxwmigmg3gc.cloudfront.net/imagery/assets/derivations/icon/512/512/true/eyJpZCI6ImM0Zjc4YjRmYWVjMjk0NTJkZTNkYzZjNmY5MzBlMjU2Iiwic3RvcmFnZSI6InB1YmxpY19zdG9yZSJ9?signature=14312b2813aab9c1ad551700ec97cd58a3a7f95bef4d0bd7ae7aa2dcf8fcdc9d",
            "productDescription": ""
        },
        "priceData": {
            "bestPrice": "4.19",
            "price": "4.19"
        },
        "store": {
            "id": "5e75524c6d8e690cbc09b5b0",
            "name": "Riverton"
        },
        "timestamp": "2021-08-16T18:48:02.479239"
    },
    {
        "productData": {
            "name": "V Iced Mocha Guarana Energy 500ml",
            "productId": "v-iced-mocha-guarana-energy-500ml",
            "productShopPage": "https://riverton.store.supervalue.co.nz/lines/v-iced-mocha-guarana-energy-500ml",
            "productImageURL": "https://dtgxwmigmg3gc.cloudfront.net/imagery/assets/derivations/icon/512/512/true/eyJpZCI6ImNiMDRkODVlZmQ2YjhiZGMxMWU4Zjk5OGEwOTczODg1Iiwic3RvcmFnZSI6InB1YmxpY19zdG9yZSJ9?signature=3e63d4ec34ef65794a07ea00749a785cb88ce90997e6e7d12629c3c0f205de6d",
            "productDescription": ""
        },
        "priceData": {
            "bestPrice": "4.19",
            "price": "4.19"
        },
        "store": {
            "id": "5e75524c6d8e690cbc09b5b0",
            "name": "Riverton"
        },
        "timestamp": "2021-08-16T18:48:03.450404"
    },
    {
        "productData": {
            "name": "V Energy Drink Sugar Free Guarana Bottle 350ml",
            "productId": "v-energy-drink-sugar-free-guarana-bottle-350ml",
            "productShopPage": "https://riverton.store.supervalue.co.nz/lines/v-energy-drink-sugar-free-guarana-bottle-350ml",
            "productImageURL": "https://dtgxwmigmg3gc.cloudfront.net/imagery/assets/derivations/icon/512/512/true/eyJpZCI6IjQzYmZlOTg1YzY2ZGQ0ZDI1YzUyZDk3MGJhMmJhMGM3Iiwic3RvcmFnZSI6InB1YmxpY19zdG9yZSJ9?signature=7a4bb3eb2264f52495ae9ba8fbf21b5a3e59e12c0d6208cfa1591261da333f55",
            "productDescription": ""
        },
        "priceData": {
            "bestPrice": "3.99",
            "price": "3.99",
            "pricePerLitre": 11.399999999999999,
            "bestPricePerLitre": 11.399999999999999
        },
        "store": {
            "id": "5e75524c6d8e690cbc09b5b0",
            "name": "Riverton"
        },
        "timestamp": "2021-08-16T18:48:05.394846"
    },
    {
        "productData": {
            "name": "Monster Super Fuel Zero Sugar 550ml",
            "productId": "monster-super-fuel-zero-sugar-550ml",
            "productShopPage": "https://riverton.store.supervalue.co.nz/lines/monster-super-fuel-zero-sugar-550ml",
            "productImageURL": "https://dtgxwmigmg3gc.cloudfront.net/imagery/assets/derivations/icon/512/512/true/eyJpZCI6IjRkOTE3NzhmODIxNDI1ZDJjNDg3Yjc0M2YyMzEyYmYxIiwic3RvcmFnZSI6InB1YmxpY19zdG9yZSJ9?signature=4b9dbd15c40f85466e597873c567f989183b284947e8c8dc4df58667789214a2",
            "productDescription": ""
        },
        "priceData": {
            "bestPrice": "3.60",
            "price": "3.60",
            "pricePerLitre": 6.5,
            "bestPricePerLitre": 6.5
        },
        "store": {
            "id": "5e75524c6d8e690cbc09b5b0",
            "name": "Riverton"
        },
        "timestamp": "2021-08-16T18:48:14.149388"
    },
    {
        "productData": {
            "name": "Monster Mule Ginger Brew 500ml",
            "productId": "monster-mule-ginger-brew-500ml",
            "productShopPage": "https://riverton.store.supervalue.co.nz/lines/monster-mule-ginger-brew-500ml",
            "productImageURL": "https://dtgxwmigmg3gc.cloudfront.net/imagery/assets/derivations/icon/512/512/true/eyJpZCI6ImM1OTM5MTIyZTRlNmNhNzk0ODFlMDE4ZWVmMWE2Y2ZlIiwic3RvcmFnZSI6InB1YmxpY19zdG9yZSJ9?signature=5d11287f30ef58c148e37382d61c0d83097d5461683a9aa5dd9456941c1f32e5",
            "productDescription": ""
        },
        "priceData": {
            "bestPrice": "2.60",
            "price": "2.60",
            "pricePerLitre": 5.2,
            "bestPricePerLitre": 5.2
        },
        "store": {
            "id": "5e75524c6d8e690cbc09b5b0",
            "name": "Riverton"
        },
        "timestamp": "2021-08-16T18:48:15.146790"
    },
    {
        "productData": {
            "name": "Monster Super Fuel Purple Passion 550ml",
            "productId": "monster-super-fuel-purple-passion-550ml",
            "productShopPage": "https://riverton.store.supervalue.co.nz/lines/monster-super-fuel-purple-passion-550ml",
            "productImageURL": "https://dtgxwmigmg3gc.cloudfront.net/imagery/assets/derivations/icon/512/512/true/eyJpZCI6IjNkMTY1OTQwMzgyOTZjZjVlMjNlNjBjMDQ3NTE1YWM0Iiwic3RvcmFnZSI6InB1YmxpY19zdG9yZSJ9?signature=4d4ccd77dab941d955a8037242a41833afdc7251d3bd5b5c4b99705770273998",
            "productDescription": ""
        },
        "priceData": {
            "bestPrice": "3.60",
            "price": "3.60",
            "pricePerLitre": 6.5,
            "bestPricePerLitre": 6.5
        },
        "store": {
            "id": "5e75524c6d8e690cbc09b5b0",
            "name": "Riverton"
        },
        "timestamp": "2021-08-16T18:48:18.376628"
    },
    {
        "productData": {
            "name": "Monster Energy Pipeline Punch 500ml",
            "productId": "monster-energy-pipeline-punch-500ml",
            "productShopPage": "https://riverton.store.supervalue.co.nz/lines/monster-energy-pipeline-punch-500ml",
            "productImageURL": "https://dtgxwmigmg3gc.cloudfront.net/imagery/assets/derivations/icon/512/512/true/eyJpZCI6IjM3ZWY2OTY5OWFlNTJlZTRjNTY1ZmFmYWIwOTIxMjg4Iiwic3RvcmFnZSI6InB1YmxpY19zdG9yZSJ9?signature=79ed6699c35bd716a9d5d9457c39ce62c523edaa4059b6b45d4dcc7caf65cef9",
            "productDescription": ""
        },
        "priceData": {
            "bestPrice": "2.60",
            "price": "2.60",
            "pricePerLitre": 5.2,
            "bestPricePerLitre": 5.2
        },
        "store": {
            "id": "5e75524c6d8e690cbc09b5b0",
            "name": "Riverton"
        },
        "timestamp": "2021-08-16T18:48:19.467996"
    },
    {
        "productData": {
            "name": "Live Plus Energy Drink Citrus Flavour 500ml",
            "productId": "live-plus-persist-500ml",
            "productShopPage": "https://riverton.store.supervalue.co.nz/lines/live-plus-persist-500ml",
            "productImageURL": "https://dtgxwmigmg3gc.cloudfront.net/imagery/assets/derivations/icon/512/512/true/eyJpZCI6IjFlNWQ5YzI4OWM1N2UzNmYzZmI2NThlMDQzZTI3ZjE4Iiwic3RvcmFnZSI6InB1YmxpY19zdG9yZSJ9?signature=756b17fefe47174b90e7dbec8cd09db27f9f59f4994bc750b71256ae93ba9fa8",
            "productDescription": ""
        },
        "priceData": {
            "bestPrice": "2.20",
            "price": "2.20",
            "pricePerLitre": 4.4,
            "bestPricePerLitre": 4.4
        },
        "store": {
            "id": "5e75524c6d8e690cbc09b5b0",
            "name": "Riverton"
        },
        "timestamp": "2021-08-16T18:48:20.440949"
    },
    {
        "productData": {
            "name": "Rockstar Punched Energy Guava 500ml",
            "productId": "rockstar-punched-energy-guava-500ml",
            "productShopPage": "https://riverton.store.supervalue.co.nz/lines/rockstar-punched-energy-guava-500ml",
            "productImageURL": "https://dtgxwmigmg3gc.cloudfront.net/imagery/assets/derivations/icon/512/512/true/eyJpZCI6IjBmNGEyNjU2MGQwM2Y4OGI4MWE3ZTMyODUzYTRlN2QyIiwic3RvcmFnZSI6InB1YmxpY19zdG9yZSJ9?signature=fab45ac774e74d87cf7a79de075f47290676fd6d4afcf212198c745670d5ce29",
            "productDescription": ""
        },
        "priceData": {
            "bestPrice": "2.20",
            "price": "2.20",
            "pricePerLitre": 4.4,
            "bestPricePerLitre": 4.4
        },
        "store": {
            "id": "5e75524c6d8e690cbc09b5b0",
            "name": "Riverton"
        },
        "timestamp": "2021-08-16T18:48:29.487652"
    },
    {
        "productData": {
            "name": "Rockstar Energy Drink Blueberry Can 500ml",
            "productId": "rockstar-energy-drink-xdurance-blueberry-can-500ml",
            "productShopPage": "https://riverton.store.supervalue.co.nz/lines/rockstar-energy-drink-xdurance-blueberry-can-500ml",
            "productImageURL": "https://dtgxwmigmg3gc.cloudfront.net/imagery/assets/derivations/icon/512/512/true/eyJpZCI6IjY1MTQ4NjBlZDIwNjhlNzI5ZmRhZGMxOTM0ODQyYWU3Iiwic3RvcmFnZSI6InB1YmxpY19zdG9yZSJ9?signature=1eec52fc35535ecd0973dd7428b24690138b0ff6988229d86ccc26bfb1bbfd24",
            "productDescription": ""
        },
        "priceData": {
            "bestPrice": "2.20",
            "price": "2.20",
            "pricePerLitre": 4.4,
            "bestPricePerLitre": 4.4
        },
        "store": {
            "id": "5e75524c6d8e690cbc09b5b0",
            "name": "Riverton"
        },
        "timestamp": "2021-08-16T18:48:31.364716"
    },
    {
        "productData": {
            "name": "Mother Kicked Apple 500ml",
            "productId": "mother-kicked-apple-500ml",
            "productShopPage": "https://roxburgh.store.supervalue.co.nz/lines/mother-kicked-apple-500ml",
            "productImageURL": "https://dtgxwmigmg3gc.cloudfront.net/imagery/assets/derivations/icon/512/512/true/eyJpZCI6IjNhZTlkYjkwYTM4MDFjMGEwYjUwYThhMDAwYjkyZjM0Iiwic3RvcmFnZSI6InB1YmxpY19zdG9yZSJ9?signature=c1a1db0a5d7b074c388cf08560fd44a4a2b6127821554198e54eeea8474325f6",
            "productDescription": ""
        },
        "priceData": {
            "bestPrice": "2.20",
            "price": "2.20",
            "pricePerLitre": 4.4,
            "bestPricePerLitre": 4.4
        },
        "store": {
            "id": "5e7923a7ec28667eea0260eb",
            "name": "Roxburgh"
        },
        "timestamp": "2021-08-16T18:48:32.382751"
    },
    {
        "productData": {
            "name": "Monster Energy Ultra Paradise 500ml",
            "productId": "monster-energy-drink-ultra-paradise-500ml",
            "productShopPage": "https://roxburgh.store.supervalue.co.nz/lines/monster-energy-drink-ultra-paradise-500ml",
            "productImageURL": "https://dtgxwmigmg3gc.cloudfront.net/imagery/assets/derivations/icon/512/512/true/eyJpZCI6ImZiZDRkZTQxNzA0M2FiYTUyMjMwZWI0NTcyZGNmYTE1Iiwic3RvcmFnZSI6InB1YmxpY19zdG9yZSJ9?signature=8a439bf26b71114289dfea1720ed331b1e4784c534deade29db8ac38b1cc7c1a",
            "productDescription": ""
        },
        "priceData": {
            "bestPrice": "2.60",
            "price": "2.60",
            "pricePerLitre": 5.2,
            "bestPricePerLitre": 5.2
        },
        "store": {
            "id": "5e7923a7ec28667eea0260eb",
            "name": "Roxburgh"
        },
        "timestamp": "2021-08-16T18:48:35.063568"
    },
    {
        "productData": {
            "name": "Monster Energy Ultra Sunrise 500ml",
            "productId": "monster-energy-ultra-sunrise-500ml",
            "productShopPage": "https://roxburgh.store.supervalue.co.nz/lines/monster-energy-ultra-sunrise-500ml",
            "productImageURL": "https://dtgxwmigmg3gc.cloudfront.net/imagery/assets/derivations/icon/512/512/true/eyJpZCI6ImFlNTVkY2RiZTZiZjg3OGZjZTdlOTU1OTFhMDE4YTdiIiwic3RvcmFnZSI6InB1YmxpY19zdG9yZSJ9?signature=b98350feca08b6ab128cc925fef23a58f65a36f94ede15cb2174f6f88a0f8a0f",
            "productDescription": ""
        },
        "priceData": {
            "bestPrice": "2.60",
            "price": "2.60",
            "pricePerLitre": 5.2,
            "bestPricePerLitre": 5.2
        },
        "store": {
            "id": "5e7923a7ec28667eea0260eb",
            "name": "Roxburgh"
        },
        "timestamp": "2021-08-16T18:48:36.139103"
    },
    {
        "productData": {
            "name": "Monster Energy Ultra Zero 500ml",
            "productId": "monster-energy-ultra-zero-500ml",
            "productShopPage": "https://roxburgh.store.supervalue.co.nz/lines/monster-energy-ultra-zero-500ml",
            "productImageURL": "https://dtgxwmigmg3gc.cloudfront.net/imagery/assets/derivations/icon/512/512/true/eyJpZCI6IjdhN2FhYTUwZWU2NTYwYjBiNGY1NThhMTgwNmVlODI3Iiwic3RvcmFnZSI6InB1YmxpY19zdG9yZSJ9?signature=7907c49ba7d043175a426f84a71776de7dd51fa5c249237063aca9cb098abdbe",
            "productDescription": ""
        },
        "priceData": {
            "bestPrice": "2.60",
            "price": "2.60",
            "pricePerLitre": 5.2,
            "bestPricePerLitre": 5.2
        },
        "store": {
            "id": "5e7923a7ec28667eea0260eb",
            "name": "Roxburgh"
        },
        "timestamp": "2021-08-16T18:48:37.179769"
    },
    {
        "productData": {
            "name": "Monster Energy Drink Can Green 500ml",
            "productId": "monster-energy-green-500ml",
            "productShopPage": "https://roxburgh.store.supervalue.co.nz/lines/monster-energy-green-500ml",
            "productImageURL": "https://dtgxwmigmg3gc.cloudfront.net/imagery/assets/derivations/icon/512/512/true/eyJpZCI6ImU3ZjNiNjJiNzI4Y2M0MTIxMjhiNjQ2ZmQ2OTQzMGEzIiwic3RvcmFnZSI6InB1YmxpY19zdG9yZSJ9?signature=637eac56411f57a79f345ea693f1418330d5742c3a04caddb460696dba06da06",
            "productDescription": ""
        },
        "priceData": {
            "bestPrice": "2.60",
            "price": "2.60",
            "pricePerLitre": 5.2,
            "bestPricePerLitre": 5.2
        },
        "store": {
            "id": "5e7923a7ec28667eea0260eb",
            "name": "Roxburgh"
        },
        "timestamp": "2021-08-16T18:48:38.047887"
    },
    {
        "productData": {
            "name": "Monster Energy Drink Ultra Rosa 500ml",
            "productId": "monster-energy-drink-ultra-rosa-500ml",
            "productShopPage": "https://roxburgh.store.supervalue.co.nz/lines/monster-energy-drink-ultra-rosa-500ml",
            "productImageURL": "https://dtgxwmigmg3gc.cloudfront.net/imagery/assets/derivations/icon/512/512/true/eyJpZCI6IjZjYzFjMzcwYzM4Mzk4N2MyOTUzNWIyMTFjZTJlYjgxIiwic3RvcmFnZSI6InB1YmxpY19zdG9yZSJ9?signature=9cd08284785f9b24647ecc7d1dc08214d9d00318cc809bebdef1921d6b78bb95",
            "productDescription": ""
        },
        "priceData": {
            "bestPrice": "2.60",
            "price": "2.60",
            "pricePerLitre": 5.2,
            "bestPricePerLitre": 5.2
        },
        "store": {
            "id": "5e7923a7ec28667eea0260eb",
            "name": "Roxburgh"
        },
        "timestamp": "2021-08-16T18:48:38.953154"
    },
    {
        "productData": {
            "name": "Mother Energy Drink Berry 500ml",
            "productId": "mother-energy-drink-berry-500ml",
            "productShopPage": "https://roxburgh.store.supervalue.co.nz/lines/mother-energy-drink-berry-500ml",
            "productImageURL": "https://dtgxwmigmg3gc.cloudfront.net/imagery/assets/derivations/icon/512/512/true/eyJpZCI6ImRhYTJlNjUzNzRjZjViNjI0ZDljNzUzNDA3YmE0ZDFkIiwic3RvcmFnZSI6InB1YmxpY19zdG9yZSJ9?signature=d9ffb465d71d599811c2ff7a788845bfe297eb3624ad7866a89cf0b3ece073f0",
            "productDescription": ""
        },
        "priceData": {
            "bestPrice": "2.20",
            "price": "2.20",
            "pricePerLitre": 4.4,
            "bestPricePerLitre": 4.4
        },
        "store": {
            "id": "5e7923a7ec28667eea0260eb",
            "name": "Roxburgh"
        },
        "timestamp": "2021-08-16T18:48:42.118318"
    },
    {
        "productData": {
            "name": "Mother Energy Drink Black 500ml",
            "productId": "mother-energy-drink-black-500ml",
            "productShopPage": "https://roxburgh.store.supervalue.co.nz/lines/mother-energy-drink-black-500ml",
            "productImageURL": "https://dtgxwmigmg3gc.cloudfront.net/imagery/assets/derivations/icon/512/512/true/eyJpZCI6ImYyMzA5MjhkYjg3ODFhYmYzZDU3ZjE1YjNmYzU2MWFjIiwic3RvcmFnZSI6InB1YmxpY19zdG9yZSJ9?signature=d3dbddb83d3d457075cd5d8936bef0c5b48fce4fa3fe725995d8b6d57219ceb5",
            "productDescription": ""
        },
        "priceData": {
            "bestPrice": "2.20",
            "price": "2.20",
            "pricePerLitre": 4.4,
            "bestPricePerLitre": 4.4
        },
        "store": {
            "id": "5e7923a7ec28667eea0260eb",
            "name": "Roxburgh"
        },
        "timestamp": "2021-08-16T18:48:43.031559"
    },
    {
        "productData": {
            "name": "Mother Energy Drink Passion 500ml",
            "productId": "mother-energy-drink-passion-500ml",
            "productShopPage": "https://roxburgh.store.supervalue.co.nz/lines/mother-energy-drink-passion-500ml",
            "productImageURL": "https://dtgxwmigmg3gc.cloudfront.net/imagery/assets/derivations/icon/512/512/true/eyJpZCI6ImQwODE2YTc4ZjBmNGU4NTU5Mzg1YjkxZmI5YjIzZjM0Iiwic3RvcmFnZSI6InB1YmxpY19zdG9yZSJ9?signature=713c495fef96a6427b917f0c7c7e855a963749ac5c1bf7dfd71e24ae08ea3123",
            "productDescription": ""
        },
        "priceData": {
            "bestPrice": "2.20",
            "price": "2.20",
            "pricePerLitre": 4.4,
            "bestPricePerLitre": 4.4
        },
        "store": {
            "id": "5e7923a7ec28667eea0260eb",
            "name": "Roxburgh"
        },
        "timestamp": "2021-08-16T18:48:44.839270"
    },
    {
        "productData": {
            "name": "Mother Tropical Blast 500ml",
            "productId": "mother-tropical-blast-500ml",
            "productShopPage": "https://roxburgh.store.supervalue.co.nz/lines/mother-tropical-blast-500ml",
            "productImageURL": "https://dtgxwmigmg3gc.cloudfront.net/imagery/assets/derivations/icon/512/512/true/eyJpZCI6ImEyZmM1OTUwNDhlODM5YTRhMjQ2MTI1OGEyYzNlZWZhIiwic3RvcmFnZSI6InB1YmxpY19zdG9yZSJ9?signature=6c9470ee4067e8ec32b58eeac9d628404d3986058a9b1cdef46014d1bee50944",
            "productDescription": ""
        },
        "priceData": {
            "bestPrice": "2.20",
            "price": "2.20",
            "pricePerLitre": 4.4,
            "bestPricePerLitre": 4.4
        },
        "store": {
            "id": "5e7923a7ec28667eea0260eb",
            "name": "Roxburgh"
        },
        "timestamp": "2021-08-16T18:48:45.971583"
    },
    {
        "productData": {
            "name": "Mother Epic Swell Energy Drink Twisted Apple 500ml",
            "productId": "mother-epic-swell-energy-drink-twisted-apple-500ml",
            "productShopPage": "https://roxburgh.store.supervalue.co.nz/lines/mother-epic-swell-energy-drink-twisted-apple-500ml",
            "productImageURL": "https://dtgxwmigmg3gc.cloudfront.net/imagery/assets/derivations/icon/512/512/true/eyJpZCI6ImE2ZjYxOGNhNjUyYzMxNzRhNjg2MDBhMGVjZmQ3MmJkIiwic3RvcmFnZSI6InB1YmxpY19zdG9yZSJ9?signature=954f74f8aba0fb24cb2a5248b1e93fe8a62fb8c7f902abbb08b7aed24bc44c80",
            "productDescription": ""
        },
        "priceData": {
            "bestPrice": "2.20",
            "price": "2.20",
            "pricePerLitre": 4.4,
            "bestPricePerLitre": 4.4
        },
        "store": {
            "id": "5e7923a7ec28667eea0260eb",
            "name": "Roxburgh"
        },
        "timestamp": "2021-08-16T18:48:48.443091"
    },
    {
        "productData": {
            "name": "Monster Energy Juice Mango Loco 500ml",
            "productId": "monster-energy-juice-mango-loco-500ml-can",
            "productShopPage": "https://roxburgh.store.supervalue.co.nz/lines/monster-energy-juice-mango-loco-500ml-can",
            "productImageURL": "https://dtgxwmigmg3gc.cloudfront.net/imagery/assets/derivations/icon/512/512/true/eyJpZCI6ImUyNmIyNzdlMzJkOTg5NjI4YWYxYzg2MTU2MjI0ZjgzIiwic3RvcmFnZSI6InB1YmxpY19zdG9yZSJ9?signature=db65ff44183396e60e8f4c13003417fb1277f7685b136cf223d7701f7e945faf",
            "productDescription": ""
        },
        "priceData": {
            "bestPrice": "2.60",
            "price": "2.60",
            "pricePerLitre": 5.2,
            "bestPricePerLitre": 5.2
        },
        "store": {
            "id": "5e7923a7ec28667eea0260eb",
            "name": "Roxburgh"
        },
        "timestamp": "2021-08-16T18:48:49.394206"
    },
    {
        "productData": {
            "name": "V Energy Drink Guarana 500ml",
            "productId": "v-energy-drink-guarana-500ml",
            "productShopPage": "https://roxburgh.store.supervalue.co.nz/lines/v-energy-drink-guarana-500ml",
            "productImageURL": "https://dtgxwmigmg3gc.cloudfront.net/imagery/assets/derivations/icon/512/512/true/eyJpZCI6IjgzZDAxMjhiMzg4NmEwZmE4YTE2ZjY2NWIzNmM2NzI2Iiwic3RvcmFnZSI6InB1YmxpY19zdG9yZSJ9?signature=f55ecc561066291a4e74a967db35ea2355f881bd1708bf400fd790032384ae4f",
            "productDescription": ""
        },
        "priceData": {
            "bestPrice": "2.60",
            "price": "2.60",
            "pricePerLitre": 5.2,
            "bestPricePerLitre": 5.2
        },
        "store": {
            "id": "5e7923a7ec28667eea0260eb",
            "name": "Roxburgh"
        },
        "timestamp": "2021-08-16T18:48:51.508980"
    },
    {
        "productData": {
            "name": "V Energy Drink Sugar Free Guarana 250ml",
            "productId": "v-energy-drink-sugar-free-guarana-250ml",
            "productShopPage": "https://roxburgh.store.supervalue.co.nz/lines/v-energy-drink-sugar-free-guarana-250ml",
            "productImageURL": "https://dtgxwmigmg3gc.cloudfront.net/imagery/assets/derivations/icon/512/512/true/eyJpZCI6ImZiNzM1NmU4NTMyZDllODlkZTljZmNlOGY2MzQ5NGQwIiwic3RvcmFnZSI6InB1YmxpY19zdG9yZSJ9?signature=72b0ce0a48ca796717c115fe5e8b4564501470f63bf80ae865d26e9d131a2b8c",
            "productDescription": ""
        },
        "priceData": {
            "bestPrice": "2.50",
            "price": "2.50",
            "pricePerLitre": 10.0,
            "bestPricePerLitre": 10.0
        },
        "store": {
            "id": "5e7923a7ec28667eea0260eb",
            "name": "Roxburgh"
        },
        "timestamp": "2021-08-16T18:48:53.227091"
    },
    {
        "productData": {
            "name": "V Energy Drink Blue Guarana Spritzed 350ml",
            "productId": "v-blue-energy-drink-blue-guarana-spritzed-350ml",
            "productShopPage": "https://roxburgh.store.supervalue.co.nz/lines/v-blue-energy-drink-blue-guarana-spritzed-350ml",
            "productImageURL": "https://dtgxwmigmg3gc.cloudfront.net/imagery/assets/derivations/icon/512/512/true/eyJpZCI6ImY2OTRlZGI4NjdlNWMzZDM5NzgzMDQ0ODFkMzUxZGZiIiwic3RvcmFnZSI6InB1YmxpY19zdG9yZSJ9?signature=591b3079cb9c2407a29b3bc348eaf42dc1d34daba5c9d7aba65be654725b6719",
            "productDescription": ""
        },
        "priceData": {
            "bestPrice": "3.79",
            "price": "3.79",
            "pricePerLitre": 10.8,
            "bestPricePerLitre": 10.8
        },
        "store": {
            "id": "5e7923a7ec28667eea0260eb",
            "name": "Roxburgh"
        },
        "timestamp": "2021-08-16T18:48:55.136483"
    },
    {
        "productData": {
            "name": "V Energy Drink Green Guarana 350ml",
            "productId": "v-energy-drink-green-guarana-350ml",
            "productShopPage": "https://roxburgh.store.supervalue.co.nz/lines/v-energy-drink-green-guarana-350ml",
            "productImageURL": "https://dtgxwmigmg3gc.cloudfront.net/imagery/assets/derivations/icon/512/512/true/eyJpZCI6IjRiNjY4ZjYxOTQ2ODYyN2MzM2NiZWMyNGUyNmIyODk4Iiwic3RvcmFnZSI6InB1YmxpY19zdG9yZSJ9?signature=4cded9cb42349eef45a593461f311b1bb7fa881295733879671ad9fe9887d30c",
            "productDescription": ""
        },
        "priceData": {
            "bestPrice": "3.79",
            "price": "3.79",
            "pricePerLitre": 10.8,
            "bestPricePerLitre": 10.8
        },
        "store": {
            "id": "5e7923a7ec28667eea0260eb",
            "name": "Roxburgh"
        },
        "timestamp": "2021-08-16T18:48:56.028027"
    },
    {
        "productData": {
            "name": "V Energy Drink Guarana Can 250ml",
            "productId": "v-energy-drink-guarana-can-250ml",
            "productShopPage": "https://roxburgh.store.supervalue.co.nz/lines/v-energy-drink-guarana-can-250ml",
            "productImageURL": "https://dtgxwmigmg3gc.cloudfront.net/imagery/assets/derivations/icon/512/512/true/eyJpZCI6Ijc3Nzk1NjE2ZDhhNmFiMThhYzEzODYzOTg2ZmNkNzgwIiwic3RvcmFnZSI6InB1YmxpY19zdG9yZSJ9?signature=f5de1854d43e19cc62bff86893d4a55615cd916f8425a4dccd170b52eba81255",
            "productDescription": ""
        },
        "priceData": {
            "bestPrice": "2.50",
            "price": "2.50",
            "pricePerLitre": 10.0,
            "bestPricePerLitre": 10.0
        },
        "store": {
            "id": "5e7923a7ec28667eea0260eb",
            "name": "Roxburgh"
        },
        "timestamp": "2021-08-16T18:48:56.938894"
    },
    {
        "productData": {
            "name": "V Energy Drink Guarana Can 500ml",
            "productId": "v-energy-drink-guarana-can-500ml",
            "productShopPage": "https://roxburgh.store.supervalue.co.nz/lines/v-energy-drink-guarana-can-500ml",
            "productImageURL": "https://dtgxwmigmg3gc.cloudfront.net/imagery/assets/derivations/icon/512/512/true/eyJpZCI6ImI0NjgzNGZjNDRkMjU0MjgzYzJjZGNhMzA2NWIxYjA5Iiwic3RvcmFnZSI6InB1YmxpY19zdG9yZSJ9?signature=265e8273409849423466e7623cbbdf8352940707b8830803eec391e8f32c9c5f",
            "productDescription": ""
        },
        "priceData": {
            "bestPrice": "3.60",
            "price": "3.60",
            "pricePerLitre": 7.199999999999999,
            "bestPricePerLitre": 7.199999999999999
        },
        "store": {
            "id": "5e7923a7ec28667eea0260eb",
            "name": "Roxburgh"
        },
        "timestamp": "2021-08-16T18:48:57.892760"
    },
    {
        "productData": {
            "name": "V Energy Drink Sugar Free Guarana 500ml",
            "productId": "v-energy-drink-sugar-free-guarana-500ml",
            "productShopPage": "https://roxburgh.store.supervalue.co.nz/lines/v-energy-drink-sugar-free-guarana-500ml",
            "productImageURL": "https://dtgxwmigmg3gc.cloudfront.net/imagery/assets/derivations/icon/512/512/true/eyJpZCI6Ijg4MGExMDYxOTY4NTJiYzM1ZTExMmU2MGE2OWYxNDE3Iiwic3RvcmFnZSI6InB1YmxpY19zdG9yZSJ9?signature=b0536d25b9da8158705e24c88e21fabbf85c1dabc19f18108c386e956ffd7045",
            "productDescription": ""
        },
        "priceData": {
            "bestPrice": "3.60",
            "price": "3.60",
            "pricePerLitre": 7.199999999999999,
            "bestPricePerLitre": 7.199999999999999
        },
        "store": {
            "id": "5e7923a7ec28667eea0260eb",
            "name": "Roxburgh"
        },
        "timestamp": "2021-08-16T18:49:02.079391"
    },
    {
        "productData": {
            "name": "V Blue Energy Drink Blue Guarana Can 500ml",
            "productId": "v-blue-energy-drink-blue-guarana-can-500ml",
            "productShopPage": "https://roxburgh.store.supervalue.co.nz/lines/v-blue-energy-drink-blue-guarana-can-500ml",
            "productImageURL": "https://dtgxwmigmg3gc.cloudfront.net/imagery/assets/derivations/icon/512/512/true/eyJpZCI6ImFmYjEyYjVjYTU2YWI5ZDJhMTVmNGY2MDg2NWFlNzgxIiwic3RvcmFnZSI6InB1YmxpY19zdG9yZSJ9?signature=b537a8cc5a2c0f90f1702b2c541db44c3a740a0ec4a96e92ab2d6537f9320e8d",
            "productDescription": ""
        },
        "priceData": {
            "bestPrice": "3.60",
            "price": "3.60",
            "pricePerLitre": 7.199999999999999,
            "bestPricePerLitre": 7.199999999999999
        },
        "store": {
            "id": "5e7923a7ec28667eea0260eb",
            "name": "Roxburgh"
        },
        "timestamp": "2021-08-16T18:49:10.327863"
    },
    {
        "productData": {
            "name": "V Iced Coffee Guarana Energy 500ml",
            "productId": "v-iced-coffee-guarana-energy-500ml",
            "productShopPage": "https://roxburgh.store.supervalue.co.nz/lines/v-iced-coffee-guarana-energy-500ml",
            "productImageURL": "https://dtgxwmigmg3gc.cloudfront.net/imagery/assets/derivations/icon/512/512/true/eyJpZCI6ImM0Zjc4YjRmYWVjMjk0NTJkZTNkYzZjNmY5MzBlMjU2Iiwic3RvcmFnZSI6InB1YmxpY19zdG9yZSJ9?signature=14312b2813aab9c1ad551700ec97cd58a3a7f95bef4d0bd7ae7aa2dcf8fcdc9d",
            "productDescription": ""
        },
        "priceData": {
            "bestPrice": "5.49",
            "price": "5.49"
        },
        "store": {
            "id": "5e7923a7ec28667eea0260eb",
            "name": "Roxburgh"
        },
        "timestamp": "2021-08-16T18:49:11.350787"
    },
    {
        "productData": {
            "name": "V Iced Mocha Guarana Energy 500ml",
            "productId": "v-iced-mocha-guarana-energy-500ml",
            "productShopPage": "https://roxburgh.store.supervalue.co.nz/lines/v-iced-mocha-guarana-energy-500ml",
            "productImageURL": "https://dtgxwmigmg3gc.cloudfront.net/imagery/assets/derivations/icon/512/512/true/eyJpZCI6ImNiMDRkODVlZmQ2YjhiZGMxMWU4Zjk5OGEwOTczODg1Iiwic3RvcmFnZSI6InB1YmxpY19zdG9yZSJ9?signature=3e63d4ec34ef65794a07ea00749a785cb88ce90997e6e7d12629c3c0f205de6d",
            "productDescription": ""
        },
        "priceData": {
            "bestPrice": "5.49",
            "price": "5.49"
        },
        "store": {
            "id": "5e7923a7ec28667eea0260eb",
            "name": "Roxburgh"
        },
        "timestamp": "2021-08-16T18:49:12.513964"
    },
    {
        "productData": {
            "name": "V Pure Energy Drink Bottle 330ml",
            "productId": "v-pure-330ml-bottle",
            "productShopPage": "https://roxburgh.store.supervalue.co.nz/lines/v-pure-330ml-bottle",
            "productImageURL": "https://dtgxwmigmg3gc.cloudfront.net/imagery/assets/derivations/icon/512/512/true/eyJpZCI6ImFjZmFlNGE1MmQ1ZmNhOTVhN2IyNzdhOGQ3ZTBjNTY0Iiwic3RvcmFnZSI6InB1YmxpY19zdG9yZSJ9?signature=ff03797de044ef70d02854192249a79b3cd819353c7171ef7358378e76bfc089",
            "productDescription": ""
        },
        "priceData": {
            "bestPrice": "3.79",
            "price": "3.79",
            "pricePerLitre": 11.5,
            "bestPricePerLitre": 11.5
        },
        "store": {
            "id": "5e7923a7ec28667eea0260eb",
            "name": "Roxburgh"
        },
        "timestamp": "2021-08-16T18:49:17.839674"
    },
    {
        "productData": {
            "name": "Monster Super Fuel Zero Sugar 550ml",
            "productId": "monster-super-fuel-zero-sugar-550ml",
            "productShopPage": "https://roxburgh.store.supervalue.co.nz/lines/monster-super-fuel-zero-sugar-550ml",
            "productImageURL": "https://dtgxwmigmg3gc.cloudfront.net/imagery/assets/derivations/icon/512/512/true/eyJpZCI6IjRkOTE3NzhmODIxNDI1ZDJjNDg3Yjc0M2YyMzEyYmYxIiwic3RvcmFnZSI6InB1YmxpY19zdG9yZSJ9?signature=4b9dbd15c40f85466e597873c567f989183b284947e8c8dc4df58667789214a2",
            "productDescription": ""
        },
        "priceData": {
            "bestPrice": "3.60",
            "price": "3.60",
            "pricePerLitre": 6.5,
            "bestPricePerLitre": 6.5
        },
        "store": {
            "id": "5e7923a7ec28667eea0260eb",
            "name": "Roxburgh"
        },
        "timestamp": "2021-08-16T18:49:22.904091"
    },
    {
        "productData": {
            "name": "Monster Mule Ginger Brew 500ml",
            "productId": "monster-mule-ginger-brew-500ml",
            "productShopPage": "https://roxburgh.store.supervalue.co.nz/lines/monster-mule-ginger-brew-500ml",
            "productImageURL": "https://dtgxwmigmg3gc.cloudfront.net/imagery/assets/derivations/icon/512/512/true/eyJpZCI6ImM1OTM5MTIyZTRlNmNhNzk0ODFlMDE4ZWVmMWE2Y2ZlIiwic3RvcmFnZSI6InB1YmxpY19zdG9yZSJ9?signature=5d11287f30ef58c148e37382d61c0d83097d5461683a9aa5dd9456941c1f32e5",
            "productDescription": ""
        },
        "priceData": {
            "bestPrice": "2.60",
            "price": "2.60",
            "pricePerLitre": 5.2,
            "bestPricePerLitre": 5.2
        },
        "store": {
            "id": "5e7923a7ec28667eea0260eb",
            "name": "Roxburgh"
        },
        "timestamp": "2021-08-16T18:49:23.802174"
    },
    {
        "productData": {
            "name": "Monster Super Fuel Purple Passion 550ml",
            "productId": "monster-super-fuel-purple-passion-550ml",
            "productShopPage": "https://roxburgh.store.supervalue.co.nz/lines/monster-super-fuel-purple-passion-550ml",
            "productImageURL": "https://dtgxwmigmg3gc.cloudfront.net/imagery/assets/derivations/icon/512/512/true/eyJpZCI6IjNkMTY1OTQwMzgyOTZjZjVlMjNlNjBjMDQ3NTE1YWM0Iiwic3RvcmFnZSI6InB1YmxpY19zdG9yZSJ9?signature=4d4ccd77dab941d955a8037242a41833afdc7251d3bd5b5c4b99705770273998",
            "productDescription": ""
        },
        "priceData": {
            "bestPrice": "3.60",
            "price": "3.60",
            "pricePerLitre": 6.5,
            "bestPricePerLitre": 6.5
        },
        "store": {
            "id": "5e7923a7ec28667eea0260eb",
            "name": "Roxburgh"
        },
        "timestamp": "2021-08-16T18:49:26.531219"
    },
    {
        "productData": {
            "name": "Monster Energy Pipeline Punch 500ml",
            "productId": "monster-energy-pipeline-punch-500ml",
            "productShopPage": "https://roxburgh.store.supervalue.co.nz/lines/monster-energy-pipeline-punch-500ml",
            "productImageURL": "https://dtgxwmigmg3gc.cloudfront.net/imagery/assets/derivations/icon/512/512/true/eyJpZCI6IjM3ZWY2OTY5OWFlNTJlZTRjNTY1ZmFmYWIwOTIxMjg4Iiwic3RvcmFnZSI6InB1YmxpY19zdG9yZSJ9?signature=79ed6699c35bd716a9d5d9457c39ce62c523edaa4059b6b45d4dcc7caf65cef9",
            "productDescription": ""
        },
        "priceData": {
            "bestPrice": "2.60",
            "price": "2.60",
            "pricePerLitre": 5.2,
            "bestPricePerLitre": 5.2
        },
        "store": {
            "id": "5e7923a7ec28667eea0260eb",
            "name": "Roxburgh"
        },
        "timestamp": "2021-08-16T18:49:27.502158"
    },
    {
        "productData": {
            "name": "Live Plus Energy Drink Citrus Flavour 500ml",
            "productId": "live-plus-persist-500ml",
            "productShopPage": "https://roxburgh.store.supervalue.co.nz/lines/live-plus-persist-500ml",
            "productImageURL": "https://dtgxwmigmg3gc.cloudfront.net/imagery/assets/derivations/icon/512/512/true/eyJpZCI6IjFlNWQ5YzI4OWM1N2UzNmYzZmI2NThlMDQzZTI3ZjE4Iiwic3RvcmFnZSI6InB1YmxpY19zdG9yZSJ9?signature=756b17fefe47174b90e7dbec8cd09db27f9f59f4994bc750b71256ae93ba9fa8",
            "productDescription": ""
        },
        "priceData": {
            "bestPrice": "2.20",
            "price": "2.20",
            "pricePerLitre": 4.4,
            "bestPricePerLitre": 4.4
        },
        "store": {
            "id": "5e7923a7ec28667eea0260eb",
            "name": "Roxburgh"
        },
        "timestamp": "2021-08-16T18:49:28.398454"
    },
    {
        "productData": {
            "name": "Live Plus Energy Drink Original Citrus Flavour 355ml",
            "productId": "live-plus-persist-glass-355ml",
            "productShopPage": "https://roxburgh.store.supervalue.co.nz/lines/live-plus-persist-glass-355ml",
            "productImageURL": "https://dtgxwmigmg3gc.cloudfront.net/imagery/assets/derivations/icon/512/512/true/eyJpZCI6ImYzMjZlMTdmMmI5ZGRjZGYzYmFmNzNiMWQzN2Y5NDI4Iiwic3RvcmFnZSI6InB1YmxpY19zdG9yZSJ9?signature=8fa31eb2b309e9c7a293ba2e7a7541e3cdc686b1d3f519044aa97c666ae5f630",
            "productDescription": ""
        },
        "priceData": {
            "bestPrice": "2.10",
            "price": "2.10",
            "pricePerLitre": 5.8999999999999995,
            "bestPricePerLitre": 5.8999999999999995
        },
        "store": {
            "id": "5e7923a7ec28667eea0260eb",
            "name": "Roxburgh"
        },
        "timestamp": "2021-08-16T18:49:32.333877"
    },
    {
        "productData": {
            "name": "Live Plus Energy Drink Original Citrus Flavour 6x250ml",
            "productId": "live-plus-persist-250ml-6pack",
            "productShopPage": "https://roxburgh.store.supervalue.co.nz/lines/live-plus-persist-250ml-6pack",
            "productImageURL": "https://dtgxwmigmg3gc.cloudfront.net/imagery/assets/derivations/icon/512/512/true/eyJpZCI6IjNmODNiNGI4MzI4MzJmNzhjZmJhNDA1OGUyZWFlM2ZhIiwic3RvcmFnZSI6InB1YmxpY19zdG9yZSJ9?signature=0257f943d0c41562773e51cbd42327ad911228832e33494e9c30381e20305337",
            "productDescription": ""
        },
        "priceData": {
            "bestPrice": "7.99",
            "price": "7.99",
            "pricePerLitre": 5.300000000000001,
            "bestPricePerLitre": 5.300000000000001
        },
        "store": {
            "id": "5e7923a7ec28667eea0260eb",
            "name": "Roxburgh"
        },
        "timestamp": "2021-08-16T18:49:33.498402"
    },
    {
        "productData": {
            "name": "Live Plus Live+ Ignite Energy Drink 6 x 250ml Cans",
            "productId": "live-plus-live-ignite-energy-drink-6x250ml-cans",
            "productShopPage": "https://roxburgh.store.supervalue.co.nz/lines/live-plus-live-ignite-energy-drink-6x250ml-cans",
            "productImageURL": "https://dtgxwmigmg3gc.cloudfront.net/imagery/assets/derivations/icon/512/512/true/eyJpZCI6Ijk5ZTU3ZDdlN2RjYzc0ZmZlOWY0NGQxMDdkYTI5ZDI5Iiwic3RvcmFnZSI6InB1YmxpY19zdG9yZSJ9?signature=16b8b1fb6c1dbc73b4d1f0110b7542a3259cd273e9b6adea8e6570f5158d8342",
            "productDescription": ""
        },
        "priceData": {
            "bestPrice": "7.99",
            "price": "7.99",
            "pricePerLitre": 5.300000000000001,
            "bestPricePerLitre": 5.300000000000001
        },
        "store": {
            "id": "5e7923a7ec28667eea0260eb",
            "name": "Roxburgh"
        },
        "timestamp": "2021-08-16T18:49:35.617064"
    },
    {
        "productData": {
            "name": "Rockstar Original Energy Drink 500ml",
            "productId": "rockstar-original-energy-drink-500ml",
            "productShopPage": "https://roxburgh.store.supervalue.co.nz/lines/rockstar-original-energy-drink-500ml",
            "productImageURL": "https://dtgxwmigmg3gc.cloudfront.net/imagery/assets/derivations/icon/512/512/true/eyJpZCI6IjA1ZmRmMjE1MTQ0Zjk0YjgzMDFlNzEyMjQ5OWMzZjNjIiwic3RvcmFnZSI6InB1YmxpY19zdG9yZSJ9?signature=d3b539814d47e6a54c00fa8c8b73164ccb677a65cf673f3532132f7f04c657f5",
            "productDescription": ""
        },
        "priceData": {
            "bestPrice": "2.20",
            "price": "2.20",
            "pricePerLitre": 4.4,
            "bestPricePerLitre": 4.4
        },
        "store": {
            "id": "5e7923a7ec28667eea0260eb",
            "name": "Roxburgh"
        },
        "timestamp": "2021-08-16T18:49:36.615618"
    },
    {
        "productData": {
            "name": "Rockstar Punched Energy Guava 500ml",
            "productId": "rockstar-punched-energy-guava-500ml",
            "productShopPage": "https://roxburgh.store.supervalue.co.nz/lines/rockstar-punched-energy-guava-500ml",
            "productImageURL": "https://dtgxwmigmg3gc.cloudfront.net/imagery/assets/derivations/icon/512/512/true/eyJpZCI6IjBmNGEyNjU2MGQwM2Y4OGI4MWE3ZTMyODUzYTRlN2QyIiwic3RvcmFnZSI6InB1YmxpY19zdG9yZSJ9?signature=fab45ac774e74d87cf7a79de075f47290676fd6d4afcf212198c745670d5ce29",
            "productDescription": ""
        },
        "priceData": {
            "bestPrice": "2.20",
            "price": "2.20",
            "pricePerLitre": 4.4,
            "bestPricePerLitre": 4.4
        },
        "store": {
            "id": "5e7923a7ec28667eea0260eb",
            "name": "Roxburgh"
        },
        "timestamp": "2021-08-16T18:49:37.715971"
    },
    {
        "productData": {
            "name": "Rockstar Energy Drink Blueberry Can 500ml",
            "productId": "rockstar-energy-drink-xdurance-blueberry-can-500ml",
            "productShopPage": "https://roxburgh.store.supervalue.co.nz/lines/rockstar-energy-drink-xdurance-blueberry-can-500ml",
            "productImageURL": "https://dtgxwmigmg3gc.cloudfront.net/imagery/assets/derivations/icon/512/512/true/eyJpZCI6IjY1MTQ4NjBlZDIwNjhlNzI5ZmRhZGMxOTM0ODQyYWU3Iiwic3RvcmFnZSI6InB1YmxpY19zdG9yZSJ9?signature=1eec52fc35535ecd0973dd7428b24690138b0ff6988229d86ccc26bfb1bbfd24",
            "productDescription": ""
        },
        "priceData": {
            "bestPrice": "2.20",
            "price": "2.20",
            "pricePerLitre": 4.4,
            "bestPricePerLitre": 4.4
        },
        "store": {
            "id": "5e7923a7ec28667eea0260eb",
            "name": "Roxburgh"
        },
        "timestamp": "2021-08-16T18:49:39.514393"
    },
    {
        "productData": {
            "name": "Monster Energy Drink Ultra Rosa 500ml",
            "productId": "monster-energy-drink-ultra-rosa-500ml",
            "productShopPage": "https://sumner.store.supervalue.co.nz/lines/monster-energy-drink-ultra-rosa-500ml",
            "productImageURL": "https://dtgxwmigmg3gc.cloudfront.net/imagery/assets/derivations/icon/512/512/true/eyJpZCI6IjZjYzFjMzcwYzM4Mzk4N2MyOTUzNWIyMTFjZTJlYjgxIiwic3RvcmFnZSI6InB1YmxpY19zdG9yZSJ9?signature=9cd08284785f9b24647ecc7d1dc08214d9d00318cc809bebdef1921d6b78bb95",
            "productDescription": ""
        },
        "priceData": {
            "bestPrice": "2.60",
            "price": "2.60",
            "pricePerLitre": 5.2,
            "bestPricePerLitre": 5.2
        },
        "store": {
            "id": "5e73e8571db5f5269a00c05f",
            "name": "Sumner"
        },
        "timestamp": "2021-08-16T18:49:46.933597"
    },
    {
        "productData": {
            "name": "Monster Energy Pipeline Punch 500ml",
            "productId": "monster-energy-p-line-pnch-500ml",
            "productShopPage": "https://sumner.store.supervalue.co.nz/lines/monster-energy-p-line-pnch-500ml",
            "productImageURL": "https://dtgxwmigmg3gc.cloudfront.net/imagery/assets/derivations/icon/512/512/true/eyJpZCI6IjM3ZWY2OTY5OWFlNTJlZTRjNTY1ZmFmYWIwOTIxMjg4Iiwic3RvcmFnZSI6InB1YmxpY19zdG9yZSJ9?signature=79ed6699c35bd716a9d5d9457c39ce62c523edaa4059b6b45d4dcc7caf65cef9",
            "productDescription": ""
        },
        "priceData": {
            "bestPrice": "2.60",
            "price": "2.60",
            "pricePerLitre": 5.2,
            "bestPricePerLitre": 5.2
        },
        "store": {
            "id": "5e73e8571db5f5269a00c05f",
            "name": "Sumner"
        },
        "timestamp": "2021-08-16T18:49:47.989255"
    },
    {
        "productData": {
            "name": "Monster Mule Ginger Brew 500ml",
            "productId": "monster-mule-ginger-brew-500ml",
            "productShopPage": "https://sumner.store.supervalue.co.nz/lines/monster-mule-ginger-brew-500ml",
            "productImageURL": "https://dtgxwmigmg3gc.cloudfront.net/imagery/assets/derivations/icon/512/512/true/eyJpZCI6ImM1OTM5MTIyZTRlNmNhNzk0ODFlMDE4ZWVmMWE2Y2ZlIiwic3RvcmFnZSI6InB1YmxpY19zdG9yZSJ9?signature=5d11287f30ef58c148e37382d61c0d83097d5461683a9aa5dd9456941c1f32e5",
            "productDescription": ""
        },
        "priceData": {
            "bestPrice": "2.60",
            "price": "2.60",
            "pricePerLitre": 5.2,
            "bestPricePerLitre": 5.2
        },
        "store": {
            "id": "5e73e8571db5f5269a00c05f",
            "name": "Sumner"
        },
        "timestamp": "2021-08-16T18:50:28.381013"
    },
    {
        "productData": {
            "name": "Monster Energy Ultra Paradise 500ml",
            "productId": "monster-energy-drink-ultra-paradise-500ml",
            "productShopPage": "https://tinwald.store.supervalue.co.nz/lines/monster-energy-drink-ultra-paradise-500ml",
            "productImageURL": "https://dtgxwmigmg3gc.cloudfront.net/imagery/assets/derivations/icon/512/512/true/eyJpZCI6ImZiZDRkZTQxNzA0M2FiYTUyMjMwZWI0NTcyZGNmYTE1Iiwic3RvcmFnZSI6InB1YmxpY19zdG9yZSJ9?signature=8a439bf26b71114289dfea1720ed331b1e4784c534deade29db8ac38b1cc7c1a",
            "productDescription": ""
        },
        "priceData": {
            "bestPrice": "2.60",
            "price": "2.60",
            "pricePerLitre": 5.2,
            "bestPricePerLitre": 5.2
        },
        "store": {
            "id": "5e75aa25ec28665b04002bdb",
            "name": "Tinwald"
        },
        "timestamp": "2021-08-16T18:50:46.454610"
    },
    {
        "productData": {
            "name": "Monster Energy Ultra Sunrise 500ml",
            "productId": "monster-energy-ultra-sunrise-500ml",
            "productShopPage": "https://tinwald.store.supervalue.co.nz/lines/monster-energy-ultra-sunrise-500ml",
            "productImageURL": "https://dtgxwmigmg3gc.cloudfront.net/imagery/assets/derivations/icon/512/512/true/eyJpZCI6ImFlNTVkY2RiZTZiZjg3OGZjZTdlOTU1OTFhMDE4YTdiIiwic3RvcmFnZSI6InB1YmxpY19zdG9yZSJ9?signature=b98350feca08b6ab128cc925fef23a58f65a36f94ede15cb2174f6f88a0f8a0f",
            "productDescription": ""
        },
        "priceData": {
            "bestPrice": "2.60",
            "price": "2.60",
            "pricePerLitre": 5.2,
            "bestPricePerLitre": 5.2
        },
        "store": {
            "id": "5e75aa25ec28665b04002bdb",
            "name": "Tinwald"
        },
        "timestamp": "2021-08-16T18:50:47.633233"
    },
    {
        "productData": {
            "name": "Monster Energy Ultra Zero 500ml",
            "productId": "monster-energy-ultra-zero-500ml",
            "productShopPage": "https://tinwald.store.supervalue.co.nz/lines/monster-energy-ultra-zero-500ml",
            "productImageURL": "https://dtgxwmigmg3gc.cloudfront.net/imagery/assets/derivations/icon/512/512/true/eyJpZCI6IjdhN2FhYTUwZWU2NTYwYjBiNGY1NThhMTgwNmVlODI3Iiwic3RvcmFnZSI6InB1YmxpY19zdG9yZSJ9?signature=7907c49ba7d043175a426f84a71776de7dd51fa5c249237063aca9cb098abdbe",
            "productDescription": ""
        },
        "priceData": {
            "bestPrice": "2.60",
            "price": "2.60",
            "pricePerLitre": 5.2,
            "bestPricePerLitre": 5.2
        },
        "store": {
            "id": "5e75aa25ec28665b04002bdb",
            "name": "Tinwald"
        },
        "timestamp": "2021-08-16T18:50:48.609207"
    },
    {
        "productData": {
            "name": "Monster Energy Drink Can Green 500ml",
            "productId": "monster-energy-green-500ml",
            "productShopPage": "https://tinwald.store.supervalue.co.nz/lines/monster-energy-green-500ml",
            "productImageURL": "https://dtgxwmigmg3gc.cloudfront.net/imagery/assets/derivations/icon/512/512/true/eyJpZCI6ImU3ZjNiNjJiNzI4Y2M0MTIxMjhiNjQ2ZmQ2OTQzMGEzIiwic3RvcmFnZSI6InB1YmxpY19zdG9yZSJ9?signature=637eac56411f57a79f345ea693f1418330d5742c3a04caddb460696dba06da06",
            "productDescription": ""
        },
        "priceData": {
            "bestPrice": "2.60",
            "price": "2.60",
            "pricePerLitre": 5.2,
            "bestPricePerLitre": 5.2
        },
        "store": {
            "id": "5e75aa25ec28665b04002bdb",
            "name": "Tinwald"
        },
        "timestamp": "2021-08-16T18:50:49.562477"
    },
    {
        "productData": {
            "name": "Monster Energy Drink Ultra Rosa 500ml",
            "productId": "monster-energy-drink-ultra-rosa-500ml",
            "productShopPage": "https://tinwald.store.supervalue.co.nz/lines/monster-energy-drink-ultra-rosa-500ml",
            "productImageURL": "https://dtgxwmigmg3gc.cloudfront.net/imagery/assets/derivations/icon/512/512/true/eyJpZCI6IjZjYzFjMzcwYzM4Mzk4N2MyOTUzNWIyMTFjZTJlYjgxIiwic3RvcmFnZSI6InB1YmxpY19zdG9yZSJ9?signature=9cd08284785f9b24647ecc7d1dc08214d9d00318cc809bebdef1921d6b78bb95",
            "productDescription": ""
        },
        "priceData": {
            "bestPrice": "2.60",
            "price": "2.60",
            "pricePerLitre": 5.2,
            "bestPricePerLitre": 5.2
        },
        "store": {
            "id": "5e75aa25ec28665b04002bdb",
            "name": "Tinwald"
        },
        "timestamp": "2021-08-16T18:50:50.457889"
    },
    {
        "productData": {
            "name": "Mother Energy Drink Berry 500ml",
            "productId": "mother-energy-drink-berry-500ml",
            "productShopPage": "https://tinwald.store.supervalue.co.nz/lines/mother-energy-drink-berry-500ml",
            "productImageURL": "https://dtgxwmigmg3gc.cloudfront.net/imagery/assets/derivations/icon/512/512/true/eyJpZCI6ImRhYTJlNjUzNzRjZjViNjI0ZDljNzUzNDA3YmE0ZDFkIiwic3RvcmFnZSI6InB1YmxpY19zdG9yZSJ9?signature=d9ffb465d71d599811c2ff7a788845bfe297eb3624ad7866a89cf0b3ece073f0",
            "productDescription": ""
        },
        "priceData": {
            "bestPrice": "2.20",
            "price": "2.20",
            "pricePerLitre": 4.4,
            "bestPricePerLitre": 4.4
        },
        "store": {
            "id": "5e75aa25ec28665b04002bdb",
            "name": "Tinwald"
        },
        "timestamp": "2021-08-16T18:50:53.088304"
    },
    {
        "productData": {
            "name": "Mother Energy Drink Black 500ml",
            "productId": "mother-energy-drink-black-500ml",
            "productShopPage": "https://tinwald.store.supervalue.co.nz/lines/mother-energy-drink-black-500ml",
            "productImageURL": "https://dtgxwmigmg3gc.cloudfront.net/imagery/assets/derivations/icon/512/512/true/eyJpZCI6ImYyMzA5MjhkYjg3ODFhYmYzZDU3ZjE1YjNmYzU2MWFjIiwic3RvcmFnZSI6InB1YmxpY19zdG9yZSJ9?signature=d3dbddb83d3d457075cd5d8936bef0c5b48fce4fa3fe725995d8b6d57219ceb5",
            "productDescription": ""
        },
        "priceData": {
            "bestPrice": "2.20",
            "price": "2.20",
            "pricePerLitre": 4.4,
            "bestPricePerLitre": 4.4
        },
        "store": {
            "id": "5e75aa25ec28665b04002bdb",
            "name": "Tinwald"
        },
        "timestamp": "2021-08-16T18:50:54.063204"
    },
    {
        "productData": {
            "name": "Mother Energy Drink Passion 500ml",
            "productId": "mother-energy-drink-passion-500ml",
            "productShopPage": "https://tinwald.store.supervalue.co.nz/lines/mother-energy-drink-passion-500ml",
            "productImageURL": "https://dtgxwmigmg3gc.cloudfront.net/imagery/assets/derivations/icon/512/512/true/eyJpZCI6ImQwODE2YTc4ZjBmNGU4NTU5Mzg1YjkxZmI5YjIzZjM0Iiwic3RvcmFnZSI6InB1YmxpY19zdG9yZSJ9?signature=713c495fef96a6427b917f0c7c7e855a963749ac5c1bf7dfd71e24ae08ea3123",
            "productDescription": ""
        },
        "priceData": {
            "bestPrice": "2.20",
            "price": "2.20",
            "pricePerLitre": 4.4,
            "bestPricePerLitre": 4.4
        },
        "store": {
            "id": "5e75aa25ec28665b04002bdb",
            "name": "Tinwald"
        },
        "timestamp": "2021-08-16T18:50:56.379008"
    },
    {
        "productData": {
            "name": "Mother Tropical Blast 500ml",
            "productId": "mother-tropical-blast-500ml",
            "productShopPage": "https://tinwald.store.supervalue.co.nz/lines/mother-tropical-blast-500ml",
            "productImageURL": "https://dtgxwmigmg3gc.cloudfront.net/imagery/assets/derivations/icon/512/512/true/eyJpZCI6ImEyZmM1OTUwNDhlODM5YTRhMjQ2MTI1OGEyYzNlZWZhIiwic3RvcmFnZSI6InB1YmxpY19zdG9yZSJ9?signature=6c9470ee4067e8ec32b58eeac9d628404d3986058a9b1cdef46014d1bee50944",
            "productDescription": ""
        },
        "priceData": {
            "bestPrice": "2.20",
            "price": "2.20",
            "pricePerLitre": 4.4,
            "bestPricePerLitre": 4.4
        },
        "store": {
            "id": "5e75aa25ec28665b04002bdb",
            "name": "Tinwald"
        },
        "timestamp": "2021-08-16T18:50:57.413772"
    },
    {
        "productData": {
            "name": "Monster Energy Juice Mango Loco 500ml",
            "productId": "monster-energy-juice-mango-loco-500ml-can",
            "productShopPage": "https://tinwald.store.supervalue.co.nz/lines/monster-energy-juice-mango-loco-500ml-can",
            "productImageURL": "https://dtgxwmigmg3gc.cloudfront.net/imagery/assets/derivations/icon/512/512/true/eyJpZCI6ImUyNmIyNzdlMzJkOTg5NjI4YWYxYzg2MTU2MjI0ZjgzIiwic3RvcmFnZSI6InB1YmxpY19zdG9yZSJ9?signature=db65ff44183396e60e8f4c13003417fb1277f7685b136cf223d7701f7e945faf",
            "productDescription": ""
        },
        "priceData": {
            "bestPrice": "2.60",
            "price": "2.60",
            "pricePerLitre": 5.2,
            "bestPricePerLitre": 5.2
        },
        "store": {
            "id": "5e75aa25ec28665b04002bdb",
            "name": "Tinwald"
        },
        "timestamp": "2021-08-16T18:51:00.253740"
    },
    {
        "productData": {
            "name": "V Energy Drink Guarana 500ml",
            "productId": "v-energy-drink-guarana-500ml",
            "productShopPage": "https://tinwald.store.supervalue.co.nz/lines/v-energy-drink-guarana-500ml",
            "productImageURL": "https://dtgxwmigmg3gc.cloudfront.net/imagery/assets/derivations/icon/512/512/true/eyJpZCI6IjgzZDAxMjhiMzg4NmEwZmE4YTE2ZjY2NWIzNmM2NzI2Iiwic3RvcmFnZSI6InB1YmxpY19zdG9yZSJ9?signature=f55ecc561066291a4e74a967db35ea2355f881bd1708bf400fd790032384ae4f",
            "productDescription": ""
        },
        "priceData": {
            "bestPrice": "2.60",
            "price": "2.60",
            "pricePerLitre": 5.2,
            "bestPricePerLitre": 5.2
        },
        "store": {
            "id": "5e75aa25ec28665b04002bdb",
            "name": "Tinwald"
        },
        "timestamp": "2021-08-16T18:51:01.931538"
    },
    {
        "productData": {
            "name": "V Energy Drink Sugar Free Guarana 250ml",
            "productId": "v-energy-drink-sugar-free-guarana-250ml",
            "productShopPage": "https://tinwald.store.supervalue.co.nz/lines/v-energy-drink-sugar-free-guarana-250ml",
            "productImageURL": "https://dtgxwmigmg3gc.cloudfront.net/imagery/assets/derivations/icon/512/512/true/eyJpZCI6ImZiNzM1NmU4NTMyZDllODlkZTljZmNlOGY2MzQ5NGQwIiwic3RvcmFnZSI6InB1YmxpY19zdG9yZSJ9?signature=72b0ce0a48ca796717c115fe5e8b4564501470f63bf80ae865d26e9d131a2b8c",
            "productDescription": ""
        },
        "priceData": {
            "bestPrice": "2.50",
            "price": "2.50",
            "pricePerLitre": 10.0,
            "bestPricePerLitre": 10.0
        },
        "store": {
            "id": "5e75aa25ec28665b04002bdb",
            "name": "Tinwald"
        },
        "timestamp": "2021-08-16T18:51:03.824660"
    },
    {
        "productData": {
            "name": "V Energy Drink Blue Guarana Spritzed 350ml",
            "productId": "v-blue-energy-drink-blue-guarana-spritzed-350ml",
            "productShopPage": "https://tinwald.store.supervalue.co.nz/lines/v-blue-energy-drink-blue-guarana-spritzed-350ml",
            "productImageURL": "https://dtgxwmigmg3gc.cloudfront.net/imagery/assets/derivations/icon/512/512/true/eyJpZCI6ImY2OTRlZGI4NjdlNWMzZDM5NzgzMDQ0ODFkMzUxZGZiIiwic3RvcmFnZSI6InB1YmxpY19zdG9yZSJ9?signature=591b3079cb9c2407a29b3bc348eaf42dc1d34daba5c9d7aba65be654725b6719",
            "productDescription": ""
        },
        "priceData": {
            "bestPrice": "3.99",
            "price": "3.99",
            "pricePerLitre": 11.399999999999999,
            "bestPricePerLitre": 11.399999999999999
        },
        "store": {
            "id": "5e75aa25ec28665b04002bdb",
            "name": "Tinwald"
        },
        "timestamp": "2021-08-16T18:51:06.091729"
    },
    {
        "productData": {
            "name": "V Energy Drink Green Guarana 350ml",
            "productId": "v-energy-drink-green-guarana-350ml",
            "productShopPage": "https://tinwald.store.supervalue.co.nz/lines/v-energy-drink-green-guarana-350ml",
            "productImageURL": "https://dtgxwmigmg3gc.cloudfront.net/imagery/assets/derivations/icon/512/512/true/eyJpZCI6IjRiNjY4ZjYxOTQ2ODYyN2MzM2NiZWMyNGUyNmIyODk4Iiwic3RvcmFnZSI6InB1YmxpY19zdG9yZSJ9?signature=4cded9cb42349eef45a593461f311b1bb7fa881295733879671ad9fe9887d30c",
            "productDescription": ""
        },
        "priceData": {
            "bestPrice": "3.99",
            "price": "3.99",
            "pricePerLitre": 11.399999999999999,
            "bestPricePerLitre": 11.399999999999999
        },
        "store": {
            "id": "5e75aa25ec28665b04002bdb",
            "name": "Tinwald"
        },
        "timestamp": "2021-08-16T18:51:07.049834"
    },
    {
        "productData": {
            "name": "V Energy Drink Guarana Can 250ml",
            "productId": "v-energy-drink-guarana-can-250ml",
            "productShopPage": "https://tinwald.store.supervalue.co.nz/lines/v-energy-drink-guarana-can-250ml",
            "productImageURL": "https://dtgxwmigmg3gc.cloudfront.net/imagery/assets/derivations/icon/512/512/true/eyJpZCI6Ijc3Nzk1NjE2ZDhhNmFiMThhYzEzODYzOTg2ZmNkNzgwIiwic3RvcmFnZSI6InB1YmxpY19zdG9yZSJ9?signature=f5de1854d43e19cc62bff86893d4a55615cd916f8425a4dccd170b52eba81255",
            "productDescription": ""
        },
        "priceData": {
            "bestPrice": "2.50",
            "price": "2.50",
            "pricePerLitre": 10.0,
            "bestPricePerLitre": 10.0
        },
        "store": {
            "id": "5e75aa25ec28665b04002bdb",
            "name": "Tinwald"
        },
        "timestamp": "2021-08-16T18:51:08.042838"
    },
    {
        "productData": {
            "name": "V Energy Drink Guarana Can 500ml",
            "productId": "v-energy-drink-guarana-can-500ml",
            "productShopPage": "https://tinwald.store.supervalue.co.nz/lines/v-energy-drink-guarana-can-500ml",
            "productImageURL": "https://dtgxwmigmg3gc.cloudfront.net/imagery/assets/derivations/icon/512/512/true/eyJpZCI6ImI0NjgzNGZjNDRkMjU0MjgzYzJjZGNhMzA2NWIxYjA5Iiwic3RvcmFnZSI6InB1YmxpY19zdG9yZSJ9?signature=265e8273409849423466e7623cbbdf8352940707b8830803eec391e8f32c9c5f",
            "productDescription": ""
        },
        "priceData": {
            "bestPrice": "3.60",
            "price": "3.60",
            "pricePerLitre": 7.199999999999999,
            "bestPricePerLitre": 7.199999999999999
        },
        "store": {
            "id": "5e75aa25ec28665b04002bdb",
            "name": "Tinwald"
        },
        "timestamp": "2021-08-16T18:51:09.115117"
    },
    {
        "productData": {
            "name": "V Energy Drink Sugar Free Guarana 500ml",
            "productId": "v-energy-drink-sugar-free-guarana-500ml",
            "productShopPage": "https://tinwald.store.supervalue.co.nz/lines/v-energy-drink-sugar-free-guarana-500ml",
            "productImageURL": "https://dtgxwmigmg3gc.cloudfront.net/imagery/assets/derivations/icon/512/512/true/eyJpZCI6Ijg4MGExMDYxOTY4NTJiYzM1ZTExMmU2MGE2OWYxNDE3Iiwic3RvcmFnZSI6InB1YmxpY19zdG9yZSJ9?signature=b0536d25b9da8158705e24c88e21fabbf85c1dabc19f18108c386e956ffd7045",
            "productDescription": ""
        },
        "priceData": {
            "bestPrice": "3.60",
            "price": "3.60",
            "pricePerLitre": 7.199999999999999,
            "bestPricePerLitre": 7.199999999999999
        },
        "store": {
            "id": "5e75aa25ec28665b04002bdb",
            "name": "Tinwald"
        },
        "timestamp": "2021-08-16T18:51:12.131173"
    },
    {
        "productData": {
            "name": "V Energy Drink Skills Cans 275ml 4 Pack",
            "productId": "v-energy-drink-skills-cans-275ml-4-pack",
            "productShopPage": "https://tinwald.store.supervalue.co.nz/lines/v-energy-drink-skills-cans-275ml-4-pack",
            "productImageURL": "https://dtgxwmigmg3gc.cloudfront.net/imagery/assets/derivations/icon/512/512/true/eyJpZCI6ImZhMzA2N2NiM2YxMmVkM2ZhZjhhYmM4OGE1YTJhNzczIiwic3RvcmFnZSI6InB1YmxpY19zdG9yZSJ9?signature=34fcde8f5a021036c475a1dfff6748625e0747bb134ec737312b15bbe8e883eb",
            "productDescription": ""
        },
        "priceData": {
            "bestPrice": "8.00",
            "price": "8.00",
            "pricePerLitre": 7.3,
            "bestPricePerLitre": 7.3
        },
        "store": {
            "id": "5e75aa25ec28665b04002bdb",
            "name": "Tinwald"
        },
        "timestamp": "2021-08-16T18:51:12.999559"
    },
    {
        "productData": {
            "name": "V Blue Energy Drink Bottle 500ml",
            "productId": "v-blue-energy-drink-bottle-500ml",
            "productShopPage": "https://tinwald.store.supervalue.co.nz/lines/v-blue-energy-drink-bottle-500ml",
            "productImageURL": "https://dtgxwmigmg3gc.cloudfront.net/imagery/assets/derivations/icon/512/512/true/eyJpZCI6IjgyYWYxYWY4MGI4MzUxODhiYmVhZGVhM2U2NzY0MzI5Iiwic3RvcmFnZSI6InB1YmxpY19zdG9yZSJ9?signature=7e70fc576864a528a1431734d680cbf177a11b419a692dbfd34800c31b8944ec",
            "productDescription": ""
        },
        "priceData": {
            "bestPrice": "2.60",
            "price": "2.60",
            "pricePerLitre": 5.2,
            "bestPricePerLitre": 5.2
        },
        "store": {
            "id": "5e75aa25ec28665b04002bdb",
            "name": "Tinwald"
        },
        "timestamp": "2021-08-16T18:51:14.985745"
    },
    {
        "productData": {
            "name": "V Blue Sugarfree Energy Drink 500ml",
            "productId": "v-blue-sugarfree-energy-drink-500ml",
            "productShopPage": "https://tinwald.store.supervalue.co.nz/lines/v-blue-sugarfree-energy-drink-500ml",
            "productImageURL": "https://dtgxwmigmg3gc.cloudfront.net/imagery/assets/derivations/icon/512/512/true/eyJpZCI6ImVmYjQyOWRmM2JjZjc3NTY1ZDIwMTEyNTY0MDdmZjA1Iiwic3RvcmFnZSI6InB1YmxpY19zdG9yZSJ9?signature=2911d59474d8305039a3be3bef0f887c38d9ab84596314b13cc4b150101175ab",
            "productDescription": ""
        },
        "priceData": {
            "bestPrice": "3.60",
            "price": "3.60",
            "pricePerLitre": 7.199999999999999,
            "bestPricePerLitre": 7.199999999999999
        },
        "store": {
            "id": "5e75aa25ec28665b04002bdb",
            "name": "Tinwald"
        },
        "timestamp": "2021-08-16T18:51:15.902836"
    },
    {
        "productData": {
            "name": "V Blue Energy Drink Blue Guarana Can 250ml",
            "productId": "v-blue-energy-drink-blue-guarana-can-250ml",
            "productShopPage": "https://tinwald.store.supervalue.co.nz/lines/v-blue-energy-drink-blue-guarana-can-250ml",
            "productImageURL": "https://dtgxwmigmg3gc.cloudfront.net/imagery/assets/derivations/icon/512/512/true/eyJpZCI6IjBmZjQwNDEyZWQ2ZDk4YTg3YWQ2ZDUyMWZlNjM1YzJkIiwic3RvcmFnZSI6InB1YmxpY19zdG9yZSJ9?signature=8f745abe5614ec47b3d7a07f1a34ba529184a87b2a696211ba5a0f9f29c86bf0",
            "productDescription": ""
        },
        "priceData": {
            "bestPrice": "2.50",
            "price": "2.50",
            "pricePerLitre": 10.0,
            "bestPricePerLitre": 10.0
        },
        "store": {
            "id": "5e75aa25ec28665b04002bdb",
            "name": "Tinwald"
        },
        "timestamp": "2021-08-16T18:51:20.265806"
    },
    {
        "productData": {
            "name": "V Blue Energy Drink Blue Guarana Can 500ml",
            "productId": "v-blue-energy-drink-blue-guarana-can-500ml",
            "productShopPage": "https://tinwald.store.supervalue.co.nz/lines/v-blue-energy-drink-blue-guarana-can-500ml",
            "productImageURL": "https://dtgxwmigmg3gc.cloudfront.net/imagery/assets/derivations/icon/512/512/true/eyJpZCI6ImFmYjEyYjVjYTU2YWI5ZDJhMTVmNGY2MDg2NWFlNzgxIiwic3RvcmFnZSI6InB1YmxpY19zdG9yZSJ9?signature=b537a8cc5a2c0f90f1702b2c541db44c3a740a0ec4a96e92ab2d6537f9320e8d",
            "productDescription": ""
        },
        "priceData": {
            "bestPrice": "3.60",
            "price": "3.60",
            "pricePerLitre": 7.199999999999999,
            "bestPricePerLitre": 7.199999999999999
        },
        "store": {
            "id": "5e75aa25ec28665b04002bdb",
            "name": "Tinwald"
        },
        "timestamp": "2021-08-16T18:51:21.289102"
    },
    {
        "productData": {
            "name": "V Iced Coffee Guarana Energy 500ml",
            "productId": "v-iced-coffee-guarana-energy-500ml",
            "productShopPage": "https://tinwald.store.supervalue.co.nz/lines/v-iced-coffee-guarana-energy-500ml",
            "productImageURL": "https://dtgxwmigmg3gc.cloudfront.net/imagery/assets/derivations/icon/512/512/true/eyJpZCI6ImM0Zjc4YjRmYWVjMjk0NTJkZTNkYzZjNmY5MzBlMjU2Iiwic3RvcmFnZSI6InB1YmxpY19zdG9yZSJ9?signature=14312b2813aab9c1ad551700ec97cd58a3a7f95bef4d0bd7ae7aa2dcf8fcdc9d",
            "productDescription": ""
        },
        "priceData": {
            "bestPrice": "4.19",
            "price": "4.19"
        },
        "store": {
            "id": "5e75aa25ec28665b04002bdb",
            "name": "Tinwald"
        },
        "timestamp": "2021-08-16T18:51:22.327635"
    },
    {
        "productData": {
            "name": "V Energy Drink Sugar Free Guarana Bottle 350ml",
            "productId": "v-energy-drink-sugar-free-guarana-bottle-350ml",
            "productShopPage": "https://tinwald.store.supervalue.co.nz/lines/v-energy-drink-sugar-free-guarana-bottle-350ml",
            "productImageURL": "https://dtgxwmigmg3gc.cloudfront.net/imagery/assets/derivations/icon/512/512/true/eyJpZCI6IjQzYmZlOTg1YzY2ZGQ0ZDI1YzUyZDk3MGJhMmJhMGM3Iiwic3RvcmFnZSI6InB1YmxpY19zdG9yZSJ9?signature=7a4bb3eb2264f52495ae9ba8fbf21b5a3e59e12c0d6208cfa1591261da333f55",
            "productDescription": ""
        },
        "priceData": {
            "bestPrice": "3.99",
            "price": "3.99",
            "pricePerLitre": 11.399999999999999,
            "bestPricePerLitre": 11.399999999999999
        },
        "store": {
            "id": "5e75aa25ec28665b04002bdb",
            "name": "Tinwald"
        },
        "timestamp": "2021-08-16T18:51:24.849716"
    },
    {
        "productData": {
            "name": "V Pure Energy Drink Bottle 330ml",
            "productId": "v-pure-330ml-bottle",
            "productShopPage": "https://tinwald.store.supervalue.co.nz/lines/v-pure-330ml-bottle",
            "productImageURL": "https://dtgxwmigmg3gc.cloudfront.net/imagery/assets/derivations/icon/512/512/true/eyJpZCI6ImFjZmFlNGE1MmQ1ZmNhOTVhN2IyNzdhOGQ3ZTBjNTY0Iiwic3RvcmFnZSI6InB1YmxpY19zdG9yZSJ9?signature=ff03797de044ef70d02854192249a79b3cd819353c7171ef7358378e76bfc089",
            "productDescription": ""
        },
        "priceData": {
            "bestPrice": "3.99",
            "price": "3.99",
            "pricePerLitre": 12.1,
            "bestPricePerLitre": 12.1
        },
        "store": {
            "id": "5e75aa25ec28665b04002bdb",
            "name": "Tinwald"
        },
        "timestamp": "2021-08-16T18:51:28.795867"
    },
    {
        "productData": {
            "name": "Monster Mule Ginger Brew 500ml",
            "productId": "monster-mule-ginger-brew-500ml",
            "productShopPage": "https://tinwald.store.supervalue.co.nz/lines/monster-mule-ginger-brew-500ml",
            "productImageURL": "https://dtgxwmigmg3gc.cloudfront.net/imagery/assets/derivations/icon/512/512/true/eyJpZCI6ImM1OTM5MTIyZTRlNmNhNzk0ODFlMDE4ZWVmMWE2Y2ZlIiwic3RvcmFnZSI6InB1YmxpY19zdG9yZSJ9?signature=5d11287f30ef58c148e37382d61c0d83097d5461683a9aa5dd9456941c1f32e5",
            "productDescription": ""
        },
        "priceData": {
            "bestPrice": "2.60",
            "price": "2.60",
            "pricePerLitre": 5.2,
            "bestPricePerLitre": 5.2
        },
        "store": {
            "id": "5e75aa25ec28665b04002bdb",
            "name": "Tinwald"
        },
        "timestamp": "2021-08-16T18:51:34.275673"
    },
    {
        "productData": {
            "name": "Monster Energy 4x500ml Cans",
            "productId": "monster-energy-4x500ml-cans",
            "productShopPage": "https://tinwald.store.supervalue.co.nz/lines/monster-energy-4x500ml-cans",
            "productImageURL": "https://dtgxwmigmg3gc.cloudfront.net/imagery/assets/derivations/icon/512/512/true/eyJpZCI6ImQyNWU2MTgwNzVhMmI4MmZmMGU2YmY0OGRlYmRmNTM4Iiwic3RvcmFnZSI6InB1YmxpY19zdG9yZSJ9?signature=afd9c2e0498b55fa2db714a09690152069344eca7b7dddeeb315405178827c0a",
            "productDescription": ""
        },
        "priceData": {
            "bestPrice": "12.49",
            "price": "12.49",
            "pricePerLitre": 6.2,
            "bestPricePerLitre": 6.2
        },
        "store": {
            "id": "5e75aa25ec28665b04002bdb",
            "name": "Tinwald"
        },
        "timestamp": "2021-08-16T18:51:36.005999"
    },
    {
        "productData": {
            "name": "Monster Energy Pipeline Punch 500ml",
            "productId": "monster-energy-pipeline-punch-500ml",
            "productShopPage": "https://tinwald.store.supervalue.co.nz/lines/monster-energy-pipeline-punch-500ml",
            "productImageURL": "https://dtgxwmigmg3gc.cloudfront.net/imagery/assets/derivations/icon/512/512/true/eyJpZCI6IjM3ZWY2OTY5OWFlNTJlZTRjNTY1ZmFmYWIwOTIxMjg4Iiwic3RvcmFnZSI6InB1YmxpY19zdG9yZSJ9?signature=79ed6699c35bd716a9d5d9457c39ce62c523edaa4059b6b45d4dcc7caf65cef9",
            "productDescription": ""
        },
        "priceData": {
            "bestPrice": "2.60",
            "price": "2.60",
            "pricePerLitre": 5.2,
            "bestPricePerLitre": 5.2
        },
        "store": {
            "id": "5e75aa25ec28665b04002bdb",
            "name": "Tinwald"
        },
        "timestamp": "2021-08-16T18:51:37.988157"
    },
    {
        "productData": {
            "name": "Live Plus Energy Drink Citrus Flavour 500ml",
            "productId": "live-plus-persist-500ml",
            "productShopPage": "https://tinwald.store.supervalue.co.nz/lines/live-plus-persist-500ml",
            "productImageURL": "https://dtgxwmigmg3gc.cloudfront.net/imagery/assets/derivations/icon/512/512/true/eyJpZCI6IjFlNWQ5YzI4OWM1N2UzNmYzZmI2NThlMDQzZTI3ZjE4Iiwic3RvcmFnZSI6InB1YmxpY19zdG9yZSJ9?signature=756b17fefe47174b90e7dbec8cd09db27f9f59f4994bc750b71256ae93ba9fa8",
            "productDescription": ""
        },
        "priceData": {
            "bestPrice": "2.20",
            "price": "2.20",
            "pricePerLitre": 4.4,
            "bestPricePerLitre": 4.4
        },
        "store": {
            "id": "5e75aa25ec28665b04002bdb",
            "name": "Tinwald"
        },
        "timestamp": "2021-08-16T18:51:38.960111"
    },
    {
        "productData": {
            "name": "V Guarana Energy Drink Blue Sugarfree 250ml",
            "productId": "v-blue-sugarfree-energy-drink-250ml",
            "productShopPage": "https://tinwald.store.supervalue.co.nz/lines/v-blue-sugarfree-energy-drink-250ml",
            "productImageURL": "https://dtgxwmigmg3gc.cloudfront.net/imagery/assets/derivations/icon/512/512/true/eyJpZCI6IjI3YWJiOTVhYjNhMjEwMDU2MWJhMmRhNTM3YjRhZjVmIiwic3RvcmFnZSI6InB1YmxpY19zdG9yZSJ9?signature=66769306ca1d0ba674603954d338186dc999f6d1839090d49fde9416b3252365",
            "productDescription": ""
        },
        "priceData": {
            "bestPrice": "2.50",
            "price": "2.50",
            "pricePerLitre": 10.0,
            "bestPricePerLitre": 10.0
        },
        "store": {
            "id": "5e75aa25ec28665b04002bdb",
            "name": "Tinwald"
        },
        "timestamp": "2021-08-16T18:51:40.917544"
    },
    {
        "productData": {
            "name": "Live Plus Energy Drink Original Citrus Flavour 355ml",
            "productId": "live-plus-persist-glass-355ml",
            "productShopPage": "https://tinwald.store.supervalue.co.nz/lines/live-plus-persist-glass-355ml",
            "productImageURL": "https://dtgxwmigmg3gc.cloudfront.net/imagery/assets/derivations/icon/512/512/true/eyJpZCI6ImYzMjZlMTdmMmI5ZGRjZGYzYmFmNzNiMWQzN2Y5NDI4Iiwic3RvcmFnZSI6InB1YmxpY19zdG9yZSJ9?signature=8fa31eb2b309e9c7a293ba2e7a7541e3cdc686b1d3f519044aa97c666ae5f630",
            "productDescription": ""
        },
        "priceData": {
            "bestPrice": "2.10",
            "price": "2.10",
            "pricePerLitre": 5.8999999999999995,
            "bestPricePerLitre": 5.8999999999999995
        },
        "store": {
            "id": "5e75aa25ec28665b04002bdb",
            "name": "Tinwald"
        },
        "timestamp": "2021-08-16T18:51:42.768319"
    },
    {
        "productData": {
            "name": "Rockstar Punched Energy Guava 500ml",
            "productId": "rockstar-punched-energy-guava-500ml",
            "productShopPage": "https://tinwald.store.supervalue.co.nz/lines/rockstar-punched-energy-guava-500ml",
            "productImageURL": "https://dtgxwmigmg3gc.cloudfront.net/imagery/assets/derivations/icon/512/512/true/eyJpZCI6IjBmNGEyNjU2MGQwM2Y4OGI4MWE3ZTMyODUzYTRlN2QyIiwic3RvcmFnZSI6InB1YmxpY19zdG9yZSJ9?signature=fab45ac774e74d87cf7a79de075f47290676fd6d4afcf212198c745670d5ce29",
            "productDescription": ""
        },
        "priceData": {
            "bestPrice": "2.20",
            "price": "2.20",
            "pricePerLitre": 4.4,
            "bestPricePerLitre": 4.4
        },
        "store": {
            "id": "5e75aa25ec28665b04002bdb",
            "name": "Tinwald"
        },
        "timestamp": "2021-08-16T18:51:48.077356"
    },
    {
        "productData": {
            "name": "Mother Kicked Apple 500ml",
            "productId": "mother-kicked-apple-500ml",
            "productShopPage": "https://paetiki.store.supervalue.co.nz/lines/mother-kicked-apple-500ml",
            "productImageURL": "https://dtgxwmigmg3gc.cloudfront.net/imagery/assets/derivations/icon/512/512/true/eyJpZCI6IjNhZTlkYjkwYTM4MDFjMGEwYjUwYThhMDAwYjkyZjM0Iiwic3RvcmFnZSI6InB1YmxpY19zdG9yZSJ9?signature=c1a1db0a5d7b074c388cf08560fd44a4a2b6127821554198e54eeea8474325f6",
            "productDescription": ""
        },
        "priceData": {
            "bestPrice": "2.20",
            "price": "2.20",
            "pricePerLitre": 4.4,
            "bestPricePerLitre": 4.4
        },
        "store": {
            "id": "5e792afb60b75a6572069c0e",
            "name": "Paetiki"
        },
        "timestamp": "2021-08-16T18:57:50.216819"
    },
    {
        "productData": {
            "name": "Monster Energy Ultra Paradise 500ml",
            "productId": "monster-energy-drink-ultra-paradise-500ml",
            "productShopPage": "https://paetiki.store.supervalue.co.nz/lines/monster-energy-drink-ultra-paradise-500ml",
            "productImageURL": "https://dtgxwmigmg3gc.cloudfront.net/imagery/assets/derivations/icon/512/512/true/eyJpZCI6ImZiZDRkZTQxNzA0M2FiYTUyMjMwZWI0NTcyZGNmYTE1Iiwic3RvcmFnZSI6InB1YmxpY19zdG9yZSJ9?signature=8a439bf26b71114289dfea1720ed331b1e4784c534deade29db8ac38b1cc7c1a",
            "productDescription": ""
        },
        "priceData": {
            "bestPrice": "2.60",
            "price": "2.60",
            "pricePerLitre": 5.2,
            "bestPricePerLitre": 5.2
        },
        "store": {
            "id": "5e792afb60b75a6572069c0e",
            "name": "Paetiki"
        },
        "timestamp": "2021-08-16T18:57:53.379865"
    },
    {
        "productData": {
            "name": "Monster Energy Ultra Sunrise 500ml",
            "productId": "monster-energy-ultra-sunrise-500ml",
            "productShopPage": "https://paetiki.store.supervalue.co.nz/lines/monster-energy-ultra-sunrise-500ml",
            "productImageURL": "https://dtgxwmigmg3gc.cloudfront.net/imagery/assets/derivations/icon/512/512/true/eyJpZCI6ImFlNTVkY2RiZTZiZjg3OGZjZTdlOTU1OTFhMDE4YTdiIiwic3RvcmFnZSI6InB1YmxpY19zdG9yZSJ9?signature=b98350feca08b6ab128cc925fef23a58f65a36f94ede15cb2174f6f88a0f8a0f",
            "productDescription": ""
        },
        "priceData": {
            "bestPrice": "2.60",
            "price": "2.60",
            "pricePerLitre": 5.2,
            "bestPricePerLitre": 5.2
        },
        "store": {
            "id": "5e792afb60b75a6572069c0e",
            "name": "Paetiki"
        },
        "timestamp": "2021-08-16T18:57:54.458907"
    },
    {
        "productData": {
            "name": "Monster Energy Ultra Zero 500ml",
            "productId": "monster-energy-ultra-zero-500ml",
            "productShopPage": "https://paetiki.store.supervalue.co.nz/lines/monster-energy-ultra-zero-500ml",
            "productImageURL": "https://dtgxwmigmg3gc.cloudfront.net/imagery/assets/derivations/icon/512/512/true/eyJpZCI6IjdhN2FhYTUwZWU2NTYwYjBiNGY1NThhMTgwNmVlODI3Iiwic3RvcmFnZSI6InB1YmxpY19zdG9yZSJ9?signature=7907c49ba7d043175a426f84a71776de7dd51fa5c249237063aca9cb098abdbe",
            "productDescription": ""
        },
        "priceData": {
            "bestPrice": "2.60",
            "price": "2.60",
            "pricePerLitre": 5.2,
            "bestPricePerLitre": 5.2
        },
        "store": {
            "id": "5e792afb60b75a6572069c0e",
            "name": "Paetiki"
        },
        "timestamp": "2021-08-16T18:57:55.363553"
    },
    {
        "productData": {
            "name": "Monster Energy Drink Can Green 500ml",
            "productId": "monster-energy-green-500ml",
            "productShopPage": "https://paetiki.store.supervalue.co.nz/lines/monster-energy-green-500ml",
            "productImageURL": "https://dtgxwmigmg3gc.cloudfront.net/imagery/assets/derivations/icon/512/512/true/eyJpZCI6ImU3ZjNiNjJiNzI4Y2M0MTIxMjhiNjQ2ZmQ2OTQzMGEzIiwic3RvcmFnZSI6InB1YmxpY19zdG9yZSJ9?signature=637eac56411f57a79f345ea693f1418330d5742c3a04caddb460696dba06da06",
            "productDescription": ""
        },
        "priceData": {
            "bestPrice": "2.60",
            "price": "2.60",
            "pricePerLitre": 5.2,
            "bestPricePerLitre": 5.2
        },
        "store": {
            "id": "5e792afb60b75a6572069c0e",
            "name": "Paetiki"
        },
        "timestamp": "2021-08-16T18:57:56.419438"
    },
    {
        "productData": {
            "name": "Monster Energy Drink Ultra Rosa 500ml",
            "productId": "monster-energy-drink-ultra-rosa-500ml",
            "productShopPage": "https://paetiki.store.supervalue.co.nz/lines/monster-energy-drink-ultra-rosa-500ml",
            "productImageURL": "https://dtgxwmigmg3gc.cloudfront.net/imagery/assets/derivations/icon/512/512/true/eyJpZCI6IjZjYzFjMzcwYzM4Mzk4N2MyOTUzNWIyMTFjZTJlYjgxIiwic3RvcmFnZSI6InB1YmxpY19zdG9yZSJ9?signature=9cd08284785f9b24647ecc7d1dc08214d9d00318cc809bebdef1921d6b78bb95",
            "productDescription": ""
        },
        "priceData": {
            "bestPrice": "2.60",
            "price": "2.60",
            "pricePerLitre": 5.2,
            "bestPricePerLitre": 5.2
        },
        "store": {
            "id": "5e792afb60b75a6572069c0e",
            "name": "Paetiki"
        },
        "timestamp": "2021-08-16T18:57:57.359359"
    },
    {
        "productData": {
            "name": "Mother Energy Drink Berry 500ml",
            "productId": "mother-energy-drink-berry-500ml",
            "productShopPage": "https://paetiki.store.supervalue.co.nz/lines/mother-energy-drink-berry-500ml",
            "productImageURL": "https://dtgxwmigmg3gc.cloudfront.net/imagery/assets/derivations/icon/512/512/true/eyJpZCI6ImRhYTJlNjUzNzRjZjViNjI0ZDljNzUzNDA3YmE0ZDFkIiwic3RvcmFnZSI6InB1YmxpY19zdG9yZSJ9?signature=d9ffb465d71d599811c2ff7a788845bfe297eb3624ad7866a89cf0b3ece073f0",
            "productDescription": ""
        },
        "priceData": {
            "bestPrice": "2.20",
            "price": "2.20",
            "pricePerLitre": 4.4,
            "bestPricePerLitre": 4.4
        },
        "store": {
            "id": "5e792afb60b75a6572069c0e",
            "name": "Paetiki"
        },
        "timestamp": "2021-08-16T18:57:59.965720"
    },
    {
        "productData": {
            "name": "Mother Energy Drink Black 500ml",
            "productId": "mother-energy-drink-black-500ml",
            "productShopPage": "https://paetiki.store.supervalue.co.nz/lines/mother-energy-drink-black-500ml",
            "productImageURL": "https://dtgxwmigmg3gc.cloudfront.net/imagery/assets/derivations/icon/512/512/true/eyJpZCI6ImYyMzA5MjhkYjg3ODFhYmYzZDU3ZjE1YjNmYzU2MWFjIiwic3RvcmFnZSI6InB1YmxpY19zdG9yZSJ9?signature=d3dbddb83d3d457075cd5d8936bef0c5b48fce4fa3fe725995d8b6d57219ceb5",
            "productDescription": ""
        },
        "priceData": {
            "bestPrice": "2.20",
            "price": "2.20",
            "pricePerLitre": 4.4,
            "bestPricePerLitre": 4.4
        },
        "store": {
            "id": "5e792afb60b75a6572069c0e",
            "name": "Paetiki"
        },
        "timestamp": "2021-08-16T18:58:01.103246"
    },
    {
        "productData": {
            "name": "Mother Energy Drink Passion 500ml",
            "productId": "mother-energy-drink-passion-500ml",
            "productShopPage": "https://paetiki.store.supervalue.co.nz/lines/mother-energy-drink-passion-500ml",
            "productImageURL": "https://dtgxwmigmg3gc.cloudfront.net/imagery/assets/derivations/icon/512/512/true/eyJpZCI6ImQwODE2YTc4ZjBmNGU4NTU5Mzg1YjkxZmI5YjIzZjM0Iiwic3RvcmFnZSI6InB1YmxpY19zdG9yZSJ9?signature=713c495fef96a6427b917f0c7c7e855a963749ac5c1bf7dfd71e24ae08ea3123",
            "productDescription": ""
        },
        "priceData": {
            "bestPrice": "2.20",
            "price": "2.20",
            "pricePerLitre": 4.4,
            "bestPricePerLitre": 4.4
        },
        "store": {
            "id": "5e792afb60b75a6572069c0e",
            "name": "Paetiki"
        },
        "timestamp": "2021-08-16T18:58:02.840804"
    },
    {
        "productData": {
            "name": "Mother Tropical Blast 500ml",
            "productId": "mother-tropical-blast-500ml",
            "productShopPage": "https://paetiki.store.supervalue.co.nz/lines/mother-tropical-blast-500ml",
            "productImageURL": "https://dtgxwmigmg3gc.cloudfront.net/imagery/assets/derivations/icon/512/512/true/eyJpZCI6ImEyZmM1OTUwNDhlODM5YTRhMjQ2MTI1OGEyYzNlZWZhIiwic3RvcmFnZSI6InB1YmxpY19zdG9yZSJ9?signature=6c9470ee4067e8ec32b58eeac9d628404d3986058a9b1cdef46014d1bee50944",
            "productDescription": ""
        },
        "priceData": {
            "bestPrice": "2.20",
            "price": "2.20",
            "pricePerLitre": 4.4,
            "bestPricePerLitre": 4.4
        },
        "store": {
            "id": "5e792afb60b75a6572069c0e",
            "name": "Paetiki"
        },
        "timestamp": "2021-08-16T18:58:03.824836"
    },
    {
        "productData": {
            "name": "Mother Epic Swell Energy Drink Twisted Apple 500ml",
            "productId": "mother-epic-swell-energy-drink-twisted-apple-500ml",
            "productShopPage": "https://paetiki.store.supervalue.co.nz/lines/mother-epic-swell-energy-drink-twisted-apple-500ml",
            "productImageURL": "https://dtgxwmigmg3gc.cloudfront.net/imagery/assets/derivations/icon/512/512/true/eyJpZCI6ImE2ZjYxOGNhNjUyYzMxNzRhNjg2MDBhMGVjZmQ3MmJkIiwic3RvcmFnZSI6InB1YmxpY19zdG9yZSJ9?signature=954f74f8aba0fb24cb2a5248b1e93fe8a62fb8c7f902abbb08b7aed24bc44c80",
            "productDescription": ""
        },
        "priceData": {
            "bestPrice": "2.20",
            "price": "2.20",
            "pricePerLitre": 4.4,
            "bestPricePerLitre": 4.4
        },
        "store": {
            "id": "5e792afb60b75a6572069c0e",
            "name": "Paetiki"
        },
        "timestamp": "2021-08-16T18:58:06.071959"
    },
    {
        "productData": {
            "name": "V Energy Drink Guarana 500ml",
            "productId": "v-energy-drink-guarana-500ml",
            "productShopPage": "https://paetiki.store.supervalue.co.nz/lines/v-energy-drink-guarana-500ml",
            "productImageURL": "https://dtgxwmigmg3gc.cloudfront.net/imagery/assets/derivations/icon/512/512/true/eyJpZCI6IjgzZDAxMjhiMzg4NmEwZmE4YTE2ZjY2NWIzNmM2NzI2Iiwic3RvcmFnZSI6InB1YmxpY19zdG9yZSJ9?signature=f55ecc561066291a4e74a967db35ea2355f881bd1708bf400fd790032384ae4f",
            "productDescription": ""
        },
        "priceData": {
            "bestPrice": "2.60",
            "price": "2.60",
            "pricePerLitre": 5.2,
            "bestPricePerLitre": 5.2
        },
        "store": {
            "id": "5e792afb60b75a6572069c0e",
            "name": "Paetiki"
        },
        "timestamp": "2021-08-16T18:58:08.743460"
    },
    {
        "productData": {
            "name": "V Energy Drink Sugarfree 500ml",
            "productId": "v-energy-drink-sugarfree-500ml",
            "productShopPage": "https://paetiki.store.supervalue.co.nz/lines/v-energy-drink-sugarfree-500ml",
            "productImageURL": "https://dtgxwmigmg3gc.cloudfront.net/imagery/assets/derivations/icon/512/512/true/eyJpZCI6ImVkZTAxNTNmMDI1NmU1NDZjNWQ5MTc3MjE3ZTQ3YTQ0Iiwic3RvcmFnZSI6InB1YmxpY19zdG9yZSJ9?signature=abcf72d9faa9ee3044eaa3b7ee0bf9b4fd8f582379018d8727f2234b7d3f3c85",
            "productDescription": ""
        },
        "priceData": {
            "bestPrice": "2.60",
            "price": "2.60",
            "pricePerLitre": 5.2,
            "bestPricePerLitre": 5.2
        },
        "store": {
            "id": "5e792afb60b75a6572069c0e",
            "name": "Paetiki"
        },
        "timestamp": "2021-08-16T18:58:09.726164"
    },
    {
        "productData": {
            "name": "V Energy Drink Blue Guarana Spritzed 350ml",
            "productId": "v-blue-energy-drink-blue-guarana-spritzed-350ml",
            "productShopPage": "https://paetiki.store.supervalue.co.nz/lines/v-blue-energy-drink-blue-guarana-spritzed-350ml",
            "productImageURL": "https://dtgxwmigmg3gc.cloudfront.net/imagery/assets/derivations/icon/512/512/true/eyJpZCI6ImY2OTRlZGI4NjdlNWMzZDM5NzgzMDQ0ODFkMzUxZGZiIiwic3RvcmFnZSI6InB1YmxpY19zdG9yZSJ9?signature=591b3079cb9c2407a29b3bc348eaf42dc1d34daba5c9d7aba65be654725b6719",
            "productDescription": ""
        },
        "priceData": {
            "bestPrice": "3.99",
            "price": "3.99",
            "pricePerLitre": 11.399999999999999,
            "bestPricePerLitre": 11.399999999999999
        },
        "store": {
            "id": "5e792afb60b75a6572069c0e",
            "name": "Paetiki"
        },
        "timestamp": "2021-08-16T18:58:12.427981"
    },
    {
        "productData": {
            "name": "V Energy Drink Green Guarana 350ml",
            "productId": "v-energy-drink-green-guarana-350ml",
            "productShopPage": "https://paetiki.store.supervalue.co.nz/lines/v-energy-drink-green-guarana-350ml",
            "productImageURL": "https://dtgxwmigmg3gc.cloudfront.net/imagery/assets/derivations/icon/512/512/true/eyJpZCI6IjRiNjY4ZjYxOTQ2ODYyN2MzM2NiZWMyNGUyNmIyODk4Iiwic3RvcmFnZSI6InB1YmxpY19zdG9yZSJ9?signature=4cded9cb42349eef45a593461f311b1bb7fa881295733879671ad9fe9887d30c",
            "productDescription": ""
        },
        "priceData": {
            "bestPrice": "3.99",
            "price": "3.99",
            "pricePerLitre": 11.399999999999999,
            "bestPricePerLitre": 11.399999999999999
        },
        "store": {
            "id": "5e792afb60b75a6572069c0e",
            "name": "Paetiki"
        },
        "timestamp": "2021-08-16T18:58:13.523278"
    },
    {
        "productData": {
            "name": "V Energy Drink Guarana Can 250ml",
            "productId": "v-energy-drink-guarana-can-250ml",
            "productShopPage": "https://paetiki.store.supervalue.co.nz/lines/v-energy-drink-guarana-can-250ml",
            "productImageURL": "https://dtgxwmigmg3gc.cloudfront.net/imagery/assets/derivations/icon/512/512/true/eyJpZCI6Ijc3Nzk1NjE2ZDhhNmFiMThhYzEzODYzOTg2ZmNkNzgwIiwic3RvcmFnZSI6InB1YmxpY19zdG9yZSJ9?signature=f5de1854d43e19cc62bff86893d4a55615cd916f8425a4dccd170b52eba81255",
            "productDescription": ""
        },
        "priceData": {
            "bestPrice": "2.50",
            "price": "2.50",
            "pricePerLitre": 10.0,
            "bestPricePerLitre": 10.0
        },
        "store": {
            "id": "5e792afb60b75a6572069c0e",
            "name": "Paetiki"
        },
        "timestamp": "2021-08-16T18:58:14.611376"
    },
    {
        "productData": {
            "name": "V Energy Drink Guarana Can 500ml",
            "productId": "v-energy-drink-guarana-can-500ml",
            "productShopPage": "https://paetiki.store.supervalue.co.nz/lines/v-energy-drink-guarana-can-500ml",
            "productImageURL": "https://dtgxwmigmg3gc.cloudfront.net/imagery/assets/derivations/icon/512/512/true/eyJpZCI6ImI0NjgzNGZjNDRkMjU0MjgzYzJjZGNhMzA2NWIxYjA5Iiwic3RvcmFnZSI6InB1YmxpY19zdG9yZSJ9?signature=265e8273409849423466e7623cbbdf8352940707b8830803eec391e8f32c9c5f",
            "productDescription": ""
        },
        "priceData": {
            "bestPrice": "3.60",
            "price": "3.60",
            "pricePerLitre": 7.199999999999999,
            "bestPricePerLitre": 7.199999999999999
        },
        "store": {
            "id": "5e792afb60b75a6572069c0e",
            "name": "Paetiki"
        },
        "timestamp": "2021-08-16T18:58:15.481965"
    },
    {
        "productData": {
            "name": "V Energy Drink Sugar Free Guarana 500ml",
            "productId": "v-energy-drink-sugar-free-guarana-500ml",
            "productShopPage": "https://paetiki.store.supervalue.co.nz/lines/v-energy-drink-sugar-free-guarana-500ml",
            "productImageURL": "https://dtgxwmigmg3gc.cloudfront.net/imagery/assets/derivations/icon/512/512/true/eyJpZCI6Ijg4MGExMDYxOTY4NTJiYzM1ZTExMmU2MGE2OWYxNDE3Iiwic3RvcmFnZSI6InB1YmxpY19zdG9yZSJ9?signature=b0536d25b9da8158705e24c88e21fabbf85c1dabc19f18108c386e956ffd7045",
            "productDescription": ""
        },
        "priceData": {
            "bestPrice": "3.60",
            "price": "3.60",
            "pricePerLitre": 7.199999999999999,
            "bestPricePerLitre": 7.199999999999999
        },
        "store": {
            "id": "5e792afb60b75a6572069c0e",
            "name": "Paetiki"
        },
        "timestamp": "2021-08-16T18:58:18.277048"
    },
    {
        "productData": {
            "name": "V Energy Drink Skills Cans 275ml 4 Pack",
            "productId": "v-energy-drink-skills-cans-275ml-4-pack",
            "productShopPage": "https://paetiki.store.supervalue.co.nz/lines/v-energy-drink-skills-cans-275ml-4-pack",
            "productImageURL": "https://dtgxwmigmg3gc.cloudfront.net/imagery/assets/derivations/icon/512/512/true/eyJpZCI6ImZhMzA2N2NiM2YxMmVkM2ZhZjhhYmM4OGE1YTJhNzczIiwic3RvcmFnZSI6InB1YmxpY19zdG9yZSJ9?signature=34fcde8f5a021036c475a1dfff6748625e0747bb134ec737312b15bbe8e883eb",
            "productDescription": ""
        },
        "priceData": {
            "bestPrice": "8.00",
            "price": "8.00",
            "pricePerLitre": 7.3,
            "bestPricePerLitre": 7.3
        },
        "store": {
            "id": "5e792afb60b75a6572069c0e",
            "name": "Paetiki"
        },
        "timestamp": "2021-08-16T18:58:19.333041"
    },
    {
        "productData": {
            "name": "V Guarana Energy Drink Fridge Pack 10x200ml",
            "productId": "v-guarana-energy-drink-fridge-pack-10x200ml",
            "productShopPage": "https://paetiki.store.supervalue.co.nz/lines/v-guarana-energy-drink-fridge-pack-10x200ml",
            "productImageURL": "https://dtgxwmigmg3gc.cloudfront.net/imagery/assets/derivations/icon/512/512/true/eyJpZCI6IjBlMjAzZTJiY2QyZDVhYzQ2NGY2NzhmMDFkMmM3YjBhIiwic3RvcmFnZSI6InB1YmxpY19zdG9yZSJ9?signature=a3283c38928a5e2c367f0886f5948460cf671d41affa4dd3a2634f1621779d47",
            "productDescription": ""
        },
        "priceData": {
            "bestPrice": "15.00",
            "price": "15.00",
            "pricePerLitre": 7.5,
            "bestPricePerLitre": 7.5
        },
        "store": {
            "id": "5e792afb60b75a6572069c0e",
            "name": "Paetiki"
        },
        "timestamp": "2021-08-16T18:58:20.363723"
    },
    {
        "productData": {
            "name": "V Blue Energy Drink Bottle 500ml",
            "productId": "v-blue-energy-drink-bottle-500ml",
            "productShopPage": "https://paetiki.store.supervalue.co.nz/lines/v-blue-energy-drink-bottle-500ml",
            "productImageURL": "https://dtgxwmigmg3gc.cloudfront.net/imagery/assets/derivations/icon/512/512/true/eyJpZCI6IjgyYWYxYWY4MGI4MzUxODhiYmVhZGVhM2U2NzY0MzI5Iiwic3RvcmFnZSI6InB1YmxpY19zdG9yZSJ9?signature=7e70fc576864a528a1431734d680cbf177a11b419a692dbfd34800c31b8944ec",
            "productDescription": ""
        },
        "priceData": {
            "bestPrice": "2.60",
            "price": "2.60",
            "pricePerLitre": 5.2,
            "bestPricePerLitre": 5.2
        },
        "store": {
            "id": "5e792afb60b75a6572069c0e",
            "name": "Paetiki"
        },
        "timestamp": "2021-08-16T18:58:21.403057"
    },
    {
        "productData": {
            "name": "V Blue Energy Drink Blue Guarana Can 250ml",
            "productId": "v-blue-energy-drink-blue-guarana-can-250ml",
            "productShopPage": "https://paetiki.store.supervalue.co.nz/lines/v-blue-energy-drink-blue-guarana-can-250ml",
            "productImageURL": "https://dtgxwmigmg3gc.cloudfront.net/imagery/assets/derivations/icon/512/512/true/eyJpZCI6IjBmZjQwNDEyZWQ2ZDk4YTg3YWQ2ZDUyMWZlNjM1YzJkIiwic3RvcmFnZSI6InB1YmxpY19zdG9yZSJ9?signature=8f745abe5614ec47b3d7a07f1a34ba529184a87b2a696211ba5a0f9f29c86bf0",
            "productDescription": ""
        },
        "priceData": {
            "bestPrice": "2.50",
            "price": "2.50",
            "pricePerLitre": 10.0,
            "bestPricePerLitre": 10.0
        },
        "store": {
            "id": "5e792afb60b75a6572069c0e",
            "name": "Paetiki"
        },
        "timestamp": "2021-08-16T18:58:25.946841"
    },
    {
        "productData": {
            "name": "V Blue Energy Drink Blue Guarana Can 500ml",
            "productId": "v-blue-energy-drink-blue-guarana-can-500ml",
            "productShopPage": "https://paetiki.store.supervalue.co.nz/lines/v-blue-energy-drink-blue-guarana-can-500ml",
            "productImageURL": "https://dtgxwmigmg3gc.cloudfront.net/imagery/assets/derivations/icon/512/512/true/eyJpZCI6ImFmYjEyYjVjYTU2YWI5ZDJhMTVmNGY2MDg2NWFlNzgxIiwic3RvcmFnZSI6InB1YmxpY19zdG9yZSJ9?signature=b537a8cc5a2c0f90f1702b2c541db44c3a740a0ec4a96e92ab2d6537f9320e8d",
            "productDescription": ""
        },
        "priceData": {
            "bestPrice": "3.60",
            "price": "3.60",
            "pricePerLitre": 7.199999999999999,
            "bestPricePerLitre": 7.199999999999999
        },
        "store": {
            "id": "5e792afb60b75a6572069c0e",
            "name": "Paetiki"
        },
        "timestamp": "2021-08-16T18:58:26.887341"
    },
    {
        "productData": {
            "name": "V Iced Coffee Guarana Energy 500ml",
            "productId": "v-iced-coffee-guarana-energy-500ml",
            "productShopPage": "https://paetiki.store.supervalue.co.nz/lines/v-iced-coffee-guarana-energy-500ml",
            "productImageURL": "https://dtgxwmigmg3gc.cloudfront.net/imagery/assets/derivations/icon/512/512/true/eyJpZCI6ImM0Zjc4YjRmYWVjMjk0NTJkZTNkYzZjNmY5MzBlMjU2Iiwic3RvcmFnZSI6InB1YmxpY19zdG9yZSJ9?signature=14312b2813aab9c1ad551700ec97cd58a3a7f95bef4d0bd7ae7aa2dcf8fcdc9d",
            "productDescription": ""
        },
        "priceData": {
            "bestPrice": "4.19",
            "price": "4.19"
        },
        "store": {
            "id": "5e792afb60b75a6572069c0e",
            "name": "Paetiki"
        },
        "timestamp": "2021-08-16T18:58:27.771079"
    },
    {
        "productData": {
            "name": "V Energy Drink Sugar Free Guarana Bottle 350ml",
            "productId": "v-energy-drink-sugar-free-guarana-bottle-350ml",
            "productShopPage": "https://paetiki.store.supervalue.co.nz/lines/v-energy-drink-sugar-free-guarana-bottle-350ml",
            "productImageURL": "https://dtgxwmigmg3gc.cloudfront.net/imagery/assets/derivations/icon/512/512/true/eyJpZCI6IjQzYmZlOTg1YzY2ZGQ0ZDI1YzUyZDk3MGJhMmJhMGM3Iiwic3RvcmFnZSI6InB1YmxpY19zdG9yZSJ9?signature=7a4bb3eb2264f52495ae9ba8fbf21b5a3e59e12c0d6208cfa1591261da333f55",
            "productDescription": ""
        },
        "priceData": {
            "bestPrice": "3.99",
            "price": "3.99",
            "pricePerLitre": 11.399999999999999,
            "bestPricePerLitre": 11.399999999999999
        },
        "store": {
            "id": "5e792afb60b75a6572069c0e",
            "name": "Paetiki"
        },
        "timestamp": "2021-08-16T18:58:30.743592"
    },
    {
        "productData": {
            "name": "Monster Mule Ginger Brew 500ml",
            "productId": "monster-mule-ginger-brew-500ml",
            "productShopPage": "https://paetiki.store.supervalue.co.nz/lines/monster-mule-ginger-brew-500ml",
            "productImageURL": "https://dtgxwmigmg3gc.cloudfront.net/imagery/assets/derivations/icon/512/512/true/eyJpZCI6ImM1OTM5MTIyZTRlNmNhNzk0ODFlMDE4ZWVmMWE2Y2ZlIiwic3RvcmFnZSI6InB1YmxpY19zdG9yZSJ9?signature=5d11287f30ef58c148e37382d61c0d83097d5461683a9aa5dd9456941c1f32e5",
            "productDescription": ""
        },
        "priceData": {
            "bestPrice": "2.60",
            "price": "2.60",
            "pricePerLitre": 5.2,
            "bestPricePerLitre": 5.2
        },
        "store": {
            "id": "5e792afb60b75a6572069c0e",
            "name": "Paetiki"
        },
        "timestamp": "2021-08-16T18:58:40.121279"
    },
    {
        "productData": {
            "name": "Live Plus Energy Drink Citrus Flavour 500ml",
            "productId": "live-plus-persist-500ml",
            "productShopPage": "https://paetiki.store.supervalue.co.nz/lines/live-plus-persist-500ml",
            "productImageURL": "https://dtgxwmigmg3gc.cloudfront.net/imagery/assets/derivations/icon/512/512/true/eyJpZCI6IjFlNWQ5YzI4OWM1N2UzNmYzZmI2NThlMDQzZTI3ZjE4Iiwic3RvcmFnZSI6InB1YmxpY19zdG9yZSJ9?signature=756b17fefe47174b90e7dbec8cd09db27f9f59f4994bc750b71256ae93ba9fa8",
            "productDescription": ""
        },
        "priceData": {
            "bestPrice": "2.20",
            "price": "2.20",
            "pricePerLitre": 4.4,
            "bestPricePerLitre": 4.4
        },
        "store": {
            "id": "5e792afb60b75a6572069c0e",
            "name": "Paetiki"
        },
        "timestamp": "2021-08-16T18:58:44.846487"
    },
    {
        "productData": {
            "name": "V Guarana Energy Drink Blue Sugarfree 250ml",
            "productId": "v-blue-sugarfree-energy-drink-250ml",
            "productShopPage": "https://paetiki.store.supervalue.co.nz/lines/v-blue-sugarfree-energy-drink-250ml",
            "productImageURL": "https://dtgxwmigmg3gc.cloudfront.net/imagery/assets/derivations/icon/512/512/true/eyJpZCI6IjI3YWJiOTVhYjNhMjEwMDU2MWJhMmRhNTM3YjRhZjVmIiwic3RvcmFnZSI6InB1YmxpY19zdG9yZSJ9?signature=66769306ca1d0ba674603954d338186dc999f6d1839090d49fde9416b3252365",
            "productDescription": ""
        },
        "priceData": {
            "bestPrice": "2.50",
            "price": "2.50",
            "pricePerLitre": 10.0,
            "bestPricePerLitre": 10.0
        },
        "store": {
            "id": "5e792afb60b75a6572069c0e",
            "name": "Paetiki"
        },
        "timestamp": "2021-08-16T18:58:48.939618"
    },
    {
        "productData": {
            "name": "Live Plus Energy Drink Ignite 500ml",
            "productId": "live-plus-energy-drink-ignite-500ml",
            "productShopPage": "https://paetiki.store.supervalue.co.nz/lines/live-plus-energy-drink-ignite-500ml",
            "productImageURL": "https://dtgxwmigmg3gc.cloudfront.net/imagery/assets/derivations/icon/512/512/true/eyJpZCI6IjFkZThlMTA5NjUyNTgxZDc2ZDhiOWIxNjljYmVlOWVlIiwic3RvcmFnZSI6InB1YmxpY19zdG9yZSJ9?signature=5f73a57660afbef58a992f8c1d00558e127ddc20b4879ea1a95f2f74f8de2c57",
            "productDescription": ""
        },
        "priceData": {
            "bestPrice": "2.20",
            "price": "2.20",
            "pricePerLitre": 4.4,
            "bestPricePerLitre": 4.4
        },
        "store": {
            "id": "5e792afb60b75a6572069c0e",
            "name": "Paetiki"
        },
        "timestamp": "2021-08-16T18:59:14.711671"
    },
    {
        "productData": {
            "name": "Live Plus Energy Drink Persist Glass 355ml",
            "productId": "live-plus-energy-drink-persist-glass-355ml",
            "productShopPage": "https://paetiki.store.supervalue.co.nz/lines/live-plus-energy-drink-persist-glass-355ml",
            "productImageURL": "https://dtgxwmigmg3gc.cloudfront.net/imagery/assets/derivations/icon/512/512/true/eyJpZCI6IjBiMjhiZTQ0NDk1ODBiZWI4NDRkY2JhM2MxZDdhOTMwIiwic3RvcmFnZSI6InB1YmxpY19zdG9yZSJ9?signature=62025738d86469fbbd64cd53b03b4beee6372d1fbd30b8a9c5708ffdafeebf0d",
            "productDescription": ""
        },
        "priceData": {
            "bestPrice": "2.10",
            "price": "2.10",
            "pricePerLitre": 5.8999999999999995,
            "bestPricePerLitre": 5.8999999999999995
        },
        "store": {
            "id": "5e792afb60b75a6572069c0e",
            "name": "Paetiki"
        },
        "timestamp": "2021-08-16T18:59:24.148461"
    },
    {
        "productData": {
            "name": "Live Plus Live+ Ignite Energy Drink 6 x 250ml Cans",
            "productId": "live-plus-live-ignite-energy-drink-6x250ml-cans",
            "productShopPage": "https://paetiki.store.supervalue.co.nz/lines/live-plus-live-ignite-energy-drink-6x250ml-cans",
            "productImageURL": "https://dtgxwmigmg3gc.cloudfront.net/imagery/assets/derivations/icon/512/512/true/eyJpZCI6Ijk5ZTU3ZDdlN2RjYzc0ZmZlOWY0NGQxMDdkYTI5ZDI5Iiwic3RvcmFnZSI6InB1YmxpY19zdG9yZSJ9?signature=16b8b1fb6c1dbc73b4d1f0110b7542a3259cd273e9b6adea8e6570f5158d8342",
            "productDescription": ""
        },
        "priceData": {
            "bestPrice": "7.59",
            "price": "7.59",
            "pricePerLitre": 5.1,
            "bestPricePerLitre": 5.1
        },
        "store": {
            "id": "5e792afb60b75a6572069c0e",
            "name": "Paetiki"
        },
        "timestamp": "2021-08-16T18:59:25.035482"
    },
    {
        "productData": {
            "name": "Rockstar Punched Energy Guava 500ml",
            "productId": "rockstar-punched-energy-guava-500ml",
            "productShopPage": "https://paetiki.store.supervalue.co.nz/lines/rockstar-punched-energy-guava-500ml",
            "productImageURL": "https://dtgxwmigmg3gc.cloudfront.net/imagery/assets/derivations/icon/512/512/true/eyJpZCI6IjBmNGEyNjU2MGQwM2Y4OGI4MWE3ZTMyODUzYTRlN2QyIiwic3RvcmFnZSI6InB1YmxpY19zdG9yZSJ9?signature=fab45ac774e74d87cf7a79de075f47290676fd6d4afcf212198c745670d5ce29",
            "productDescription": ""
        },
        "priceData": {
            "bestPrice": "2.20",
            "price": "2.20",
            "pricePerLitre": 4.4,
            "bestPricePerLitre": 4.4
        },
        "store": {
            "id": "5e792afb60b75a6572069c0e",
            "name": "Paetiki"
        },
        "timestamp": "2021-08-16T18:59:26.868675"
    }
]